2209 3213
344 227 420 262 276
836 221 918 257 DE
942 219 1166 256 MUNDI
1187 216 1488 254 AETHEREI

342 329 534 366 extensas
547 328 672 367 fuissc,
687 327 958 363 crediderunt
970 327 1100 361 etiarn
1112 326 1156 360 in
1166 323 1249 360 hoc
1260 322 1640 369 Cometaidipsum
1650 322 1796 359 locum
1806 324 1979 363 mereri:

340 382 573 428 praesertim
595 391 693 416 cum
714 381 855 425 prima
871 378 1010 415 fronte
1028 388 1119 414 rem
1136 388 1227 413 non
1243 377 1432 422 penitius
1449 375 1787 422 explorantibus,
1810 377 1868 413 ita
1890 376 1979 419 esse,

340 435 594 481 potissimum
610 435 720 469 circa
733 434 855 468 initia
868 431 1168 477 Apparitionis
1181 431 1286 471 eius,
1303 428 1542 466 videbatur.
1561 428 1778 474 Quamuis
1790 440 1881 465 non
1893 428 1980 466 fine

340 488 519 524 Ratione
532 485 657 522 valde
670 485 875 525 dubitem,
888 496 946 521 an
959 483 1019 520 illi
1032 485 1163 520 etiam
1177 482 1387 524 Cometae,
1405 493 1515 528 quos
1527 482 1728 528 Apianus
1739 481 1776 518 8(
1788 481 1979 519 Gemma

339 539 491 576 Frisius
509 538 590 575 hoc
608 538 739 574 modo
757 538 1031 577 denotarunt,
1049 532 1063 585 ΙΙ
1081 535 1333 573 adamussim
1350 534 1510 582 vbique
1522 547 1548 572 a
1560 534 1660 572 Sole
1677 535 1865 572 caudam
1880 546 1977 581 por·
2002 539 2061 570 341

337 594 535 631 rexerint.
553 602 668 628 anne
681 590 718 627 &
730 590 774 627 hi
788 591 970 627 crassiori
983 588 1325 626 consideratione
1339 590 1541 632 contenti,
1559 586 1755 626 exactam
1767 587 1977 635 praecifio-

335 656 435 682 nem
458 644 539 681 hac
561 646 604 680 in
627 648 746 690 parte
768 643 1047 690 neglexerint.
1070 641 1201 687 Quod
1223 643 1355 679 etiam
1376 653 1429 678 ex
1449 641 1579 688 ipsius
1597 641 1801 678 Gemmae
1822 640 1977 684 verbis,

335 700 378 734 in
392 698 519 734 Libro
532 697 583 734 de
598 696 839 733 Astrolabio
853 695 1095 737 Catholico‚
1114 694 1256 742 colligi
1272 695 1382 741 posse
1395 694 1550 741 Capite
1563 694 1755 741 Septimo
1771 694 1976 732 indicaui.

334 751 417 788 Sed
435 750 539 786 nolo
555 749 622 786 his
639 749 950 796 exaggerandis
967 747 1387 794 comprobandisque
1399 747 1592 785 hocloco
1604 758 1776 784 moram
1788 745 1976 791 nectere2

335 803 541 849 liquidem
559 805 602 839 in
619 802 974 840 antecedentibus
991 800 1119 847 (dic'to
1132 801 1331 838 videlicet
1343 800 1516 848 Capite)
1532 799 1792 838 sufficienter
1809 812 1834 838 a
1850 801 1976 839 nobis
2018 811 2047 836 ιο

333 868 407 903 per
424 860 559 893 totam
576 855 773 892 Cometae
791 856 1067 892 durationem
1084 854 1441 892 Demonstratum
1461 854 1519 897 sit,
1543 865 1645 891 eum
1662 853 1866 891 Caudam
1884 865 1975 892 non

333 912 377 946 in
394 909 591 946 auersam
609 909 710 951 Soli,
728 908 796 946 sed
813 911 956 955 potius
973 908 1146 951 Veneri,
1163 912 1331 955 partem
1348 907 1588 951 extendisse,
1606 906 1643 944 8(
1659 906 1886 954 Angulum
1903 908 1973 945 de-

332 964 538 999 uiationis
553 962 606 999 ab
621 962 814 1008 opposito
827 962 938 999 Solis
956 961 1196 999 admodum
1213 961 1462 999 euidentem
1479 960 1727 1001 exhibuisse:
1744 960 1861 998 velut
1878 961 1973 998 haec

332 1015 542 1061 copiosius
560 1015 644 1052 illic
662 1020 952 1062 exponuntur.

384 1068 706 1105 Animaduertit
723 1070 855 1105 etiam
871 1068 1131 1111 Moestlinus,
1150 1068 1383 1106 Cometam
1399 1067 1517 1105 hunc
1533 1067 1775 1105 admodum
1790 1067 1971 1106 sensibili
2013 1077 2042 1102 15

331 1121 562 1159 interuallo
584 1122 770 1158 caudam
791 1121 912 1158 suam
934 1133 959 1159 a
980 1121 1092 1159 Solis
1113 1119 1274 1159 directa
1295 1121 1563 1168 oppositione
1584 1120 1807 1163 detorfisse;
1832 1121 1971 1168 Siqui-

331 1175 429 1212 dem
451 1174 560 1212 alias
581 1175 718 1212 multo
736 1174 961 1212 Borealior
978 1174 1066 1221 ipso
1085 1175 1239 1221 Capite
1260 1174 1335 1212 suo
1357 1172 1488 1212 dudlu
1505 1174 1706 1217 extitisset,
1728 1175 1803 1221 qui
1823 1179 1971 1212 tamen

332 1227 570 1265 Australior
582 1228 740 1274 vbique
757 1228 1025 1269 cernebatur,
1042 1227 1159 1265 velut
1175 1227 1264 1274 ipsa
1281 1230 1413 1266 etiam
1423 1227 1638 1265 Thaddaei
1649 1227 1807 1275 Figura
1818 1239 1913 1275 pag.
1926 1229 1970 1266 11.

331 1281 393 1317 sui
406 1280 557 1327 Scripti
569 1281 621 1318 de
633 1281 818 1318 Cometa
829 1280 924 1323 hoc,
938 1280 1117 1328 depicta.
1131 1281 1321 1319 ostendit.
1333 1281 1479 1328 Atque
1491 1280 1586 1319 haec
1598 1281 1650 1318 de
1661 1280 1816 1328 Capite
1826 1281 1971 1319 Primo

331 1333 554 1371 sufficiant.

384 1386 451 1423 De
468 1388 519 1434 ijs
536 1398 635 1433 quae
653 1387 862 1425 CAPITE
879 1387 1159 1425 SECVNDO
1181 1390 1397 1434 proponit,
1418 1387 1617 1425 videlicet
1633 1399 1733 1434 quae
1749 1387 1805 1426 ad
1821 1387 1971 1426 causas

330 1439 616 1487 Astrologicas
627 1440 937 1478 Generationis
949 1441 1235 1479 Cometarum
1245 1443 1439 1485 attinent,
1450 1440 1561 1478 nihil
1570 1441 1689 1479 aliud
1699 1441 1842 1479 habeo
1852 1441 1970 1488 quod

330 1493 483 1534 dicam,
501 1505 635 1539 quam
652 1494 769 1540 quod
785 1494 915 1540 plane
928 1506 1028 1531 cum
1039 1494 1114 1531 illo
1126 1494 1321 1539 sentiam,
1339 1495 1546 1533 Cometas
1558 1506 1611 1532 ex
1623 1493 1858 1532 Influentia
1869 1507 1969 1532 con-

328 1545 594 1583 stitutionum
615 1547 903 1593 peculiarium
920 1547 1201 1585 Planetarum
1221 1548 1474 1586 nullatenus
1493 1549 1724 1595 procreari,
1747 1548 1910 1586 nedum
1925 1553 1969 1586 vt

329 1599 428 1636 inde
445 1599 620 1645 praedici
637 1601 797 1647 possint.
815 1600 898 1638 Sed
914 1601 1289 1648 supernaturalem
1305 1601 1343 1639 &
1359 1601 1705 1649 Metaphyficam
1721 1602 1797 1638 esse
1814 1613 1968 1639 eorum
2006 1610 2039 1634 2⁵

327 1651 674 1697 productionem3
693 1653 744 1690 de
757 1665 845 1700 qua
856 1656 901 1691 in
913 1654 1094 1702 Epilogo
1107 1654 1239 1692 huius
1252 1655 1408 1702 Operis
1424 1666 1570 1693 meam
1583 1655 1852 1693 Sententiam
1868 1655 1967 1693 vbe-

328 1707 416 1742 rius
433 1716 651 1752 exponere
669 1706 875 1744 constitui.

381 1757 493 1804 Quae
510 1770 614 1796 vero
631 1759 841 1797 CAPITE
856 1760 1081 1803 TERTIO,
1103 1761 1156 1798 de
1174 1761 1371 1799 Cometae
1388 1761 1584 1799 distantia
1600 1773 1626 1799 a
1642 1765 1790 1799 centro
1805 1761 1966 1804 Terrae,

328 1810 503 1857 eiusque
520 1812 832 1855 Parallaxibus,
851 1825 873 1851 e
891 1814 1048 1860 quibus
1065 1814 1139 1852 illa
1156 1817 1339 1852 remotio
1356 1814 1592 1859 innotescit,
1614 1816 1659 1851 in
1679 1815 1875 1852 medium
1893 1814 1965 1852 ad-

326 1863 416 1905 fert,
439 1864 779 1903 consideratione
799 1869 1026 1904 attentiore
1043 1879 1154 1914 opus
1170 1867 1348 1911 habent;
1371 1868 1596 1914 Siquidem
1613 1870 1657 1905 in
1674 1867 1741 1905 his
1757 1868 1888 1905 cardo
1904 1872 1965 1905 to·
2003 1877 2037 1902 30

325 1918 408 1953 tius
430 1919 503 1958 rei,
526 1929 625 1964 quae
647 1919 701 1956 ad
723 1919 1008 1957 Cometarum
1031 1922 1324 1968 cognitionem
1344 1920 1456 1964 facit,
1478 1921 1736 1968 potissimum
1756 1920 1964 1963 voluitur;

326 1970 700 2014 quemadmodum
717 1971 754 2008 8(
770 1972 855 2018 ipse
868 1972 1132 2018 Thaddaeus‚
1150 1985 1224 2011 eos
1241 1976 1316 2020 qui
1332 1975 1388 2012 ad
1404 1974 1643 2012 Parallaxis
1660 1973 1698 2011 &
1715 1973 1923 2012 distantiae
1939 1986 1965 2012 a

324 2021 458 2059 Terra
481 2023 884 2071 peruestigationem
907 2028 951 2063 in
976 2026 1170 2064 Cometis
1195 2039 1286 2064 non
1309 2029 1584 2075 perueniunt,
1610 2026 1720 2064 nihil
1745 2026 1867 2064 solidi
1890 2032 1965 2064 aut

325 2077 480 2121 egregii
497 2076 549 2112 de
566 2076 649 2113 illis
665 2080 969 2123 pronunciare.
987 2078 1204 2117 rectissime
1221 2080 1423 2118 affirmat.
1441 2077 1455 2130 ΙΙ

378 2127 583 2165 Decernit
603 2135 750 2167 autem
771 2133 816 2168 in
836 2131 919 2169 hoc
942 2132 1108 2179 Capite,
1131 2133 1328 2171 Cometae
1349 2133 1473 2171 situm
1493 2133 1623 2181 plane
1641 2133 1963 2170 Elementarem
1987 2138 2052 2169 342

326 2180 508 2223 extitisse,
533 2181 569 2217 8(
593 2182 841 2221 Parallaxin
865 2187 1077 2222 maiorem
1102 2198 1235 2233 quam
1259 2187 1282 2225 5
1305 2189 1495 2233 partium
1520 2186 1759 2229 insinuasse;
1786 2186 1897 2224 adeo
1920 2191 1963 2223 vt

324 2243 414 2269 non
430 2233 569 2271 multo
586 2235 682 2280 plus
699 2235 794 2274 0610
811 2236 1152 2276 Semidiametris
1168 2251 1194 2277 a
1209 2239 1345 2277 Terra
1362 2239 1561 2277 distiterit.
1584 2239 1718 2286 quue
1736 2239 1872 2276 tribus
1887 2250 1962 2285 po-

323 2285 522 2344 tissimum
539 2287 794 2326 Rationibus
810 2290 994 2336 probare
1011 2294 1171 2329 nititur.
1821 2313 1825 2318 ·

376 2338 594 2384 Primum,
612 2352 664 2377 ex
676 2342 924 2380 Azimuthis
937 2343 973 2380 &
985 2344 1300 2383 Altitudinibus
1317 2345 1506 2388 diuersis,
1524 2343 1746 2382 interiecto
1762 2344 1961 2391 aliquan-

323 2390 414 2427 tulo
430 2395 636 2438 temporis
652 2393 799 2440 spatio,
817 2396 986 2433 coelitus
1001 2397 1261 2441 Obseruatis,
1279 2399 1488 2445 iuxtaque
1501 2398 1835 2445 Regiomontani
1847 2398 1960 2435 Doc-
1999 2411 2033 2436 40

321 2445 481 2480 trinam
493 2446 537 2481 in
549 2445 828 2485 Parallaxeos
839 2451 1008 2496 Vtrique
1020 2453 1204 2496 tempori
1221 2453 1524 2489 conuenientis
1541 2452 1869 2488 denotationem
1885 2462 1962 2498 per

322 2507 530 2534 numeros
546 2498 749 2537 deductis,

2008 1343 2041 1368 20

1732 2556 1958 2604 Secundo,
