2209 3213
501 187 1024 228 RECENTIORIBUS
1044 187 1502 227 PHAENOMENIS
1759 187 1826 225 143

181 298 470 335 intentionem
495 295 747 334 nullatenus
772 295 1015 342 labefactet)
1040 295 1120 333 fuit
1145 295 1391 342 Longitudo
1415 295 1499 332 loci
1522 294 1668 332 versus
1694 306 1827 341 quem

180 349 521 398 protendebatur
536 350 689 393 cauda,
706 351 751 387 in
763 349 806 387 P.
818 349 881 387 28.
894 349 958 387 Μ.
970 349 1021 387 34
1042 354 1066 388 Z
1078 379 1086 392 ,
1104 349 1351 386 Latitudine
1369 350 1462 385 eius
1479 348 1681 386 existente
1698 348 1740 385 P.
1752 348 1799 387 9}
1811 344 1826 397 ΙΙ

96 409 157 441 169
181 403 337 441 additis
354 403 430 449 (vti
446 402 551 448 dixi)
568 402 741 440 duobus
756 403 960 450 gradibus
976 402 1031 440 ad
1048 401 1192 440 Stellae
1210 401 1339 448 ipsius
1351 401 1657 439 Latitudinem.
1676 400 1825 447 Quare

182 458 227 494 in
242 455 481 503 Triangulo
499 455 639 499 CAR,
657 457 735 493 erit
750 455 954 503 Angulus
970 455 1110 499 CAB,
1128 455 1170 492 P.
1184 455 1237 492 17.
1253 454 1316 492 M.
1329 454 1392 498 52,
1409 454 1654 492 differentia
1670 454 1825 502 Longi-

128 522 144 547 5
180 509 343 547 tudinis
363 507 516 547 ductus
537 508 690 546 caudae
712 508 750 546 8(
771 508 986 552 Cometae;
1009 508 1143 546 Latus
1160 507 1257 551 CA,
1278 508 1321 545 P.
1338 508 1401 546 79.
1420 508 1482 545 M.
1500 508 1553 551 18,
1576 508 1709 545 Latus
1730 507 1825 550 BA,

181 562 224 600 P.
240 562 303 600 80.
321 562 384 599 M.
401 561 464 605 30,
485 562 674 608 ideoque
694 562 828 600 Latus
849 561 941 605 BC,
963 562 1006 599 P.
1023 562 1076 599 17.
1098 561 1161 598 M.
1178 561 1241 604 38,
1263 560 1301 597 &
1321 560 1523 608 Angulus
1540 560 1680 604 ABC,
1701 561 1744 598 P.
1761 560 1824 598 84.

181 615 244 653 M.
257 615 319 653 33.
332 615 458 653 Vnde
471 617 675 662 prouenit
686 615 888 663 Angulus
901 614 1201 652 Inclinationis
1212 614 1267 651 ad
1280 613 1546 660 Eclipticam,
1563 614 1605 651 P.
1619 614 1671 651 10.
1686 614 1749 651 M.
1761 613 1825 657 56,

181 679 314 716 quem
333 668 389 706 ad
409 668 592 705 Veneris
612 667 738 706 fitum
759 667 1034 706 conferemus
1055 669 1101 704 in
1122 666 1240 704 hunc
1260 666 1459 704 modum:
1482 667 1727 714 Longitudo
1743 667 1825 704 Ve-

180 722 298 759 neris
317 720 397 759 fuit
417 725 520 759 tunc
540 723 586 758 in
602 721 644 759 P.
661 721 724 759 20.
742 721 805 759 M.
823 722 873 759 57
894 725 953 765 fi,
974 720 1177 758 Latitudo
1193 720 1236 757 P.
1253 720 1289 757 2.
1308 720 1371 757 M.
1389 720 1442 757 13.
1464 720 1656 767 Ideoque
1672 721 1718 757 in
1733 719 1824 757 Tri-

113 786 144 812 ιο
181 774 343 822 angulo
360 774 608 819 HAC‚erit
628 774 762 812 Latus
778 774 885 818 HA,
906 774 949 812 P.
966 773 1029 812 87.
1047 773 1110 811 M.
1127 773 1190 816 47,
1212 773 1306 817 AC,
1327 773 1370 810 P.
1387 773 1450 810 79.
1467 773 1531 810 M.
1548 773 1601 817 18,
1622 773 1825 820 Angulus

181 827 328 871 HAC,
345 827 388 865 P.
405 827 468 866 79.
485 827 549 865 M.
566 827 629 871 45,
647 827 861 874 daturque
878 827 933 865 ob
950 827 993 864 id
1009 826 1142 864 Latus
1159 825 1262 870 HC,
1279 826 1322 863 P.
1339 826 1402 864 79.
1420 826 1483 863 M.
1498 826 1551 870 31,
1570 825 1607 863 &
1623 826 1825 873 Angulus

180 880 274 918 AH
283 880 332 925 C,
349 880 392 918 P.
405 881 468 919 79.
481 880 545 918 M.
557 880 633 925 313,
647 883 721 928 qui
734 880 987 928 aequipollet
998 879 1176 927 Angulo
1188 879 1229 916 D
1238 879 1283 916 H
1293 879 1344 923 K,
1356 881 1402 916 in
1413 878 1652 926 Triangulo
1665 879 1761 917 DH
1769 879 1824 923 K;

181 944 369 981 cumque
385 933 519 971 Latus
535 933 629 971 HK
644 933 690 971 fit
706 934 748 971 P.
766 934 802 971 2.
820 933 883 971 M.
900 933 954 977 13,
972 934 1050 970 erit
1066 932 1269 980 Angulus
1286 932 1441 975 HDK‚
1459 932 1501 969 P.
1519 932 1572 969 10.
1590 932 1653 970 M.
1670 932 1733 976 43,
1751 935 1826 979 qui

181 986 236 1024 est
254 986 458 1034 Angulus
479 986 781 1025 Inclinationis
801 986 856 1024 ad
879 986 1144 1033 Eclipticam,
1169 996 1222 1022 ex
1244 984 1422 1023 Circulo
1444 996 1617 1032 magno,
1639 997 1666 1023 a
1687 988 1825 1032 capite

111 1052 142 1077 15
180 1039 378 1078 Cometae
398 1051 475 1087 per
491 1039 721 1084 Venerem,
742 1041 1022 1087 proueniens.
1045 1038 1249 1085 Cumque
1271 1040 1306 1075 is
1327 1038 1372 1075 fit
1393 1038 1543 1075 saltem
1559 1038 1599 1075 13
1616 1038 1825 1085 scrupulis

178 1094 324 1130 minor
347 1104 400 1131 eo
416 1093 606 1140 Angulo,
630 1104 763 1140 quem
785 1093 883 1131 fecit
906 1092 1047 1130 cauda
1070 1103 1170 1129 cum
1194 1093 1333 1139 capite
1356 1091 1411 1129 ad
1435 1091 1701 1138 Eclipticam,
1726 1103 1825 1138 quae

179 1145 424 1184 differentia
435 1148 481 1184 in
492 1145 660 1184 sensum
669 1146 880 1184 visualem
889 1157 980 1183 non
990 1145 1182 1188 cadebat,
1196 1150 1319 1183 erant
1331 1144 1428 1182 satis
1441 1144 1659 1191 exquisite,
1672 1144 1825 1182 caudae

179 1197 345 1244 ductus,
367 1204 496 1247 caput
512 1199 724 1244 Cometae,
746 1199 784 1237 8(
799 1199 983 1237 Veneris
1004 1198 1149 1243 Stella,
1170 1200 1216 1235 in
1237 1209 1325 1235 vno
1346 1197 1524 1235 Circulo
1545 1209 1719 1245 magno.
1741 1198 1825 1236 Sed

178 1252 324 1290 rursus
346 1252 402 1291 ad
425 1252 573 1291 Solem
594 1251 706 1291 fac'ta
729 1254 1071 1300 comparatione,
1094 1253 1346 1290 inuenietur
1369 1263 1422 1288 ex
1444 1251 1542 1288 loco
1569 1252 1627 1295 Θ,
1653 1253 1699 1288 in
1721 1251 1763 1289 P.
1788 1251 1823 1289 2.

108 1316 142 1343 20
179 1305 243 1344 M.
255 1305 297 1343 21
314 1309 371 1350 l,
388 1307 433 1344 in
449 1305 690 1354 Triangulo
707 1306 820 1350 CFI,
838 1306 971 1344 Latus
987 1305 1056 1350 FI,
1073 1305 1116 1343 P.
1133 1305 1195 1343 38.
1214 1305 1277 1342 M.
1292 1304 1346 1348 21,
1363 1304 1452 1347 FC,
1470 1304 1512 1342 P.
1526 1304 1579 1341 10.
1592 1304 1655 1342 Μ.
1668 1304 1731 1348 42,
1749 1305 1823 1349 IC,

178 1358 221 1397 P.
237 1358 301 1397 39.
318 1358 382 1397 M.
399 1359 462 1403 36,
483 1359 686 1407 Angulus
702 1359 815 1403 CIF,
837 1359 880 1397 P.
897 1360 950 1397 16.
968 1359 1032 1397 M.
1049 1359 1112 1402 56,
1135 1360 1209 1405 qui
1231 1358 1286 1395 est
1302 1357 1504 1405 Angulus
1523 1357 1824 1395 Inclinationis

179 1413 330 1459 capitis
347 1412 545 1450 Cometae
565 1413 621 1451 ad
641 1412 802 1457 Solem,
823 1411 1015 1460 respectu
1036 1412 1269 1459 Eclipticae,
1291 1422 1539 1458 exuperans
1556 1422 1670 1455 eum,
1692 1422 1824 1458 quem

179 1465 321 1503 cauda
343 1476 443 1503 cum
465 1468 604 1513 capite
628 1465 758 1504 efficit
779 1466 835 1504 ad
859 1466 1046 1504 eandem
1069 1465 1335 1512 Eclipticam,
1361 1466 1537 1512 integris
1559 1464 1583 1501 6
1605 1464 1822 1511 gradibus.

179 1517 329 1565 Quare
349 1530 494 1566 neque
514 1518 598 1563 hic,
620 1519 707 1564 Sol,
728 1524 858 1567 caput
874 1519 1085 1562 Cometae,
1107 1518 1284 1565 eiusque
1306 1517 1447 1555 cauda
1467 1517 1588 1555 fuere
1604 1519 1650 1555 in
1667 1517 1823 1555 eodem

108 1583 141 1609 25
178 1572 299 1610 Arcu
310 1571 476 1610 Circuli
486 1574 681 1617 maximi,
698 1572 768 1611 sed
781 1575 926 1620 potius
937 1572 1120 1610 Veneris
1132 1571 1276 1615 Stella,
1293 1573 1338 1608 in
1355 1570 1487 1608 talem
1503 1570 1823 1617 dispositionem

178 1636 280 1663 cum
296 1624 494 1664 Cometae
511 1624 653 1670 ductu,
671 1626 953 1664 coincidebat.

705 1723 806 1762 DIE
826 1723 919 1762 XV.
941 1721 1300 1761 NOVEMBRIS.

271 1784 364 1823 ISA
386 1784 441 1823 est
461 1784 545 1824 hoc
566 1785 635 1824 die
656 1788 905 1824 extremitas
924 1785 1077 1824 caudae
1098 1786 1259 1832 porrigi
1274 1783 1421 1822 versus
1437 1783 1592 1822 Stellas
1607 1786 1653 1821 in
1669 1784 1824 1822 Linteo

270 1837 444 1876 finistrae
459 1850 620 1877 manus
640 1848 699 1884 m,
719 1841 780 1877 ita
799 1844 948 1877 tamen
963 1844 1007 1877 vt
1023 1838 1203 1876 inferior
1222 1837 1352 1885 ipfius
1372 1849 1473 1885 pars
1493 1837 1664 1875 distaret
1679 1849 1706 1875 a
1721 1837 1823 1885 Sep-

106 1902 141 1929 30
176 1891 496 1930 tentrionaliori
519 1904 658 1930 cornu
684 1898 729 1937 z,
752 1892 915 1940 aequali
938 1891 1173 1930 interuallo
1196 1902 1296 1929 cum
1319 1891 1643 1938 intercapedine
1667 1902 1823 1929 earun-

176 1944 277 1982 dem
299 1945 489 1983 duarum
511 1947 558 1983 in
580 1946 785 1984 cornibus
817 1952 862 1991 z,
887 1945 1086 1984 videlicet
1108 1945 1163 1983 ad
1186 1944 1372 1992 spatium
1394 1944 1584 1982 duorum
1606 1944 1823 1992 graduum

176 2008 277 2035 cum
292 1997 462 2036 semisse.
479 1999 681 2037 Addebat
696 2011 801 2037 vero
817 1999 935 2038 linea
950 1997 1077 2042 recta,
1095 1997 1223 2036 ducta
1234 2009 1261 2036 a
1272 2000 1411 2045 capite
1427 2009 1503 2045 per
1514 1998 1710 2035 medium
1723 2009 1823 2035 cau-

91 2056 152 2089 170
176 2050 257 2095 dae,
271 2051 326 2090 ob
337 2051 467 2099 ipfius
479 2054 845 2097 incuruationem,
859 2052 979 2100 quali
990 2051 1315 2099 sesquialterum
1324 2047 1556 2101 gra-ndum.
1570 2051 1667 2088 Fuit
1676 2053 1823 2098 itaque

175 2105 221 2142 in
231 2103 472 2152 Triangulo
485 2105 624 2150 CAB,
640 2106 843 2154 Angulus
855 2106 994 2150 (ΕΑΒ,
1012 2105 1054 2143 P.
1067 2106 1120 2143 14.
1134 2104 1197 2142 M.
1210 2105 1273 2149 47,
1290 2105 1423 2143 Latus
1436 2104 1534 2148 CA,
1551 2104 1594 2142 P.
1606 2105 1669 2142 77.
1682 2104 1745 2142 M.
1758 2105 1822 2148 44,

105 2169 139 2194 35
176 2157 271 2202 BA,
288 2157 331 2196 P.
348 2158 411 2196 78.
428 2158 492 2196 M.
509 2158 572 2203 30,
589 2159 749 2197 idcirco
766 2162 844 2197 erit
861 2159 952 2203 BC,
970 2159 1013 2197 P.
1030 2159 1084 2196 14.
1101 2158 1165 2196 M.
1182 2158 1244 2202 29,
1262 2158 1300 2196 &
1317 2158 1519 2205 Angulus
1535 2157 1676 2201 ABC,
1698 2157 1741 2195 P.
1758 2158 1820 2195 85.

176 2210 239 2248 M.
249 2210 312 2249 27.
325 2211 517 2259 Ideoque
529 2214 575 2250 in
586 2211 826 2260 Triangulo
838 2213 871 2250 B
880 2213 964 2250 DE
976 2212 1200 2259 colligetur
1209 2211 1411 2259 Angulus
1423 2211 1457 2249 B
1466 2211 1507 2248 D
1516 2211 1562 2255 E,
1575 2210 1617 2248 P.
1628 2211 1681 2248 12.
1693 2210 1756 2248 M.
1767 2211 1821 2254 21,

175 2263 475 2303 Inclinationis
491 2267 643 2313 capitis
659 2265 697 2303 8(
713 2266 867 2304 caudae
885 2266 1083 2305 Cometae
1099 2265 1155 2303 ad
1172 2264 1438 2312 Eclipticam,
1456 2266 1531 2311 qui
1548 2276 1606 2302 an
1623 2276 1723 2301 curn
1739 2264 1820 2301 Ve-

174 2319 292 2354 neris
307 2317 440 2356 Stella
456 2318 704 2363 consentiat,
721 2321 766 2357 in
782 2319 901 2357 hunc
916 2319 1100 2357 modum
1116 2320 1409 2365 experiemur:
1431 2317 1677 2364 Longitudo
1698 2320 1724 2360 Q
1742 2317 1822 2355 fuit

175 2370 230 2408 ad
246 2369 330 2408 hoc
346 2376 518 2418 tempus
533 2374 579 2410 in
594 2378 701 2419 part.
715 2373 777 2410 22.
794 2374 899 2410 min.
912 2373 937 2411 8
952 2376 1011 2416 Q,
1028 2371 1244 2415 Latitudo,
1261 2371 1304 2409 P.
1316 2371 1352 2408 2.
1366 2371 1429 2408 M.
1442 2371 1496 2413 14,
1514 2370 1668 2408 Borea.
1686 2370 1820 2408 Cum-

105 2434 138 2460 4ο
175 2434 260 2470 que
282 2423 528 2472 Longitudo
549 2425 748 2464 Cometae
768 2425 896 2464 fuerit
915 2426 958 2464 P.
980 2426 1033 2464 13.
1055 2425 1119 2463 M.
1140 2425 1191 2463 47
1217 2430 1262 2468 z,
1284 2424 1322 2461 8(
1342 2424 1546 2462 Latitudo
1567 2424 1610 2461 P.
1628 2423 1680 2461 12.
1698 2424 1761 2461 M.
1780 2423 1821 2461 16

175 2478 307 2515 etiam
323 2477 477 2523 Borea,
495 2480 573 2517 erit
588 2480 780 2526 primurn
796 2481 842 2517 in
858 2479 1097 2527 Triangulo
1114 2478 1159 2516 H
1168 2477 1262 2521 AC,
1280 2477 1413 2515 Latus
1425 2477 1532 2520 HA,
1549 2477 1591 2515 P.
1604 2477 1667 2515 87.
1680 2477 1819 2567 MA4C6‚
