2209 3213
361 235 401 271 16
851 231 934 268 DE
956 229 1180 268 MUNDI
1201 228 1500 266 AETHEREI

412 339 510 376 DIE
533 338 603 374 IX.
627 337 859 374 Distantias
880 336 1023 374 adhuc
1045 336 1189 373 nullas
1208 334 1412 382 exquisite
1430 345 1584 381 capere
1600 333 1733 378 licuit,
1755 333 1810 372 ob
1826 331 1841 384 ΙΙ
1857 334 1995 373 nubes
2033 342 2053 373 8

359 391 626 429 rariusculas.
644 390 950 427 Animaduerti
966 395 1125 432 tamen,
1143 389 1261 435 quod
1278 387 1418 425 cauda
1431 386 1628 424 Cometae
1645 393 1838 434 vergeret
1849 388 1996 426 versus

358 447 544 491 primam
565 443 762 480 secundae
784 443 1107 489 magnitudinis,
1129 453 1229 488 quae
1247 441 1301 478 est
1321 442 1366 477 in
1383 439 1496 477 collo
1512 439 1669 487 Pegafi,
1690 439 1779 477 fere
1796 451 1848 478 eo
1864 440 1995 488 vsque

359 497 541 537 extensa,
559 496 639 538 sed.
657 501 830 542 propter
845 497 1209 538 incuruationem‚
1226 493 1314 531 visa
1331 493 1385 530 est
1401 495 1650 530 extremitas
1666 495 1771 537 eius,
1789 495 1900 531 inter
1911 494 1995 532 dic-

357 557 445 587 tam
462 549 638 586 Stellam
656 548 693 585 8(
708 548 903 585 medium
920 548 1030 591 colli,
1047 548 1076 584 fi
1092 546 1429 594 protraheretur,
1446 545 1649 583 definere.
2033 560 2048 584 5

410 602 508 639 DIE
525 602 576 638 X.
595 602 722 638 Hora
737 601 779 639 53
799 603 909 638 inter
925 606 1053 647 caput
1070 601 1268 638 Cometae
1285 600 1323 637 8(
1340 610 1389 636 os
1404 598 1549 646 Pegafi
1565 599 1607 636 P.
1624 599 1660 636 4.
1678 599 1741 636 M.
1758 599 1821 637 43.
2033 603 2052 634 †

410 655 535 692 Hora
560 654 880 701 propemodum
904 653 1032 697 sexta,
1058 655 1169 691 inter
1194 653 1427 691 Cometam
1452 651 1490 689 8(
1515 651 1672 690 Scheat
1696 652 1840 700 Pegafi
1864 652 1907 690 P.
1930 652 1993 691 24.

410 761 523 798 Inter
539 762 725 806 primam
742 759 841 797 colli
857 759 1001 806 Pegasi
1018 759 1055 796 8(
1072 759 1306 797 Cometam
1321 759 1364 796 P.
1381 758 1435 795 21.
1453 758 1516 795 M.
1535 758 1587 795 14.

409 814 540 850 Erant
556 815 601 850 in
617 824 704 850 vna
719 812 835 850 linea
852 812 978 856 recta,
994 813 1141 850 media
1157 812 1319 850 dextrae
1335 812 1419 850 alae
1432 811 1585 858 Cygni,
1603 810 1640 848 8(
1657 822 1706 848 os
1719 811 1876 859 Pegafi,
1893 824 1993 850 cum
2034 824 2065 850 10

357 866 552 909 Cometa,
569 865 744 912 fereque
762 865 1031 903 coincidebat
1047 865 1195 903 dexter
1210 865 1421 903 humerus
1442 873 1500 901 za.

409 919 564 956 Cauda
580 919 805 956 videbatur
821 918 861 955 se
877 920 1122 961 incuruare,
1139 918 1284 956 versus
1301 929 1412 961 eam,
1430 928 1529 964 quae
1546 916 1601 954 eft
1617 919 1758 964 prima
1774 919 1820 954 in
1835 917 1907 955 ala
1918 918 1992 956 Pe-

355 972 450 1019 gafi,
474 972 672 1009 secundae
695 972 1019 1019 magnitudinis,
1043 971 1113 1009 sed
1135 971 1253 1009 linea
1275 970 1401 1015 recta,
1425 968 1553 1008 duc'ta
1573 982 1599 1008 a
1620 972 1758 1017 capite
1781 970 1991 1015 Cometae,

355 1037 430 1071 per
445 1025 639 1062 medium
655 1025 820 1067 caudae,
842 1026 886 1061 in
907 1023 1128 1067 directum,
1150 1025 1300 1062 cecidit
1320 1024 1447 1071 supra
1465 1021 1623 1060 dietam
1640 1023 1819 1061 Stellam
1835 1023 1991 1071 Pegafi,

354 1079 409 1115 ad
422 1078 612 1124 spacium
624 1079 754 1115 trium
765 1077 992 1125 graduum.
1010 1077 1260 1115 Finiebatur
1271 1082 1419 1115 autem
1432 1076 1572 1114 cauda
1583 1076 1716 1123 paulo
1728 1076 1856 1124 supra
1865 1077 1992 1115 binas
2032 1090 2063 1115 15

355 1133 399 1168 in
416 1131 527 1168 collo
544 1130 699 1177 Pegafi,
721 1142 820 1177 quae
841 1130 935 1168 sunt
952 1136 1119 1177 quartae
1135 1130 1458 1177 magnitudinis,
1480 1131 1526 1166 in
1542 1140 1595 1167 ea
1609 1129 1727 1167 linea
1743 1128 1869 1174 recta,
1892 1142 1992 1177 quae

356 1184 524 1221 ducitur
540 1183 594 1221 ab
610 1185 661 1220 iis
676 1183 821 1220 versus
838 1183 1025 1221 caudam
1037 1183 1194 1231 Cygni;
1211 1183 1404 1221 Distabat
1420 1184 1551 1220 etiam
1566 1184 1814 1220 extremitas
1826 1183 1991 1228 caudae,

356 1249 382 1274 a
397 1236 605 1273 lucidiore
622 1238 666 1273 in
683 1236 795 1273 collo
812 1236 967 1283 Pegasi,
984 1237 1007 1273 4
1024 1238 1221 1283 proxime
1238 1236 1443 1284 partibus.

408 1289 507 1326 DIE
517 1289 610 1326 XII.
623 1289 750 1326 Hora
758 1289 794 1333 6,
805 1288 982 1327 distabat
992 1289 1177 1327 Cometa
1186 1289 1239 1327 ab
1250 1301 1324 1327 ore
1335 1288 1490 1337 Pegasi,
1500 1300 1576 1336 per
1586 1288 1773 1326 Radium
1782 1288 1824 1326 P.
1835 1289 1871 1327 5.
1883 1289 1945 1327 M.
1954 1289 1990 1327 8.
2029 1293 2049 1324 †

407 1342 521 1379 Inter
537 1342 692 1380 Scheat
709 1341 746 1379 &
763 1341 1007 1384 Cometam.
1024 1342 1066 1379 P.
1083 1342 1145 1379 23.
1164 1342 1226 1379 Μ.
1243 1343 1279 1380 7.
2030 1356 2064 1381 20

407 1395 521 1432 Inter
536 1397 723 1441 primam
740 1395 839 1432 colli
856 1394 893 1432 &
910 1395 1111 1439 eundem,
1128 1395 1170 1432 P.
1188 1395 1249 1432 20.
1268 1395 1330 1433 M.
1347 1395 1383 1433 0.

406 1447 826 1485 Animaduertebam
843 1450 986 1491 etiam,
1004 1449 1121 1494 quod
1138 1453 1267 1495 caput
1280 1448 1477 1486 Cometae
1495 1452 1586 1485 erat
1602 1449 1647 1485 in
1663 1459 1715 1485 ea
1731 1447 1848 1486 linea
1864 1446 1991 1492 redia,

354 1512 453 1547 quae
479 1501 647 1538 ducitur
674 1512 749 1547 per
773 1500 972 1547 vtrasque
998 1501 1314 1538 Meridionales
1339 1501 1492 1539 Stellas
1517 1501 1569 1538 de
1595 1501 1809 1547 quadrato
1834 1501 1990 1549 Pegasi,

352 1553 549 1590 videlicet
565 1553 664 1591 colli
680 1555 879 1600 primam,
898 1553 935 1591 8(
952 1559 1192 1591 extremam
1208 1554 1303 1592 alae.

406 1606 562 1644 Cauda
585 1606 786 1653 vergebat
810 1606 956 1644 versus
980 1606 1175 1644 medium
1201 1607 1401 1654 quadrati
1426 1606 1583 1654 Pegafi,
1613 1606 1642 1644 fi
1672 1606 1862 1654 eousque
1893 1619 1990 1655 pro·
2028 1621 2062 1646 25

351 1659 605 1696 traheretur.

404 1712 504 1749 DIE
520 1712 634 1749 XIII.
653 1712 781 1750 Circa
796 1712 953 1750 horam
969 1713 1005 1757 6,
1021 1714 1132 1750 inter
1148 1712 1305 1751 Scheat
1321 1712 1359 1751 8(
1376 1713 1608 1751 Cometam
1624 1713 1667 1751 P.
1683 1713 1746 1751 22.
1764 1713 1827 1751 M.
1844 1713 1907 1751 23.
2028 1718 2048 1749 -ἓ

404 1764 519 1802 Inter
534 1776 583 1802 os
598 1765 743 1812 Pegasi
760 1765 797 1802 8(
813 1766 1016 1809 eundem,
1032 1766 1075 1804 P.
1093 1767 1129 1804 5.
1147 1766 1210 1803 M.
1227 1766 1290 1804 30.

404 1818 531 1855 Hora
546 1819 582 1856 7.
600 1818 662 1855 M.
679 1819 742 1862 40,
759 1830 786 1856 a
801 1818 957 1856 Scheat
972 1819 1015 1856 P.
1032 1819 1095 1856 22.
1112 1819 1176 1856 M.
1193 1819 1246 1857 18.

404 1871 530 1908 Hora
546 1871 592 1910 9³2
608 1871 662 1909 ab
679 1871 833 1909 eadem
849 1871 891 1909 P.
908 1872 971 1909 22.
989 1872 1052 1909 M.
1069 1872 1121 1910 14.

403 1923 503 1960 DIE
519 1924 654 1961 XIIII.
672 1924 855 1962 Instante
871 1924 982 1962 hora
997 1925 1033 1969 6,
1050 1927 1161 1962 inter
1178 1925 1410 1963 Cometam
1426 1925 1463 1963 8(
1480 1925 1649 1969 Scheat,
1666 1925 1708 1963 P.
1726 1925 1779 1963 21.
1797 1925 1860 1964 M.
1878 1925 1940 1964 42.
1954 1922 1969 1975 ΙΙ

403 1976 517 2013 Inter
534 1977 723 2014 eundern
740 1977 777 2014 8(
794 1989 842 2015 os
858 1977 1014 2025 Pegafi,
1031 1978 1073 2015 P.
1090 1979 1126 2016 5.
1144 1978 1207 2016 M.
1224 1978 1286 2016 53.

404 2029 504 2066 DIE
520 2029 653 2067 XVII.
671 2030 785 2067 Inter
801 2030 958 2068 Scheat
973 2031 1010 2068 8(
1028 2031 1260 2069 Cometam
1276 2031 1318 2069 P.
1336 2032 1389 2069 19.
1407 2031 1470 2070 M.
1487 2032 1549 2070 35.

404 2081 597 2119 Distabat
612 2083 666 2120 ab
683 2094 757 2120 ore
773 2083 917 2130 Pegafi
932 2084 975 2121 P.
992 2084 1028 2122 7.
1045 2084 1108 2121 M.
1125 2084 1188 2122 20.

403 2135 443 2171 Α
459 2137 600 2182 prima
616 2135 714 2173 colli
731 2136 926 2173 Partibus
942 2139 1140 2183 proxime
1157 2138 1209 2175 l7.
2025 2150 2059 2176 35

403 2187 503 2225 DIE
519 2188 673 2232 XVIII,
696 2188 778 2232 etfi,
799 2194 974 2236 propter
989 2191 1324 2227 intercurrentes
1340 2190 1490 2234 nubes,
1512 2190 1622 2227 nihil
1639 2192 1741 2228 certi
1757 2190 1987 2228 obseruare

350 2240 480 2283 licuit,
498 2246 712 2287 quantum
728 2242 783 2279 ad
799 2242 1016 2280 distantias
1028 2245 1189 2286 attinet,
1207 2243 1395 2281 caudam
1405 2248 1554 2281 tamen
1565 2243 1869 2288 animaduerti,
1887 2255 1986 2290 quae

350 2293 590 2331 admodum
609 2296 795 2331 tenuiter
815 2295 1051 2341 apparebat
1072 2295 1219 2342 (idque
1240 2295 1477 2343 praesertim
1496 2301 1671 2344 propter
1691 2296 1830 2334 Lunae
1849 2296 1985 2344 sulgo-

349 2346 458 2391 rem)
471 2346 645 2384 tendere
654 2347 800 2384 versus
812 2353 941 2394 caput
949 2348 1259 2386 Andromedae.
1273 2349 1407 2386 Erant
1417 2354 1577 2393 autem,
1588 2349 1625 2387 8(
1636 2354 1765 2396 caput
1775 2349 1985 2393 Cometae,

350 2398 387 2436 &
399 2399 487 2445 ipsa
497 2400 648 2443 cauda,
660 2405 749 2437 tam
759 2400 841 2437 hac
851 2400 1039 2447 vespera,
1052 2413 1186 2448 quam
1198 2402 1364 2448 aliquot
1375 2402 1732 2449 praecedentibus,
1745 2402 1986 2440 admodum
2022 2415 2057 2440 40

350 2462 437 2498 quo
454 2452 509 2489 ad
526 2451 799 2499 conspectum
815 2455 1059 2498 imminuta,
1076 2454 1323 2492 Lunaribus
1339 2457 1470 2493 etiam
1486 2455 1630 2503 radijs‚
1647 2466 1800 2493 eorum
1815 2457 1985 2503 appari-

349 2506 512 2542 tionem
528 2505 714 2543 validius
731 2505 1051 2544 offuscantibus.

2025 1885 2061 2067 —1-0—1-23

1884 2560 1984 2598 DIE
