2209 3213
105 828 135 853 10

109 1095 138 1120 15

107 1361 140 1386 20

94 1461 153 1493 193

109 1627 141 1652 25

112 1892 145 1918 30

113 2158 145 2183 35

113 2423 146 2448 40

490 232 1011 271 RECENTIORIBUS
1032 232 1490 272 PHAENOMENIS
1754 235 1812 273 161

170 338 304 386 paulo
318 338 429 376 vltra
444 337 562 376 hunc
574 338 707 376 Stella
718 339 901 376 Veneris
912 341 958 376 in
971 339 1087 377 Orbe
1101 338 1281 385 OPQR,
1298 339 1638 378 consentaneum
1655 340 1814 385 euadit,

170 396 214 429 vt
236 391 421 429 Cometa
440 393 486 428 in
508 391 624 430 Orbe
645 391 790 429 adhuc
813 392 947 439 paulo
967 393 1148 437 maiore,
1171 394 1266 439 pari
1288 392 1421 430 modo
1443 395 1555 431 circa
1576 393 1723 431 Solem
1744 394 1814 431 de-

170 444 336 492 scripto,
357 444 663 488 conuoluatur‚
686 456 774 492 quo
795 445 877 482 hos
899 446 922 489 35
943 444 981 482 &
1000 448 1026 488 ς)
1047 445 1186 483 Orbes
1201 445 1476 484 solummodo
1496 446 1702 491 includat,
1724 458 1815 484 non

171 503 320 536 autem
341 498 561 535 Lunarem
584 497 710 535 fimul
731 509 831 535 cum
850 498 987 535 Terra
1010 498 1070 544 (vt
1090 499 1304 536 Martium
1325 498 1452 537 Sidus
1475 501 1521 537 in
1543 499 1619 537 sua
1641 500 1815 537 reuolu-

171 553 289 588 tione
306 550 452 597 efficit)
473 550 683 597 fiquidem
703 562 795 588 non
810 553 969 589 maiori
985 563 1011 589 a
1027 551 1127 589 Sole
1144 552 1392 599 digressione
1409 564 1544 599 quam
1560 553 1611 591 60
1626 555 1816 600 partium

172 605 415 651 expatiatus
435 603 493 641 fit.
517 603 874 651 Intelligaturque
897 604 967 641 hic
990 604 1076 651 ipse
1098 605 1239 649 Orbis,
1264 616 1396 652 quem
1418 605 1616 643 Cometae
1637 606 1815 653 deputa-

170 668 281 699 mus,
298 668 374 704 per
386 656 614 694 Circulum
626 656 801 700 STVX,
818 662 861 694 vt
876 657 922 695 s1t
935 656 1121 695 Cometa
1137 657 1297 695 ibidem
1313 669 1448 705 prope
1460 659 1512 703 X,
1529 661 1575 696 in
1592 671 1680 706 quo
1697 659 1817 706 quafi

170 709 249 747 fitu
264 709 391 747 nobis
407 711 549 757 primo
564 709 653 747 suae
670 710 1064 748 animaduersionis
1079 715 1275 757 tempore
1287 710 1538 758 conspectus
1550 712 1621 756 est;
1639 712 1816 750 habeat-

171 774 256 810 que
267 767 437 800 motum
449 765 495 800 in
507 762 590 800 hoc
599 762 716 801 Orbe
728 765 775 800 in
786 763 1143 810 consequentiam
1150 763 1396 811 signorum,
1409 765 1533 802 aliter
1543 777 1677 812 quam
1692 769 1718 808 Q
1734 765 1771 802 &
1789 767 1812 809 ²225

173 816 477 859 reuoluuntur,
494 818 553 854 ita
568 821 612 853 vt
628 815 682 853 ab
699 816 740 853 X
755 827 832 863 per
848 816 876 854 S
892 818 938 853 in
953 816 990 853 T
1005 818 1253 854 circumeat.
1276 817 1490 855 Centrum
1505 829 1610 856 vero
1627 818 1817 856 eiusdem

174 869 302 907 Orbis
325 874 536 916 perpetuo
557 869 700 907 Solari
723 869 1019 907 consociatum
1042 872 1136 907 eius
1158 875 1329 907 motum
1351 870 1588 918 simplicem
1609 872 1817 909 obseruet.

173 923 318 969 Atque
330 921 414 960 hac
425 922 601 960 admissa
612 924 816 960 circuitus
828 923 1026 961 Cometae
1039 924 1150 960 inter
1162 923 1368 961 Coelestes
1381 924 1520 962 Orbes
1532 924 1817 972 dispofitione.

173 975 304 1023 ipfius
324 977 552 1022 apparenti
568 978 720 1019 motui,
742 978 816 1023 qui
833 976 959 1013 nobis
975 978 1020 1013 in
1036 976 1077 1013 A
1092 975 1229 1014 Terra
1244 976 1525 1021 versantibus,
1547 978 1817 1021 cernebatur,

174 1027 369 1066 satisfieri
385 1029 495 1076 posse
512 1029 714 1066 asseuero.

228 1081 274 1119 Id
294 1086 444 1119 tamen
459 1082 915 1125 animaduertendum,
937 1081 1056 1128 quod
1073 1081 1259 1120 Cometa
1275 1084 1320 1119 in
1336 1082 1420 1120 hoc
1436 1083 1525 1131 ipso
1542 1085 1655 1121 circa
1672 1084 1820 1121 Solem

175 1134 408 1172 orbiculari
433 1133 577 1179 ductu,
603 1146 695 1172 non
719 1135 885 1182 semper
910 1134 1131 1182 aequalem
1154 1134 1399 1173 exhibuerit
1423 1137 1645 1180 incessum;
1670 1137 1740 1174 sed
1766 1138 1820 1175 ab

175 1189 311 1231 initio,
337 1199 438 1226 curn
462 1189 508 1225 in
533 1187 729 1225 inferiori
751 1188 814 1226 sui
838 1188 967 1226 Orbis
989 1193 1123 1235 parte,
1150 1200 1250 1235 quae
1273 1188 1418 1226 Terris
1440 1192 1730 1237 propinquior
1753 1190 1820 1233 est,

175 1241 427 1285 versaretur,
443 1241 609 1278 tardius
625 1241 899 1285 mouebatur,
915 1241 1061 1288 postea
1072 1253 1177 1279 vero
1193 1244 1332 1289 magis
1348 1248 1479 1289 atque
1496 1245 1634 1291 magis
1650 1243 1822 1281 cursum

175 1294 301 1332 suum
316 1293 518 1342 augebat;
535 1294 667 1341 idque
684 1306 737 1332 ea
752 1294 857 1342 lege,
874 1300 917 1332 vt
934 1306 1034 1332 cum
1051 1296 1164 1333 circa
1180 1295 1242 1333 IX
1255 1295 1293 1333 &
1307 1295 1348 1333 X
1365 1296 1633 1334 Nouembris
1649 1308 1737 1334 vno
1754 1297 1822 1334 die

177 1347 427 1385 dextantem
447 1347 606 1395 gradus
626 1347 902 1385 solummodo
923 1350 969 1385 in
990 1347 1073 1385 hoc
1094 1348 1170 1386 suo
1192 1348 1371 1387 Circulo
1392 1349 1637 1393 confecerit,
1661 1350 1716 1388 ad
1740 1350 1824 1387 XX

176 1403 270 1439 eius
286 1401 402 1439 diem
419 1402 635 1448 integrum
651 1401 836 1448 gradum
851 1401 1114 1439 absoluebat.
1136 1401 1186 1439 In
1202 1404 1416 1449 principio
1433 1414 1538 1440 vero
1555 1403 1823 1447 Decembris,

176 1454 288 1492 vltra
303 1454 487 1501 gradum
504 1456 798 1501 quincuncem
810 1450 824 1504 ΙΙ
839 1466 971 1502 quem
987 1459 1158 1492 motum
1174 1455 1408 1502 paululum
1423 1456 1568 1494 adhuc
1584 1456 1823 1503 sensimque

177 1507 499 1555 augmentabat,
511 1507 643 1554 vsque
655 1507 761 1545 dum
772 1510 984 1554 proximis
995 1508 1148 1546 diebus
1159 1508 1248 1555 post
1257 1509 1342 1546 XX
1352 1509 1620 1554 Decembris,
1634 1510 1824 1548 eundern

178 1561 234 1598 ad
254 1560 580 1607 sesquialterum
599 1561 784 1608 gradum
804 1561 1071 1608 perduxisset,
1092 1561 1204 1599 vltra
1227 1573 1359 1608 quern
1379 1564 1617 1600 terminum
1638 1565 1824 1601 concita-

177 1615 344 1651 tionem
359 1613 481 1651 suam
498 1625 589 1651 non
605 1614 868 1658 intendebat,
885 1614 955 1652 sed
971 1614 1185 1661 paulatim
1201 1616 1405 1653 remissior
1419 1616 1696 1660 reddebatur;
1713 1617 1824 1655 adeo

178 1672 327 1705 tamen
347 1666 465 1704 lenta
480 1669 737 1711 variatione,
758 1672 801 1705 vt
817 1667 948 1714 vsque
969 1669 1015 1704 in
1035 1667 1180 1705 XXVI
1201 1668 1317 1706 diem
1339 1668 1546 1717 Ianuarij,
1568 1681 1656 1717 quo
1672 1670 1825 1707 vltimo

179 1731 206 1758 a
227 1720 353 1758 nobis
376 1718 628 1767 conspectus
651 1720 717 1764 est,
740 1720 890 1758 saltem
913 1723 1050 1767 quina
1074 1720 1275 1767 scrupula
1299 1721 1576 1769 sesquialtero
1602 1723 1755 1770 gradui
1780 1725 1825 1760 in

178 1778 302 1811 motu
316 1775 409 1811 eius
425 1775 615 1820 proprio,
633 1774 888 1811 decesserint.
906 1774 1003 1811 Fuit
1015 1776 1133 1811 enirn
1145 1776 1259 1812 circa
1269 1774 1405 1812 finem
1417 1775 1608 1824 Ianuarij
1624 1778 1717 1814 eius
1728 1788 1825 1823 pro-

179 1828 315 1864 motio
332 1828 446 1864 intra
462 1826 578 1864 diem
594 1827 842 1864 naturalem
854 1827 1001 1864 denuo
1013 1829 1142 1865 vnius
1153 1828 1312 1875 gradus
1325 1840 1425 1866 cum
1437 1830 1696 1876 quincunce,
1714 1830 1825 1867 adeo

181 1885 224 1918 vt
239 1891 316 1927 per
331 1884 472 1917 totum
488 1879 780 1917 Decembrem
791 1880 829 1917 &
842 1880 1112 1924 Ianuarium,
1129 1892 1221 1918 non
1237 1881 1487 1920 alterauerit
1503 1884 1765 1930 progressum
1781 1885 1827 1920 in

181 1932 256 1971 suo
270 1932 386 1971 Orbe
403 1932 624 1977 diurnum,
642 1933 719 1970 nifi
735 1933 791 1971 ad
807 1933 1027 1971 summum
1038 1935 1061 1972 5
1073 1933 1300 1981 scrupulis;
1317 1940 1407 1973 tam
1418 1947 1576 1982 parum
1588 1942 1709 1974 tanto
1721 1942 1826 1974 tem-

180 1997 286 2034 pore
308 1985 446 2024 abfuit
468 1986 597 2033 ipfius
621 1988 734 2024 circa
754 1986 901 2025 Solem
925 1987 1180 2025 conuolutio
1202 1988 1256 2026 ab
1279 1989 1530 2035 aequalitate
1554 1988 1753 2036 perfecta.
1778 1989 1828 2026 In

181 2039 426 2077 Nouembri
435 2051 540 2077 vero
550 2039 684 2087 paulo
694 2040 891 2077 celeriori
901 2042 1144 2078 variatione
1157 2041 1348 2079 eundem
1359 2042 1501 2079 indies
1511 2041 1600 2080 fere
1612 2045 1828 2080 maiorem

181 2092 379 2136 reddidit;
400 2092 519 2130 velut
540 2092 636 2131 haec
657 2095 808 2131 omnia
828 2093 967 2131 multo
987 2093 1160 2140 plenius
1181 2106 1203 2132 e
1225 2099 1381 2141 quarta
1398 2095 1503 2133 serie
1521 2098 1615 2133 eius
1630 2096 1827 2140 Tabulae,

183 2157 317 2193 quam
332 2145 410 2183 fini
425 2145 642 2193 sequentis
659 2146 826 2193 Capitis
842 2146 1164 2195 subiungemus‚
1182 2147 1494 2186 discernuntur.

233 2199 389 2237 Fateor
401 2199 591 2247 quidem,
605 2199 723 2247 quod
735 2202 1071 2238 conuenientius
1082 2200 1204 2245 foret,
1216 2200 1246 2238 fi
1258 2200 1444 2240 Cometa
1456 2204 1501 2239 in
1514 2202 1597 2240 hoc
1608 2202 1698 2250 ipso
1712 2203 1828 2241 Orbe

180 2263 256 2299 per
276 2257 413 2290 totam
432 2252 555 2291 suam
576 2253 855 2291 durationem
876 2253 1038 2300 aequali
1058 2256 1266 2301 temporis
1285 2255 1519 2293 interuallo
1537 2256 1732 2303 aequales
1747 2256 1828 2293 Ar-

181 2316 256 2343 cus
272 2305 521 2343 confecisset.
544 2305 612 2344 Sic
629 2308 748 2344 enim
765 2306 1055 2344 reuolutionis
1070 2306 1249 2355 simplex
1265 2307 1540 2346 vniformitas
1556 2308 1712 2347 rectius
1729 2321 1828 2347 con-

181 2357 436 2403 seruaretur,
459 2359 613 2397 eadem
629 2359 829 2397 videlicet
850 2359 1139 2407 regularitate,
1161 2372 1249 2408 qua
1270 2361 1345 2408 ipfi
1361 2361 1553 2400 Planetae
1572 2369 1830 2410 perpetuam

181 2412 227 2448 in
242 2411 327 2449 suis
343 2412 591 2450 circuitibus
608 2413 907 2460 aequalitatem
919 2413 1161 2451 constanter
1173 2413 1416 2452 obseruant.
1435 2415 1485 2452 Et
1501 2415 1599 2453 licet
1615 2415 1711 2453 haec
1727 2416 1829 2463 ipsa,

181 2476 281 2511 quae
294 2465 492 2503 Cometae
508 2466 662 2504 accidit
674 2468 720 2504 in
731 2466 807 2504 sua
818 2468 995 2514 propria
1007 2468 1398 2515 circumgyratione
1411 2469 1702 2515 inaequalitas,
1719 2469 1829 2506 limi-

180 2519 261 2555 tari
283 2518 595 2566 emendarique
616 2520 745 2566 possit‚
767 2519 854 2557 s1ue
876 2531 952 2567 per
972 2525 1169 2558 centrum
1187 2520 1316 2559 Orbis
1336 2521 1466 2568 ipfius
1487 2524 1601 2559 circa
1617 2522 1764 2560 Solem
1785 2525 1830 2559 in

286 2579 316 2604 21
1588 2577 1830 2613 contrarias
