2209 3213
382 245 430 281 42
874 241 955 279 DE
978 239 1202 279 MUNDI
1223 237 1523 276 AETHEREI

867 353 898 399 p
956 358 1043 384 vna
1060 357 1160 383 cum
1180 344 1313 382 latere
1331 343 1418 387 CP,
1441 343 1612 381 dabitur
1630 342 2014 390 perpendicularis,

957 399 993 437 C
1003 399 1049 443 B,
1062 399 1104 436 P.
1118 398 1170 436 10.
1185 397 1247 435 M.
1260 397 1323 434 28.
1341 397 1391 434 Et
1402 401 1615 443 praeterea
1626 407 1679 433 ex
1691 395 1862 434 duobus
1874 396 2014 434 lateri-

957 452 1037 489 bus
1050 453 1241 499 cognitis,
1255 449 1427 487 dabitur
1438 449 1518 493 PB,
1532 449 1574 486 P.
1584 449 1647 487 80.
1660 449 1723 487 M.
1734 449 1796 493 52,
1810 460 1910 496 quae
1922 448 2014 487 sub-

956 505 1044 542 lata
1067 516 1093 542 a
1116 504 1202 546 PA,
1226 503 1430 549 relinquit
1454 502 1550 545 BA,
1575 502 1618 539 P.
1644 502 1696 540 14.
1722 502 1785 540 M.
1809 502 1871 540 55.
1896 501 2014 548 Qua-

956 563 1130 604 propter
1157 559 1203 594 in
1225 555 1464 603 Triangulo
1487 553 1753 603 Rectangulo
1775 555 1920 600 CBA,
1946 567 2014 593 co·
2053 569 2068 594 5

955 612 1082 658 gnitis
1094 613 1183 648 iam
1195 609 1366 647 duobus
1379 610 1492 646 circa
1507 606 1672 646 reclum
1687 608 1907 653 lateribus,
1924 620 2015 646 non

955 663 1226 711 ignorabitur
1242 662 1384 700 eidem
1399 661 1646 699 subtensum
1661 661 1775 699 latus
1790 661 1887 705 CA,
1904 661 1946 699 P.
1960 661 2013 700 18.

957 716 1019 753 M.
1043 716 1080 760 9,
1111 727 1211 763 quae
1241 714 1485 753 distantiam
1514 726 1541 752 a
1570 714 1697 752 Luna
1725 713 2014 762 repraesentat,

442 766 479 809 C
809 752 853 797 Β
956 781 1090 816 quarn
1102 774 1250 807 tamen
1262 779 1343 806 nos
1354 768 1582 815 aliquanto
1594 764 1608 817 ΙΙ
1620 769 1835 805 maiorem
1844 769 2013 805 inueni·
2047 774 2089 806 4ο

453 801 638 923 λ
955 834 1065 866 mus,
1089 821 1176 860 flue
1194 832 1380 869 vapores
1401 823 1513 859 circa
1529 821 1834 865 Horizontem,
1856 832 1956 858 cum
1982 822 2010 866 (ζ
2055 833 2085 858 ιο

389 898 442 939 D
957 876 1049 912 esset
1071 874 1239 913 occasui
1259 874 1500 912 admodum
1520 875 1676 918 vicina,
1700 873 2014 912 obseruationis

956 928 1259 966 certitudinem
1277 927 1598 975 impediuerint,
1618 927 1706 965 fiue
1727 928 1870 974 optica
1885 929 2013 965 ratio-

859 988 927 1049 Α
956 993 1011 1019 ne
1027 981 1161 1019 talem
1176 980 1468 1018 differentiam
1488 991 1623 1027 prope
1640 980 1933 1018 Horizontem
1950 981 2013 1017 in-

956 1034 1166 1077 finuante,
1189 1039 1232 1071 vt
1257 1033 1312 1072 est
1337 1033 1678 1071 demonstratum
1702 1035 1747 1071 in
1771 1033 1936 1080 Opticis
1958 1032 2013 1071 ab

371 1087 573 1125 Alhazen
598 1087 635 1125 &
658 1086 903 1125 Vitellione.
930 1087 1021 1134 Ipse
1044 1089 1176 1125 etiarn
1198 1087 1430 1134 aliquoties
1452 1092 1542 1124 tam
1564 1088 1610 1124 in
1633 1086 1733 1124 Sole
1756 1097 1891 1133 quam
1915 1085 2012 1134 alijs
2054 1098 2083 1124 15

371 1141 603 1183 Sideribus,
627 1152 717 1178 non
738 1140 824 1178 fine
846 1140 1148 1184 admiratione,
1171 1151 1224 1178 ea
1244 1140 1340 1188 alijs
1363 1142 1408 1177 in
1431 1139 1549 1182 locis,
1573 1151 1708 1186 quam
1728 1151 1885 1177 reuera
1904 1138 2011 1183 sunt,

371 1194 548 1240 quando
560 1193 794 1231 Horizonti
810 1193 1050 1240 plurimum
1066 1195 1434 1240 appropinquant,
1451 1204 1663 1240 apparere
1676 1191 1956 1240 deprehendi,
1974 1191 2012 1230 &

369 1246 541 1284 differre
566 1246 811 1284 sensibiliter
836 1246 890 1283 ab
917 1248 981 1290 iis,
1012 1258 1112 1293 quae
1137 1246 1294 1284 altiora
1319 1248 1440 1284 iuxta
1466 1246 1767 1283 Meridianum
1792 1245 2009 1293 possident,

370 1299 480 1337 adeo
496 1304 540 1337 vt
556 1311 656 1337 cum
671 1304 817 1337 motus
833 1311 988 1337 eorum
1004 1299 1049 1336 fit
1065 1311 1221 1337 reuera
1237 1301 1282 1336 in
1299 1297 1520 1342 dimdium,
1542 1304 1691 1336 tamen
1709 1301 1755 1336 in
1772 1299 1883 1337 Ortu
1899 1300 2012 1336 circa

368 1352 587 1390 finitorem
616 1352 940 1399 aliquantulum
972 1364 1074 1390 eum
1105 1352 1347 1399 anticipasse
1372 1352 1614 1396 videantur,
1644 1354 1690 1389 in
1716 1351 1882 1390 Occasu
1906 1363 2011 1389 vero
2049 1363 2083 1389 20

368 1407 555 1442 nimium
580 1405 839 1449 accelerasse,
866 1405 984 1452 quod
1010 1407 1141 1443 etiam
1166 1405 1221 1443 ab
1246 1405 1343 1452 alijs
1368 1404 1724 1443 animaduersum
1746 1405 1892 1448 video;
1918 1409 1961 1442 vt
1985 1416 2012 1442 a

369 1458 732 1496 GVALTHERO
749 1458 957 1505 discipulo
974 1458 1308 1505 Regiomontani
1324 1460 1370 1495 in
1387 1457 1601 1505 Catalogo
1617 1457 1795 1496 suarum
1811 1457 2010 1496 obserua-

367 1513 537 1548 tionum
553 1511 784 1555 indicatur;
807 1511 857 1548 Et
878 1510 1170 1548 illustrissimus
1190 1511 1393 1558 Princeps
1409 1511 1774 1549 WILHELMVS
1792 1511 2010 1558 Landgra—

367 1565 467 1601 uius
483 1564 655 1608 Hassiae,
676 1564 853 1611 ipsemet
873 1563 982 1601 mihi
1003 1566 1211 1606 narrauit,
1232 1564 1272 1602 se
1292 1564 1513 1602 multoties
1531 1564 1717 1612 idipsum
1733 1566 1846 1602 circa
1862 1564 2009 1602 Solem

367 1617 594 1661 decliuem,
606 1617 717 1655 adeo
728 1622 772 1654 vt
783 1628 917 1664 prope
930 1617 1234 1661 Horizontem,
1247 1629 1273 1655 a
1284 1617 1395 1661 loco,
1408 1628 1540 1664 quem
1551 1619 1597 1655 in
1610 1617 1797 1656 Meridie
1809 1617 2007 1661 obtinuit,
2046 1629 2079 1654 25

368 1669 487 1716 quafi
502 1670 776 1718 retrogradus
792 1669 926 1713 fieret,
943 1670 1301 1708 animaduertisse.

432 1751 837 1796 ANNOTATIO
860 1752 1219 1797 AUTHORIS
1241 1752 1279 1796 E
1302 1752 1838 1797 POSTERIORIBUS
1861 1752 1935 1797 IN

648 1820 815 1858 LUNA
837 1819 1393 1858 OBSERUATIONIBUS
1414 1820 1724 1859 DERIUATA.

474 1880 603 1924 OTA,
619 1882 662 1919 id
679 1882 796 1928 quod
813 1881 1009 1920 distantia
1024 1882 1163 1920 Lunae
1179 1894 1206 1920 a
1221 1882 1318 1920 loco
1331 1882 1542 1927 Cometae,
1561 1881 1731 1920 differat
1747 1884 1871 1921 tertia
1886 1888 2007 1930 parte

486 1936 617 1971 unius
632 1935 790 1982 gradus
807 1935 860 1972 ab
880 1934 969 1981 ipsa
985 1934 1313 1978 Obseruatione,
1335 1947 1426 1973 non
1446 1935 1633 1973 totaliter
1654 1937 1832 1973 euenire
1852 1938 2005 1983 potuit,
2044 1948 2078 1973 30

364 1986 419 2024 ob
435 1985 703 2025 refrac'lionis
719 1988 1032 2034 impedimenta
1051 1987 1135 2025 sese
1156 1990 1278 2026 iuxta
1294 1988 1588 2026 Horizontem
1608 1988 1885 2033 insinuantia,
1907 2000 2007 2027 curn

365 2050 417 2077 ea
432 2042 508 2077 uix
524 2045 689 2077 tantam
706 2042 993 2087 quantitatem
1009 2052 1062 2078 eo
1078 2043 1123 2078 in
1139 2041 1217 2079 fitu
1229 2043 1426 2089 attingat;
1443 2041 1527 2080 Sed
1538 2041 1677 2079 multo
1690 2043 1834 2089 potius
1846 2042 1901 2080 ob
1913 2041 2005 2080 lati-

363 2092 560 2130 tudinem
576 2093 715 2130 Lunae
731 2095 983 2137 maximam,
1002 2105 1093 2131 non
1109 2094 1207 2131 satis
1224 2093 1335 2132 rec'te
1352 2096 1473 2132 iuxta
1490 2094 1714 2132 Ptolemaei
1730 2094 1890 2142 placita
1906 2106 2005 2133 con-

362 2144 564 2189 stitutam;
587 2157 721 2193 quam
738 2148 855 2184 enim
876 2149 911 2184 is
930 2149 1119 2193 partium
1135 2147 1309 2194 praecil‘e
1325 2148 1348 2185 5
1366 2148 1442 2185 esse
1459 2159 1512 2185 ex
1528 2147 1904 2186 obseruationibus
1920 2147 2004 2186 suis

363 2198 659 2245 deprehendit,
672 2200 858 2237 eandem
868 2211 960 2243 nos,
973 2202 1185 2238 accuratis
1195 2200 1361 2247 aliquot
1371 2200 1836 2245 animaduersionibus,
1849 2205 2005 2248 quarta
2042 2212 2075 2238 35

362 2256 483 2297 parte
498 2252 657 2298 gradus
673 2254 887 2289 maiorem
903 2253 1227 2297 adinuenimus,
1244 2259 1291 2291 ut
1306 2253 1352 2291 fit
1368 2265 1524 2292 reuera
1539 2253 1582 2291 P.
1595 2254 1631 2292 5.
1648 2253 1711 2291 M.
1725 2254 1779 2297 15,
1796 2253 2003 2300 quemad-

362 2304 544 2341 modum
562 2306 607 2341 in
625 2304 768 2351 Opere
788 2317 888 2342 meo
904 2305 1207 2344 Allronomico
1230 2306 1369 2351 (DEO
1391 2307 1618 2344 conatibus
1639 2306 1789 2344 nostris
1809 2306 2002 2353 fauente)

362 2356 601 2403 aliquando
621 2357 750 2395 latius
772 2369 825 2395 ex
848 2358 944 2405 ipsis
964 2358 1352 2397 Obseruationibus
1373 2359 1680 2406 comprobabo.
1703 2359 1834 2405 Quod
1855 2365 2003 2397 autem

361 2414 451 2447 tam
466 2409 669 2447 senfibilis
686 2410 941 2453 differentia,
963 2413 1074 2449 inter
1089 2411 1401 2450 Ptolemaicam
1417 2412 1455 2450 &
1471 2412 1658 2450 nostram
1674 2412 1949 2450 latitudinem
1970 2414 1999 2458 (ζ

361 2464 614 2507 maximam,
627 2465 859 2510 ingeratur,
872 2475 963 2501 non
975 2464 1029 2502 ob
1041 2464 1084 2501 id
1097 2467 1274 2502 euenire
1286 2470 1483 2509 autumo,
1496 2465 1614 2512 quod
1626 2464 2001 2503 obseruationibus
2038 2477 2071 2502 40

361 2514 585 2553 Ptolemaei
600 2527 690 2553 non
706 2516 803 2554 satis
818 2521 910 2554 tuto
927 2516 1152 2555 fidendum
1168 2518 1373 2561 iudicem;
1391 2517 1492 2555 Erat
1509 2519 1627 2555 enim
1642 2517 1705 2555 illi
1721 2529 1856 2565 quam
1866 2517 1999 2556 facili-

1862 2582 1997 2615 mum,
