2209 3213
656 204 739 242 DE
760 203 1032 242 COMETA
1053 204 1221 242 ANNI
1242 204 1349 243 1585
1747 204 1824 242 407

123 316 143 347 ÷
181 316 444 351 mereantur.
456 310 625 348 Tribuit
639 310 817 357 quidem
831 310 1098 348 Ptolomaeus
1109 310 1297 348 Piscibus
1310 310 1408 349 loca
1422 310 1628 358 quaedam
1639 310 1824 349 Turcico

181 367 369 413 Imperio
387 376 504 402 nunc
522 362 722 407 subiecta,
744 362 782 400 8(
802 365 1064 401 recentiores
1085 364 1251 401 addunt
1268 364 1536 408 Calabriam,
1557 364 1825 402 Lusitaniam

180 424 312 466 atque
329 418 605 461 Hiberniam,
622 417 762 454 Arieti
777 427 882 454 vero
899 417 1186 460 Britanniam,
1209 416 1513 462 Germaniam,
1530 417 1771 465 Vngariam
1787 418 1825 456 &

181 471 343 511 Galliae
363 475 533 519 partem
549 469 666 508 idem
682 469 948 507 Ptolomaeus
969 470 1159 516 deputat,
1181 470 1339 517 quibus
1356 470 1578 508 Neoterici
1594 470 1824 509 Poloniam

127 538 143 563 5
180 527 410 567 minorem,
430 522 698 571 Burgundiae
714 522 951 565 Ducatum,
970 522 1164 560 Silefiam
1182 523 1219 560 8(
1236 523 1447 561 Sueuiam
1463 524 1718 571 adiungunt.
1741 523 1825 562 Sed

179 578 248 616 his
259 588 417 625 parum
428 576 696 615 certitudinis
707 575 862 613 subesse
874 575 1072 622 suspicor.
1086 575 1194 613 Mea
1204 577 1409 623 equidem
1418 576 1627 615 sententia
1637 576 1824 616 Effectus

179 631 313 669 huius
325 630 524 668 Cometae
540 632 586 667 in
602 640 655 667 00
671 628 908 676 praesertim
919 628 1067 666 Terrae
1083 627 1222 666 tractu
1237 630 1455 677 vigebunt,
1473 632 1547 677 qui
1565 630 1704 678 ipsum
1719 636 1824 668 tem-

179 695 284 732 pore
301 683 534 730 Nouilunij
552 684 752 729 proxime
767 681 986 729 sequentis
1001 683 1047 719 in
1064 682 1240 720 cardine
1254 682 1390 730 Medij
1406 682 1521 721 Coeli
1535 695 1624 721 vna
1637 695 1738 721 cum
1750 683 1824 722 Sa-

179 743 309 776 turno
329 736 588 784 angularem
605 735 643 773 &
659 735 882 773 eleuatum
903 734 1165 779 habuerunt,
1187 735 1229 773 id
1250 736 1369 782 quod
1390 738 1434 773 in
1455 738 1679 784 praecipua
1695 736 1732 774 &
1749 748 1823 784 po-

111 803 168 834 105-
178 791 328 829 tissima
341 794 463 837 parte
476 791 608 827 totius
620 789 810 835 Europae
827 789 1015 836 contigit,
1032 799 1059 826 a
1073 787 1345 836 longitudine
1362 789 1560 827 locorum
1576 790 1617 828 15
1634 792 1825 837 partium

179 843 217 882 &
233 843 469 891 praesertim
484 842 631 880 versus
647 841 877 880 meridiem
888 841 1021 888 vsque
1033 843 1078 879 in
1089 841 1409 889 longitudinem
1424 845 1615 889 partium
1626 843 1678 881 40
1690 855 1825 890 quarn

178 898 390 944 proxime,
411 895 486 933 sub
503 905 592 943 quo
608 895 756 933 Terrae
772 894 916 942 spacio
933 894 1162 941 Hispania,
1184 895 1321 939 Italia,
1342 895 1503 940 Gallia,
1520 896 1694 944 Anglia,
1714 896 1824 935 Ger-

178 951 341 993 mania,
367 949 529 992 Dania,
555 949 781 996 Noruegia
804 947 842 985 8(
865 947 1022 986 Suecia
1044 947 1489 995 comprehenduntur.
1516 949 1599 987 Sed
1625 951 1825 996 inprimis

179 1003 382 1041 videntur
397 1002 580 1040 indicari
597 1001 735 1045 Italia,
753 1001 999 1039 Germania
1015 1001 1053 1039 &
1069 1001 1243 1048 Anglia,
1261 1013 1313 1039 eo
1330 1002 1448 1049 quod
1465 1004 1510 1039 in
1527 1002 1652 1040 Italia
1664 1002 1701 1040 8(
1715 1002 1824 1041 Ger-

111 1069 141 1094 15
178 1057 330 1094 mania
347 1055 533 1094 Cometa
549 1066 684 1102 quam
700 1056 899 1102 proxime
916 1056 1029 1101 apici
1046 1054 1183 1102 Medij
1204 1054 1319 1092 Coeli
1336 1056 1508 1099 accessit‚
1527 1055 1565 1093 8(
1582 1055 1826 1094 Germania

178 1109 353 1157 insuper
368 1109 503 1146 veluti
520 1108 558 1146 8(
573 1108 735 1156 Anglia
751 1107 868 1155 figno
880 1108 1053 1151 Arietis,
1071 1108 1189 1154 quod
1206 1107 1393 1146 Cometa
1408 1108 1692 1155 pertranfiuit,
1710 1111 1824 1147 attri-

75 1163 384 1201 Dd2vbuuntur.
406 1162 623 1199 Praeterea
638 1161 773 1199 veluti
789 1163 825 1198 is
842 1157 856 1211 ΙΙ
872 1163 919 1198 in
935 1160 1221 1198 Meridionali
1239 1161 1355 1199 Coeli
1370 1167 1491 1209 parte
1508 1164 1667 1208 incepit
1683 1162 1721 1200 8(
1736 1162 1825 1200 suc-

178 1216 328 1254 cessiue
344 1215 492 1253 versus
509 1215 698 1253 Boream
715 1213 753 1251 &
770 1214 929 1253 Ortum
944 1214 1182 1261 progressus
1199 1214 1265 1258 est,
1286 1214 1338 1252 fic
1355 1216 1488 1252 etiam
1503 1217 1622 1252 virus
1638 1215 1825 1253 suumin

178 1268 518 1307 Australioribus
530 1268 568 1306 8(
582 1267 1005 1306 Occidentalioribus
1017 1267 1207 1314 Europae
1222 1267 1328 1305 locis
1342 1267 1576 1311 inchoabit,
1594 1268 1824 1315 paulatim-

108 1334 168 1365 20-1-
180 1333 265 1370 que
280 1321 428 1360 versus
443 1321 795 1369 Septentrionem
811 1320 850 1358 8(
867 1321 1025 1359 Ortum
1042 1320 1337 1358 disseminabit.
1355 1317 1369 1370 ΙΙ

80 1382 168 1414 232r
232 1375 348 1413 Inter
363 1374 566 1413 homines
582 1386 674 1422 prae
691 1376 858 1412 caeteris
871 1374 1049 1421 obnoxij
1064 1379 1191 1412 erunt
1202 1374 1388 1421 publicis
1400 1374 1731 1418 calamitatibus,
1749 1377 1824 1422 qui

179 1427 433 1467 consensum
458 1428 654 1475 aliquem
678 1427 947 1475 peculiarem
970 1427 1009 1465 8(
1032 1429 1261 1474 proprium
1286 1428 1483 1466 obtinent
1507 1439 1608 1465 cum
1632 1428 1824 1476 generali

178 1481 490 1530 significatione
506 1481 788 1519 Planetarum
809 1480 847 1518 8(
867 1480 1100 1528 lignorum,
1122 1492 1313 1527 quorum
1334 1486 1505 1519 naturae
1522 1481 1708 1519 Cometa
1724 1493 1824 1519 con-

177 1535 376 1583 spirabat,
393 1534 437 1573 id
453 1535 572 1582 quod
588 1534 732 1582 colligi
747 1533 880 1581 potest
896 1545 919 1572 e
935 1533 1242 1581 superioribus,
1259 1534 1331 1572 vbi
1345 1534 1397 1572 de
1412 1545 1569 1582 genere
1582 1540 1824 1572 euentuum

106 1601 140 1626 25
177 1588 398 1636 agebatur.
422 1588 568 1691 lRIimis
589 1589 708 1626 enim
728 1587 987 1635 perplexum
1007 1587 1116 1625 foret
1137 1589 1289 1625 omnia
1308 1587 1602 1635 particulatim
1622 1587 1706 1626 hoc
1726 1587 1824 1626 loco

178 1641 422 1680 enucleare.

74 1701 175 1734 Dd2v
231 1695 300 1733 De
313 1700 510 1742 tempore
525 1700 768 1732 euentuum
780 1693 903 1732 restat
914 1694 1068 1732 vltima
1079 1693 1376 1738 consideratio,
1394 1705 1494 1741 quae
1506 1694 1604 1732 licet
1615 1693 1670 1732 ab
1682 1693 1824 1732 Astro-

178 1749 286 1796 logis
306 1759 399 1786 non
418 1747 679 1786 sufficienter
699 1747 920 1786 declarata
939 1747 997 1791 fit,
1018 1759 1124 1785 vero
1145 1747 1279 1785 limile
1300 1752 1449 1785 tamen
1464 1747 1634 1785 videtur
1650 1749 1824 1785 initium

179 1813 334 1840 eorum
354 1801 552 1839 futurum
572 1803 618 1839 in
638 1812 740 1839 vere
760 1800 893 1838 huius
914 1803 1020 1839 anni
1041 1801 1148 1844 1586,
1171 1801 1350 1848 quando
1371 1803 1416 1838 in
1437 1800 1602 1838 Martio
1624 1800 1662 1837 &
1682 1800 1824 1847 Aprili

109 1867 143 1893 30
179 1866 272 1893 non
279 1854 420 1893 solum
430 1854 505 1893 Sol
513 1854 583 1892 sed
593 1856 738 1892 caeteri
747 1865 902 1892 omnes
912 1853 1117 1898 Planetae,
1129 1859 1309 1901 excepto
1319 1854 1409 1892 solo
1419 1854 1537 1897 Ioue,
1548 1853 1664 1901 signa
1674 1856 1711 1897 )(
1721 1853 1824 1897 ἂν,

179 1910 226 1946 111
241 1907 400 1956 quibus
416 1907 604 1946 Cometa
618 1907 881 1952 versabatur,
898 1907 1212 1955 pertranseunt,
1228 1907 1347 1945 velut
1363 1907 1463 1945 fitus
1480 1909 1611 1945 etiam
1626 1906 1825 1945 Cometae

179 1963 226 2000 in
241 1961 436 2009 opposito
451 1960 563 1999 Solis
577 1961 632 1999 ad
647 1960 878 1999 dimidium
892 1960 1029 1999 ferme
1043 1972 1214 1999 annum
1227 1959 1415 1999 Effectus
1427 1960 1589 1999 differri
1601 1960 1825 1998 innuebat.

121 2018 142 2049 †
233 2015 527 2053 Durationem
549 2026 654 2052 vero
680 2014 923 2053 eorundem
948 2014 1004 2052 ad
1028 2016 1264 2052 minimum
1287 2016 1453 2062 integro
1477 2025 1596 2051 anno
1619 2013 1825 2057 futuram,

179 2068 281 2106 inde
302 2067 528 2116 colligitur,
550 2068 668 2115 quod
689 2067 876 2106 Cometa
896 2067 967 2106 hic
987 2067 1122 2115 paulo
1142 2067 1255 2105 vltra
1272 2079 1407 2106 vnam
1428 2067 1567 2105 Lunae
1588 2066 1825 2105 reuolutio-

82 2128 168 2160 232v
179 2133 282 2159 nem
297 2121 604 2169 perseuerauit,
621 2118 636 2171 ΙΙ
652 2126 695 2159 at
706 2121 736 2159 fi
747 2132 826 2169 pro
842 2121 1017 2169 singulis
1033 2122 1320 2168 apparitionis
1332 2121 1484 2159 diebus
1495 2120 1689 2158 mensem
1701 2122 1746 2158 in
1759 2120 1826 2158 Ef-

179 2173 372 2213 fedtuum
382 2179 579 2222 tempore
591 2175 864 2218 assumemus,
879 2180 922 2212 vt
937 2174 1196 2222 quibusdam
1207 2174 1359 2221 placet,
1377 2176 1423 2212 in
1436 2179 1576 2212 totum
1588 2175 1826 2211 triennium

179 2228 487 2275 producentur.
505 2228 623 2275 quod
639 2234 788 2266 tamen
799 2239 826 2266 a
837 2233 927 2266 tam
939 2228 1040 2265 exili
1052 2227 1289 2265 &tenuiter
1300 2232 1538 2275 apparente
1552 2227 1738 2265 Cometa
1750 2226 1826 2264 ali-

76 2287 315 2320 Dd2venum
331 2282 407 2319 esse
423 2281 619 2319 arbitror.
637 2278 652 2331 ΙΙ
669 2281 807 2319 Erunt
822 2286 972 2319 autern
983 2281 1038 2319 ab
1050 2282 1174 2318 initio
1188 2283 1234 2319 in
1245 2293 1346 2319 vere
1359 2281 1396 2318 8(
1409 2280 1550 2319 aestate
1564 2279 1751 2318 Effectus
1763 2282 1825 2317 in-

179 2334 397 2379 tenfiores,
419 2336 495 2382 qui
515 2334 672 2373 deinde
693 2334 908 2382 paulatim
927 2336 1192 2372 remittentes
1208 2336 1255 2372 in
1270 2339 1486 2372 autumno
1504 2333 1541 2371 8(
1558 2333 1716 2382 hyeme
1733 2332 1826 2371 sub-

109 2400 143 2425 40
179 2387 384 2435 sequente
400 2387 697 2435 languidiores
713 2387 961 2425 reddentur.

234 2441 380 2488 Atque
396 2440 492 2479 haec
504 2441 556 2479 de
570 2441 769 2480 Cometae
786 2440 918 2479 huius
933 2439 1167 2479 Effeetibus
1182 2440 1441 2489 generaliter
1457 2442 1501 2478 in
1518 2440 1714 2478 medium
1730 2450 1826 2486 pro-

181 2494 269 2532 lata
289 2494 373 2532 hoc
393 2494 490 2532 loco
511 2494 736 2532 sufficiant.
759 2494 1071 2532 Particularern
1092 2496 1137 2531 in
1158 2494 1226 2531 his
1247 2493 1575 2541 praedictionem
1596 2492 1825 2533 instituere,

181 2547 436 2596 Astrologi-ae
452 2553 590 2586 metas
607 2548 785 2586 excedit.
803 2544 818 2597 ΙΙ
1746 2544 1825 2582 DE
