2209 3213
108 712 173 743 262

129 824 160 848 10

127 1090 157 1114 15

122 1355 155 1380 20

120 1621 152 1645 25

118 1887 152 1912 30

99 2146 163 2178 263

116 2418 149 2443 40

519 228 1042 267 RECENTIORIBUS
1062 227 1520 266 PHAENOMENIS
1775 229 1843 266 219

199 334 307 372 fium
323 334 361 371 &
378 334 563 372 Dierum
579 333 618 371 se
635 335 826 372 inuicem
846 334 1196 382 subsequentium
1216 334 1380 378 seriem,
1403 334 1538 381 (quod
1556 334 1628 372 ille
1645 346 1735 371 non
1752 334 1841 372 vbi-

199 399 284 435 que
301 387 487 433 curauit)
504 387 668 430 ordine,
686 387 741 425 ad
758 387 929 425 easdem
946 388 1103 434 quibus
1119 387 1216 425 vsus
1233 387 1300 431 est,
1317 387 1458 431 Fixas,
1476 387 1787 434 expendemus.

251 439 408 478 Prima
416 440 471 478 ab
481 439 556 477 illo
565 439 714 478 habita
722 440 979 478 Obseruatio
989 440 1159 478 fuitDie
1167 440 1248 478 XII
1256 440 1536 483 Nouembris,
1547 440 1842 478 circaHoram

198 493 360 531 sextam
377 493 743 537 Pomeridianam,
761 494 940 540 quando
956 496 1027 538 ait,
1044 493 1083 531 se
1100 493 1370 531 adminiculo
1386 493 1448 530 fili
1464 495 1670 531 inuenisse
1683 493 1841 531 Come-

198 552 287 584 tam
303 548 349 584 in
365 546 521 584 eodem
538 545 715 584 Circulo
732 558 905 594 magno,
927 558 1027 584 cum
1044 546 1176 584 Stella
1193 546 1379 584 Decima
1399 548 1445 584 in
1460 546 1690 584 Asterismo
1708 546 1841 594 Sagit-

197 601 307 647 tarij,
324 599 362 636 8(
379 598 544 636 Lucida
560 599 770 643 Coronae;
792 599 911 643 Item,
933 601 978 637 in
999 599 1087 637 alio
1104 611 1204 637 cum
1221 599 1352 637 Sexta
1367 599 1562 644 Piscium,
1580 599 1618 637 &
1634 600 1779 637 Prima
1799 605 1840 644 Z,

197 652 387 699 hincque
407 664 429 690 e
447 651 765 699 praesuppositis
785 652 945 690 harum
963 652 1213 690 Affixarum
1233 652 1352 695 locis,
1374 652 1611 690 secundum
1632 664 1841 690 numeros

196 705 467 743 Tabularum
477 702 842 755 Pru-utenicarum
854 707 899 743 in
911 707 1030 752 prius
1041 706 1244 753 assignata
1252 705 1434 743 Tabella
1443 717 1469 743 a
1478 706 1604 743 nobis
1616 706 1840 750 indicatos,

197 758 367 806 colligit,
384 770 461 805 per
477 758 632 796 calculi
647 764 845 796 tenorem
862 758 1017 806 Capite
1034 758 1201 805 Quinto
1218 769 1244 796 a
1260 758 1299 795 se
1317 758 1569 805 expolitum,
1589 758 1840 806 Longitudi-

197 823 300 849 nem
316 812 515 849 Cometae
531 813 576 849 in
591 811 646 849 G.
658 812 694 849 3.
708 812 771 849 M.
784 812 834 849 43
850 817 890 855 z,
908 823 1008 849 cum
1025 811 1271 849 Latitudine
1288 812 1404 859 grad.
1422 812 1458 855 7,
1474 813 1627 849 minut.
1645 812 1668 849 5
1686 812 1839 849 Borea.

196 864 361 902 Verum
378 864 407 902 fi
422 865 522 902 [itus
539 865 779 903 earundem
795 864 1028 902 Stellarum
1043 866 1165 902 iuxta
1180 864 1368 901 nostram
1385 864 1730 902 verificationem
1746 867 1840 912 pari

196 917 412 955 Methodo
424 917 726 960 adhibeantur,
739 918 925 964 prodibit
937 917 1135 955 Cometae
1148 917 1392 964 Longitudo
1404 919 1449 954 in
1462 918 1516 955 G.
1527 918 1563 955 4.
1575 918 1637 955 M.
1648 918 1672 955 2
1686 923 1726 961 Z,
1740 930 1839 955 cum

196 971 443 1008 Latitudine
464 971 506 1008 P.
528 971 564 1008 6.
586 971 649 1008 M.
671 971 721 1008 34
742 971 900 1014 Borea;
922 971 1041 1017 quod
1060 970 1309 1008 sensibiliter
1328 970 1382 1008 ab
1403 970 1532 1017 ipsius
1553 973 1839 1008 annotatione

196 1023 348 1061 differt.
361 1024 412 1061 Et
420 1023 449 1061 fi
459 1024 625 1061 Arcum
635 1023 864 1071 separatim
876 1021 1054 1061 duc‘tum
1064 1035 1090 1061 a
1099 1023 1212 1061 binis
1222 1023 1376 1067 Stellis,
1386 1023 1458 1061 vbi
1467 1025 1502 1061 is
1512 1026 1630 1061 viam
1641 1023 1839 1061 Cometae

194 1077 430 1121 intersecat,
452 1088 528 1124 per
543 1076 584 1114 se
601 1076 1034 1119 confiderauerimus‚
1050 1076 1241 1114 transibit
1257 1076 1329 1113 ille
1346 1078 1421 1123 qui
1437 1088 1464 1114 a
1480 1076 1610 1114 Sexta
1632 1079 1669 1120 )(
1692 1078 1738 1114 in
1753 1077 1840 1114 Pri-

193 1141 314 1168 mam
343 1135 383 1174 Ζ,
415 1130 613 1168 Cometae
638 1131 869 1173 tramitem,
898 1141 986 1176 quo
1012 1130 1067 1167 ad
1093 1129 1312 1176 Eclipticae
1338 1129 1688 1177 Longitudinem,
1718 1132 1841 1168 iuxta

193 1183 309 1230 grad.
331 1183 367 1221 2.
388 1184 493 1220 min.
514 1183 565 1220 26
589 1189 630 1227 z,
654 1195 755 1220 cum
775 1183 1023 1220 Latitudine
1045 1182 1100 1220 G.
1121 1182 1157 1220 6.
1180 1182 1243 1220 Μ.
1264 1182 1315 1220 27
1337 1183 1490 1220 Borea.
1513 1183 1552 1220 Is
1572 1194 1690 1226 vero,
1715 1185 1789 1230 qui
1813 1195 1840 1220 a

194 1236 379 1274 Decima
391 1236 606 1284 Sagittarii
622 1238 667 1273 in
684 1236 895 1274 Lucidam
907 1235 1113 1279 Coronae,
1131 1235 1287 1273 eodem
1302 1236 1436 1273 modo
1454 1235 1672 1273 exhibebit
1684 1236 1839 1283 Longi-

192 1289 390 1327 tudinem
410 1291 455 1326 in
475 1289 592 1337 grad.
609 1289 645 1327 3.
662 1291 815 1327 minut.
833 1289 883 1327 34
904 1295 945 1333 z,
967 1289 1004 1327 &
1026 1289 1322 1327 Latitudinem
1342 1289 1385 1326 P.
1403 1290 1438 1327 7.
1457 1289 1520 1327 M.
1537 1290 1573 1327 5.
1596 1289 1659 1326 Ex
1681 1289 1839 1336 quibus

192 1342 290 1380 satis
305 1348 498 1390 apparet,
515 1354 606 1380 non
622 1345 668 1380 in
684 1343 875 1380 eundem
890 1342 1038 1380 locum
1054 1342 1244 1380 incidere
1262 1341 1507 1386 Cometam,
1524 1342 1611 1380 siue
1628 1341 1682 1380 ab
1699 1345 1838 1380 omni-

191 1396 272 1434 bus
282 1400 471 1443 quatuor
480 1396 622 1434 Stellis
631 1395 768 1440 simul,
780 1395 868 1433 s1ue
880 1395 1052 1433 seorsim
1062 1395 1305 1433 instituatur
1316 1395 1546 1442 inquisitio
1560 1395 1839 1443 Quapropter

192 1448 388 1496 idipsum,
415 1449 532 1496 quod
558 1449 685 1496 supra
710 1450 974 1493 asseruimus,
1000 1448 1118 1486 hunc
1143 1460 1219 1495 per
1241 1448 1366 1486 filum
1390 1448 1540 1486 Sidera
1565 1448 1838 1487 Obseruandi

191 1502 374 1540 modum
390 1514 481 1540 non
497 1504 620 1540 omni
636 1514 689 1540 ex
706 1507 826 1550 parte
838 1501 1085 1540 absolutum
1097 1503 1186 1545 esse,
1202 1502 1271 1539 sed
1284 1501 1559 1539 solummodo
1570 1501 1642 1539 vbi
1654 1504 1838 1539 certiora

191 1555 337 1593 media
352 1557 398 1592 in
413 1560 589 1602 promtu
604 1567 696 1593 non
711 1555 818 1599 sunt,
840 1556 1090 1593 necessitatis
1107 1567 1208 1603 ergo
1224 1555 1392 1593 admitti
1413 1555 1536 1602 posse,
1557 1555 1627 1592 vel
1647 1554 1731 1592 hoc
1747 1555 1837 1592 solo

191 1610 490 1655 experimento
503 1608 823 1656 comprobatur.
837 1608 905 1646 Sic
917 1610 1049 1646 etiam
1060 1610 1105 1645 in
1116 1610 1282 1646 caeteris
1292 1608 1473 1646 euidens
1483 1607 1710 1645 discrimen
1720 1613 1836 1655 pate-

190 1661 262 1705 bit,
278 1661 308 1698 fi
324 1663 421 1709 quis
436 1661 749 1700 Intersedtionis
765 1662 912 1699 locum
928 1673 954 1699 a
970 1667 1159 1708 quatuor
1171 1662 1203 1698 F
1205 1663 1287 1699 ixis
1303 1663 1649 1708 prouenientem,
1667 1672 1767 1698 curn
1784 1673 1836 1699 eo

190 1716 266 1762 qui
281 1726 358 1762 per
373 1715 511 1759 binas,
528 1714 746 1762 applicata
763 1715 961 1753 Cometae
977 1717 1060 1758 via,
1078 1714 1257 1758 elicitur,
1274 1714 1522 1762 diligentius
1538 1714 1779 1752 contulerit.

245 1767 461 1806 Secunda
472 1768 742 1811 Obseruatio,
755 1768 839 1805 Die
849 1768 972 1805 XVII
983 1768 1250 1806 Nouembris
1261 1767 1422 1811 habita,
1435 1767 1524 1814 post
1536 1767 1710 1805 Horam
1722 1765 1835 1805 octa-

190 1832 307 1865 uam,
321 1833 343 1859 e
355 1821 472 1859 linea
484 1820 599 1859 reeta
611 1820 739 1859 ducta
750 1833 826 1868 per
839 1821 973 1859 Genu
984 1822 1180 1865 Antinoi,
1193 1821 1231 1858 8(
1243 1820 1492 1859 Secundam
1505 1820 1664 1864 Oloris,
1681 1820 1835 1858 altera-

190 1886 275 1921 que
292 1886 318 1912 a
334 1874 479 1912 Prima
499 1880 524 1914 z
543 1886 620 1922 per
636 1874 834 1912 vltimam
855 1883 912 1919 m,
932 1886 958 1912 a
976 1886 1064 1921 qua
1080 1876 1125 1911 in
1141 1873 1347 1911 Austrum
1363 1874 1545 1911 dimidio
1560 1873 1698 1921 gradu
1714 1873 1835 1912 dista-

188 1927 262 1965 bat
278 1927 476 1971 Cometa,
498 1927 711 1966 constituit
731 1927 793 1965 illi
814 1927 944 1975 ipsius
962 1927 1301 1975 Longitudinem
1321 1929 1367 1964 in
1386 1927 1503 1974 grad.
1521 1927 1583 1964 20.
1601 1928 1705 1964 111111.
1723 1927 1774 1965 50
1794 1932 1834 1971 Z,

189 1992 290 2018 cum
302 1981 549 2019 Latitudine
565 1986 672 2028 part.
686 1981 739 2019 15.
751 1982 856 2018 min.
869 1981 931 2018 26.
949 1981 1022 2018 Ast
1036 1992 1059 2018 e
1074 1979 1274 2018 correctis
1287 1980 1495 2018 Fixarum
1511 1980 1617 2017 locis
1632 1982 1836 2027 prouenit

189 2034 435 2082 Longitudo
451 2035 497 2072 in
512 2034 629 2082 grad.
647 2035 700 2072 19.
717 2036 821 2071 min.
839 2035 862 2072 5
884 2039 924 2078 z,
942 2034 1145 2072 Latitudo
1162 2036 1207 2071 in
1223 2038 1330 2081 part.
1348 2034 1401 2071 15.
1418 2035 1522 2071 min.
1540 2033 1581 2071 l6
1598 2033 1752 2071 Borea.
1773 2033 1836 2071 Ea

187 2099 293 2124 vero
313 2087 432 2125 linea
451 2099 552 2134 quae
573 2087 812 2125 ducebatur
828 2099 855 2125 a
871 2087 1006 2125 Genu
1021 2087 1205 2125 Antinoi
1223 2089 1269 2124 in
1286 2086 1521 2124 secundam
1540 2086 1698 2130 Oloris,
1720 2091 1834 2124 tran-

188 2140 282 2178 fiuit
298 2142 417 2178 viam
434 2140 632 2179 Cometae
649 2143 695 2178 in
710 2140 826 2188 grad.
840 2141 893 2178 19.
905 2142 1010 2178 min.
1022 2140 1047 2178 Ο
1065 2146 1105 2184 z,
1123 2152 1223 2178 cum
1240 2139 1488 2178 Latitudine
1504 2140 1547 2177 P.
1560 2140 1613 2177 14.
1627 2136 1641 2190 ΙΙ
1653 2141 1758 2177 111111.
1770 2140 1834 2184 49,

188 2205 288 2240 quae
309 2205 336 2232 a
355 2194 502 2232 Prima
526 2200 551 2234 Z
574 2196 620 2231 in
640 2193 839 2231 vltimam
864 2203 922 2238 zzz,
944 2195 989 2231 in
1009 2193 1052 2231 P.
1070 2194 1123 2231 19.
1145 2193 1208 2231 Μ.
1225 2193 1276 2231 24
1299 2199 1339 2237 Z,
1362 2193 1610 2231 Latitudine
1632 2193 1834 2230 existente

189 2246 243 2285 G.
260 2247 314 2285 15.
332 2247 395 2285 M.
412 2248 439 2285 l.
457 2247 565 2285 Ecce
581 2247 741 2294 vbique
754 2246 999 2294 Longitudo
1013 2247 1211 2285 Cometae
1227 2248 1430 2293 prouenit
1447 2248 1541 2284 eius
1557 2247 1834 2293 assignatione

186 2299 285 2347 plus
305 2302 471 2348 integro
491 2301 628 2348 gradu
648 2302 852 2344 anterior,
873 2305 917 2337 vt
937 2300 989 2338 de
1006 2300 1254 2338 Latitudine
1276 2299 1387 2337 nihil
1406 2299 1562 2344 dicam,
1584 2310 1684 2346 quae
1702 2301 1834 2337 etiam

187 2365 278 2391 non
293 2353 391 2391 satis
407 2355 626 2392 conuenit.

246 2406 409 2452 Tertia,
427 2407 511 2445 Die
523 2407 690 2445 XXIIII
703 2406 983 2450 Nouembris,
998 2406 1177 2454 quando
1190 2406 1302 2451 dicit,
1315 2406 1548 2444 Cometam
1560 2405 1675 2443 fuisse
1687 2407 1733 2443 in
1744 2417 1833 2443 vno

187 2459 365 2497 Circulo
385 2472 546 2508 magno
568 2472 668 2498 cum
689 2460 891 2498 Secunda
911 2460 1094 2497 Antinoi
1116 2459 1154 2497 8(
1174 2459 1452 2497 Duodecima
1472 2458 1629 2507 Pegasi,
1653 2458 1691 2496 8(
1714 2458 1831 2506 quod

185 2512 304 2551 linea
319 2524 396 2560 per
410 2512 529 2551 hunc
546 2525 568 2551 e
585 2518 741 2561 quarta
757 2522 815 2557 m,
832 2512 1021 2550 diuiserit
1036 2512 1222 2560 spatium
1237 2514 1349 2551 inter
1359 2512 1571 2560 Aquilam
1584 2511 1621 2549 8(
1634 2513 1832 2602 quisnitam

292 2574 343 2599 28*
1628 2576 1699 2602 6111
1749 2576 1830 2607 6111,
