2209 3213
395 210 470 247 462
791 204 1265 243 APOLOGETICA
1288 204 1643 243 RESPONSIO

394 314 577 362 idipsum
597 312 857 350 sufficienter
873 310 942 348 vel
963 310 1063 347 inde
1086 310 1375 358 cognosceres.
1398 311 1455 348 At
1475 310 1505 348 fi
1525 310 1815 350 nihilominus
1831 309 1846 362 ΙΙ
1863 312 2034 351 Nolthi-
2059 320 2096 351 31
2109 328 2119 340 r

394 369 488 405 anis
515 365 862 404 conclusionibus
887 365 1032 410 potius
1057 375 1189 410 qvam
1214 363 1365 402 nostris
1390 363 1710 402 adhaerendum
1731 365 1914 412 judicas,
1944 377 2036 404 non

394 420 554 463 dubito,
572 420 675 465 qvin
691 418 788 464 plus
804 417 933 464 ipfius
949 417 1156 463 partibus,
1173 429 1252 464 pro
1270 429 1333 461 ea,
1352 429 1437 464 qva
1454 429 1554 464 erga
1567 417 1839 456 Aristotelem
1855 417 2035 457 affeetus

394 485 437 510 es
454 472 716 514 credulitate,
737 470 900 512 foveas,
918 481 1050 517 qvam
1066 470 1242 517 ipsemet
1259 470 1481 514 Nolthius‚
1498 470 1527 508 s1
1543 470 1614 508 hic
1630 470 1819 518 praesens
1836 473 1941 516 esset‚
1958 484 2034 510 no-

392 527 555 571 straqve
571 535 736 572 organa
752 524 790 561 &
806 526 851 560 in
868 523 1126 571 peragendis
1143 523 1516 562 observationibus
1533 523 1832 562 discretionem
1848 526 2034 564 intuere·
2073 539 2088 564 5

392 585 471 621 tur,
488 578 561 615 fibi
578 577 810 615 attribuere
827 577 1018 614 auderet.
1040 576 1175 614 Porro
1192 577 1220 614 si
1236 577 1347 615 nihil
1363 577 1482 615 aliud
1500 577 1605 621 esset,
1623 577 1738 624 qvod
1754 577 2034 617 Dedomeno-

392 643 489 669 rum
505 630 633 677 ipsius
650 629 948 667 infirmitatem
964 629 1266 675 manifestaret,
1284 636 1396 668 certe
1412 630 1597 678 idipsum
1613 630 1836 675 sufficeret,
1853 632 1968 679 qvod
1982 643 2035 670 ex

392 685 474 722 illis
487 684 685 730 seqvatur
696 683 928 722 Cometam
941 685 1083 721 unicae
1095 683 1219 721 horae
1231 683 1452 721 interstitio
1464 695 1541 730 per
1553 683 1808 722 Decuncem
1819 684 1978 732 gradus
1990 686 2035 723 in

392 739 611 775 anteriora
626 742 749 774 motu
765 737 1016 784 retrogrado
1032 735 1264 775 retractum
1275 738 1526 784 apparuisse.
1544 737 1659 784 qvod
1671 749 1811 785 neqve
1823 749 1849 776 a
1861 737 2034 776 Maesth-

392 791 494 833 lino,
511 801 651 837 neqve
666 790 875 828 Cornelio
888 790 1093 833 Gemma,
1110 802 1250 837 neqve
1261 790 1490 829 Thaddaeo
1507 790 1744 838 Haggecio,
1763 802 1843 828 nec
1861 793 1992 829 etiam
2008 803 2035 829 a
2076 804 2105 830 ιο

392 844 516 881 nobis
540 848 615 881 aut
637 855 857 890 qvoqvam
881 843 981 885 alio.
1005 845 1077 890 qvi
1098 845 1302 881 attentius
1324 845 1418 891 ejus
1438 844 1642 881 incessum
1661 843 1932 889 scrutaretur,
1955 856 2034 882 un-

392 908 522 944 qvam
534 908 610 944 per
621 901 757 934 totam
769 897 1047 934 durationem
1059 897 1349 935 animadverti
1360 899 1511 944 potuit,
1525 908 1625 935 cum
1636 908 1712 944 per
1723 897 1763 935 se
1775 897 2035 936 falfissimum

391 950 448 994 sit,
467 950 504 988 8(
520 950 589 987 vel
604 950 693 987 solo
711 950 877 988 oculari
892 952 1052 988 intuitu
1068 950 1111 988 id
1127 952 1308 988 minime
1325 950 1419 988 fieri
1435 950 1854 998 deprehendebatur.
1868 951 2034 989 Verum

391 1004 486 1041 haec
503 1008 542 1041 et
558 1003 764 1051 pleraqve
781 1003 868 1041 alia
884 1003 992 1041 liber
1008 1003 1147 1042 noster
1164 1015 1216 1041 eo
1233 1005 1279 1041 in
1294 1003 1404 1047 loco,
1422 1015 1507 1050 qvo
1520 1003 1765 1042 Nolthiana
1780 1003 1938 1051 placita
1952 1004 2034 1043 dis·

392 1058 632 1104 qviruntur,
647 1057 759 1095 adeo
772 1057 994 1094 evidenter
1006 1058 1196 1104 exponit,
1211 1062 1257 1095 ut
1268 1059 1460 1095 veritatis
1472 1057 1742 1095 amatoribus
1754 1069 1933 1104 remqve
1945 1069 2036 1096 om·
2078 1070 2108 1095 15

391 1122 493 1148 nem
514 1121 641 1157 aeqva
661 1112 825 1148 trutina
844 1110 1190 1157 ponderantibus
1206 1109 1469 1149 satisfadtum
1486 1111 1562 1148 esse
1579 1109 1812 1148 confidam.
1835 1110 2037 1158 Cumqve

391 1163 637 1201 Nolthiana
648 1163 723 1201 tibi
735 1168 962 1211 tantopere
974 1164 1207 1208 arrideant,
1219 1169 1413 1202 nontam
1423 1164 1538 1211 qvod
1548 1175 1601 1202 ea
1611 1165 1733 1202 omni
1743 1175 1889 1202 errore
1901 1164 2038 1203 libera

391 1218 479 1260 esse‚
495 1216 594 1254 satis
611 1222 726 1254 certo
742 1216 861 1261 scias,
878 1222 1027 1265 utpote
1045 1219 1117 1265 qvi
1133 1228 1213 1255 nec
1230 1217 1615 1255 instrumentorum
1628 1218 1722 1265 eJus
1734 1217 1945 1255 fabricam
1957 1229 2037 1256 nec

391 1270 647 1308 observandi
663 1272 864 1317 peritiam
881 1272 1100 1319 cognitam
1116 1270 1293 1314 habeas,
1311 1282 1442 1318 qvam
1455 1275 1501 1309 ut
1512 1270 1792 1308 Aristotelicis
1806 1271 2036 1309 assertioni-

389 1324 470 1362 bus
490 1326 786 1371 patrocineris,
809 1336 885 1362 cur
906 1326 1038 1362 etiam
1058 1336 1150 1362 non
1165 1324 1493 1362 VINCHLERI
1514 1326 1806 1371 pronunciata
1826 1330 2037 1371 tanqvam
2075 1336 2108 1361 20

390 1382 484 1415 rata
499 1378 554 1415 ad
571 1377 824 1415 ulteriorem
840 1378 1245 1425 comprobationem
1263 1377 1488 1425 arripuisti,
1506 1379 1654 1415 cumis
1665 1377 1810 1416 adhuc
1822 1379 2037 1425 majorem

390 1442 521 1477 qvam
531 1430 739 1468 Nolthius
749 1431 1000 1469 Parallaxin
1011 1431 1169 1469 astruat
1181 1436 1221 1469 et
1232 1433 1634 1479 argumentationes
1646 1442 1699 1468 ex
1711 1430 1800 1478 ipso
1810 1430 2037 1469 Aristotele

391 1483 636 1531 desumptas
649 1483 918 1532 praetendat?
935 1490 1233 1532 qvantumqve
1245 1486 1357 1522 inter
1368 1484 1408 1522 se
1421 1484 1488 1528 est,
1505 1496 1584 1531 pro
1596 1484 1889 1532 Peripateticis
1903 1484 2036 1532 (mag-

390 1549 472 1575 nus
489 1539 607 1575 enim
623 1538 931 1582 Aristotelicus‚
953 1543 998 1576 ut
1020 1549 1073 1576 ex
1091 1538 1189 1586 alijs
1205 1538 1367 1581 audivi,
1389 1537 1541 1575 haberi
1558 1537 1667 1584 vult)
1685 1539 1817 1576 etiam
1833 1537 1964 1585 usqve
1981 1538 2037 1576 ad

390 1590 565 1628 inscitiae
578 1591 909 1629 ostentationem
922 1590 1110 1639 pugnet?
1126 1591 1243 1629 Licet
1255 1593 1373 1629 enim
1386 1602 1483 1638 qvae
1496 1602 1522 1628 a
1533 1591 1770 1629 Vinehlero
1781 1602 2035 1638 proponun-
2074 1603 2107 1627 25

389 1649 469 1687 tur,
487 1656 577 1682 non
594 1645 705 1682 adeo
721 1644 936 1692 plausibili
952 1647 1159 1688 nitantur,
1176 1650 1223 1682 ut
1239 1644 1407 1692 Nolthij
1426 1643 1712 1689 induetione&
1734 1644 2034 1689 fundamento,

390 1709 491 1735 cum
506 1709 582 1744 per
598 1697 637 1735 se
654 1697 765 1735 nihil
781 1698 901 1736 aliud
917 1698 1007 1742 lint,
1025 1710 1157 1746 qvam
1173 1698 1312 1746 scopae
1325 1697 1532 1736 dissolutae
1545 1697 1582 1735 8(
1594 1698 1790 1736 ridiculae
1806 1700 1964 1742 neniae‚
1981 1709 2035 1736 ex
2073 1700 2092 1731 †

389 1752 480 1788 una
499 1751 786 1798 ineptitudine
807 1752 942 1789 aliam
962 1751 1214 1790 astruentes:
1235 1757 1384 1790 tamen
1405 1756 1618 1798 qvantum
1634 1751 1689 1789 ad
1706 1751 1907 1789 ultimam
1923 1751 2033 1789 deci-

390 1803 553 1842 fionem
569 1807 732 1848 attinet,
753 1807 978 1852 utriusqve
994 1805 1204 1843 sententia
1220 1816 1344 1852 aeqve
1361 1816 1546 1843 erronea
1562 1805 1629 1849 est,
1647 1804 1684 1842 &
1700 1816 1727 1843 a
1742 1806 1934 1842 veritatis
1949 1809 2032 1842 tra-

390 1859 492 1895 mite
504 1858 761 1896 tantundem
774 1858 929 1902 deviat,
944 1861 990 1896 in
1003 1859 1087 1897 hoc
1099 1859 1189 1896 solo
1201 1863 1291 1896 tam
1301 1858 1412 1896 belle
1426 1860 1748 1896 convenientes.
1766 1857 1859 1896 Nec
1871 1860 2033 1896 mirum
2070 1870 2103 1896 30

391 1910 445 1948 est
458 1910 690 1949 Nolthium
702 1913 747 1949 in
758 1911 842 1950 hoc
854 1912 1040 1951 Cometa
1051 1917 1278 1959 tantopere
1294 1911 1615 1950 hallucinatum
1632 1912 1720 1955 esse,
1738 1923 1838 1950 cum
1853 1913 1900 1949 in
1915 1922 2033 1949 nova

391 1963 465 2001 illa
488 1964 542 2001 ad
567 1964 838 2012 Cassiopeam
860 1965 977 2004 stella
999 1968 1058 2004 ita
1081 1967 1327 2009 caecutierit‚
1351 1970 1398 2003 ut
1421 1977 1520 2003 eam
1542 1967 1693 2013 viginti
1715 1965 1865 2003 saltem
1885 1964 2032 2002 Terrae

390 2016 717 2056 semidiametris
733 2018 908 2057 distitisse
925 2019 1160 2057 asseverare
1181 2031 1273 2056 non
1289 2019 1521 2063 erubuerit,
1544 2019 1658 2066 qvod
1674 2018 1745 2056 vel
1759 2017 1849 2056 solo
1866 2017 2033 2056 oculari

391 2071 563 2114 intuitu,
583 2070 841 2109 falfissimum
863 2072 978 2110 fuisse
1000 2072 1181 2111 discerni
1201 2077 1382 2120 poterat.
1406 2072 1457 2110 Et
1478 2073 1579 2119 qvid
1599 2071 1738 2116 faciet,
1763 2083 1863 2110 cum
1883 2070 2032 2109 instru-

391 2125 548 2161 mentis
560 2123 808 2162 destituatur
817 2125 940 2173 justae
952 2125 1265 2174 magnitudinis
1278 2125 1315 2163 8(
1327 2125 1458 2163 solide
1470 2124 1740 2164 fabrefacstis?
1757 2124 2033 2172 Qvapropter
2070 2137 2103 2162 35

392 2187 471 2213 nec
487 2176 572 2222 ipse
589 2177 809 2221 Nolthius‚
829 2178 903 2216 ubi
919 2179 1082 2217 nostras
1099 2178 1501 2217 animadversiones
1516 2179 1682 2223 viderit,
1699 2180 1751 2227 ijs
1768 2189 1865 2226 qvae
1882 2189 1908 2216 a
1923 2177 1963 2216 se
1979 2177 2032 2216 de

392 2228 475 2267 hoc
499 2228 684 2268 Cometa
706 2231 925 2277 publicata
947 2232 1054 2276 sunt,
1078 2229 1341 2282 tanto-Hpere
1364 2237 1491 2280 atqve
1512 2238 1559 2271 tu
1579 2231 1779 2276 confidet,
1802 2233 1947 2279 potius
1968 2242 2032 2275 ea,
2057 2237 2120 2269 31v

393 2293 489 2329 qvae
514 2294 590 2329 per
615 2283 931 2331 indiligentiam
957 2285 993 2322 8(
1020 2285 1300 2333 Organorum
1325 2286 1588 2324 idoneorum
1613 2284 1840 2329 defeetum
1866 2285 1920 2323 ab
1943 2283 2032 2331 ipso

393 2336 610 2373 commissa
631 2336 738 2381 sunt,
764 2343 1077 2383 recantaturus,
1102 2338 1139 2376 8(
1162 2339 1283 2383 mihi,
1310 2341 1382 2387 qvi
1405 2340 1706 2378 deviationum
1728 2337 1948 2377 anfradtus
1970 2337 2033 2375 illi

392 2390 640 2436 aperuerim
666 2389 711 2436 (si
734 2401 819 2437 qva
842 2391 908 2433 est,
935 2393 996 2429 uti
1022 2392 1097 2429 esse
1122 2392 1327 2436 existimo,
1354 2394 1491 2431 animi
1515 2394 1782 2440 ingenuitate
1807 2390 2031 2439 praeditus)
2069 2403 2103 2428 40

392 2443 549 2489 gratias
566 2441 753 2487 aeturus,
771 2445 1142 2490 qvemadmodum
1159 2457 1250 2483 non
1266 2445 1405 2484 solum
1422 2445 1775 2489 SCULTETUS‚
1790 2445 1843 2483 de
1857 2456 1942 2492 qvo
1956 2455 2031 2482 an-

392 2500 461 2532 tea
476 2496 552 2542 egi.
570 2495 639 2533 sed
654 2498 784 2534 etiam
797 2496 1152 2536 THADDAEUS
1169 2504 1208 2536 et
1225 2499 1567 2538 PRAETORIUS
1582 2499 1788 2537 fecerunt.
1806 2498 2032 2545 Postqvam

1901 2562 2031 2594 emm,
