2209 3213
342 225 416 263 264
833 219 915 257 DE
938 218 1164 257 MUNDI
1185 218 1487 256 AETHEREI

342 330 537 367 Cometae
555 328 862 364 Phaenomenis
880 325 1147 362 excutiendis
1164 324 1261 361 vsus
1278 324 1332 362 est
1348 324 1612 369 Thaddaeus,
1634 337 1687 363 ex
1707 327 1884 373 propria
1901 337 1977 363 no-

340 383 419 419 stra
432 381 745 418 Obseruatione
760 380 932 416 nouiter
944 377 1166 415 verificata
1182 377 1426 421 exhibeam,
1443 377 1696 425 priusquam
1707 379 1761 416 ab
1773 378 1856 416 illis
1868 378 1978 416 scru-

341 434 600 481 pulofiorem
617 431 942 474 dimensionem,
960 442 1035 477 per
1051 430 1269 468 distantias
1282 429 1493 475 Cometae‚
1510 433 1691 469 rimatus
1707 431 1843 469 fuero.
1862 431 1912 469 Et
1924 443 1978 469 ne

340 488 477 533 longis
501 485 755 532 ambagibus
778 484 848 521 hic
869 483 977 521 mihi
999 483 1208 520 vtendum
1229 482 1287 527 fit,
1309 494 1362 520 ea
1381 483 1504 521 breui
1524 483 1717 528 Tabe11a,
1741 484 1979 522 secundum

340 540 518 586 longum
536 538 572 575 &
589 538 725 575 latum
742 537 797 574 ad
814 536 1067 583 Eclipticam
1084 541 1348 583 comparata,
1365 547 1483 574 nunc
1499 536 1636 574 oculis
1652 537 1887 584 subijciam.
1905 534 1919 587 ΙΙ
2018 551 2033 575 5

339 644 603 681 TABELLA
632 642 978 680 CONTINENS
1008 642 1170 680 LOCA
1198 641 1413 680 EARUM
1439 642 1793 681 AFFIXARUM
1822 642 1979 681 STEL-
2004 651 2068 682 324

389 705 612 747 LARUM,
636 704 855 750 QUIBUS
876 703 1295 742 D.THADDAEVS
1316 703 1636 748 HAGECIVS,
1658 704 1720 742 IN
1742 701 1931 743 HUIUS

506 766 771 805 COMETAE
792 765 1211 804 PHOENOMENIS
1232 765 1647 804 EXPLORANDIS
1667 765 1813 804 VSUS

582 827 695 871 EST,
718 828 822 865 PER
843 827 1143 865 PROPRIAM
1164 827 1455 865 NOSTRAM
1477 827 1739 866 RESTITU-

706 889 944 927 TIONEM
967 889 1233 928 COELITUS
1254 889 1609 928 VERIFICATA.
1991 903 2051 934 †1o

691 1008 861 1033 NOMlNA
877 1008 1113 1033 STELLARVM
1519 985 1695 1056 gf’nffwstftdo
1767 985 1925 1055 Glsafilffiw

470 1102 645 1149 Aquila,
662 1102 735 1140 seu
751 1102 908 1140 Vultur
923 1102 1079 1140 volans
1509 1102 1560 1140 25
1580 1102 1631 1140 49
1673 1107 1698 1141 z
1753 1102 1804 1140 29
1833 1101 1874 1139 21
1904 1102 1950 1139 Β.

405 1156 454 1193 ΙΙ.
472 1167 525 1193 ex
541 1155 800 1193 informibus
816 1156 1005 1203 Aquilae,
1023 1155 1189 1194 Manus
1206 1156 1389 1193 Antinoi
1509 1155 1560 1193 29
1606 1155 1631 1192 2
1673 1160 1698 1195 z
1729 1189 1730 1199 ,
1763 1155 1804 1193 18
1824 1154 1875 1192 48
1904 1154 1951 1192 Β.

361 1208 452 1246 1111.
470 1221 522 1246 ex
539 1208 798 1246 informibus
814 1209 1004 1256 Aquilae,
1021 1209 1153 1247 Latus
1169 1209 1353 1246 Antinoi
1519 1208 1560 1246 19
1580 1208 1632 1246 58
1673 1213 1698 1248 Z
1729 1208 1731 1240 ἶ
1753 1208 1805 1246 20
1851 1208 1951 1248 7ὲΒ.
1992 1222 2052 1252 †15

470 1261 679 1308 Superius
696 1273 833 1299 cornu
853 1268 878 1302 z
1509 1261 1560 1299 27
1580 1261 1654 1300 57ὲ
1674 1266 1698 1301 Z
1780 1261 1804 1299 7
1851 1261 1875 1298 3
1905 1260 1951 1298 Β.

466 1315 655 1360 Jnferius
672 1327 808 1352 cornu
829 1320 853 1355 Z
1509 1314 1560 1352 28
1607 1314 1631 1352 9
1674 1319 1699 1354 z
1780 1314 1804 1351 4
1824 1314 1876 1351 42
1905 1314 1951 1351 Β.

471 1368 651 1405 Ste11ula
667 1370 713 1405 in
730 1367 884 1415 Capite
905 1378 946 1405 m
1509 1367 1560 1405 22
1607 1367 1632 1405 8
1656 1376 1698 1404 xx
1763 1368 1804 1405 15
1824 1367 1876 1404 26
1905 1367 1952 1405 Β.

471 1420 614 1459 Κίᾶὶιιε
630 1420 786 1468 Pegasi.
805 1421 866 1459 Os
883 1421 1027 1469 Pegasi
1510 1420 1561 1458 26
1608 1420 1632 1457 2
1657 1429 1698 1456 m
1730 1437 1731 1445 ¹
1754 1420 1805 1458 22
1852 1420 1876 1458 9
1906 1420 1952 1457 Β.

472 1474 616 1521 Caput
632 1474 776 1521 Pegasi
1536 1473 1561 1511 O
1581 1473 1633 1512 56
1659 1475 1696 1517 )(
1764 1473 1805 1511 16
1825 1473 1875 1511 25
1906 1473 1952 1511 Β.
2019 1486 2052 1512 20

472 1527 699 1564 Humerus
716 1527 864 1565 dexter
884 1537 926 1564 m
1511 1527 1561 1565 27
1581 1526 1632 1564 29
1657 1535 1699 1563 m
1764 1526 1806 1564 10
1826 1526 1876 1564 43
1906 1526 1952 1564 B.

472 1580 700 1617 Humerus
716 1580 864 1618 dexter
880 1580 1036 1628 Pegasi,
1054 1580 1199 1618 Prima
1215 1580 1299 1618 alae
1520 1580 1562 1618 17
1581 1579 1632 1617 35
1660 1581 1697 1623 )(
1730 1575 1732 1597 ¹
1765 1579 1806 1617 19
1826 1579 1876 1617 25
1906 1579 1953 1617 Β.

472 1632 652 1671 Educ’tio
669 1635 805 1671 cruris
821 1633 978 1681 Pegafi,
996 1633 1153 1672 Seheat
1510 1632 1561 1670 23
1582 1632 1634 1670 30
1660 1634 1697 1676 )(
1763 1632 1806 1671 31
1853 1633 1876 1670 7
1907 1632 1953 1670 B.

472 1686 697 1724 Sinistrum
713 1698 827 1734 genu
843 1686 988 1734 Pegafi
1538 1685 1562 1723 8
1591 1686 1633 1723 31
1660 1687 1697 1729 )(
1731 1695 1732 1715 ῑ
1755 1685 1805 1723 34
1835 1685 1954 1724 19ὲΒ.

473 1739 677 1777 Extrema
692 1739 865 1777 finistrae
881 1740 964 1777 alae
982 1740 1122 1788 Cygni
1511 1739 1562 1777 27
1601 1739 1633 1776 11
1658 1748 1699 1775 m
1756 1738 1806 1776 43
1826 1739 1877 1776 45
1907 1738 1953 1776 B.
2019 1751 2053 1776 25

473 1792 618 1830 Prima
634 1794 678 1829 in
695 1792 854 1830 fininra
870 1804 1008 1830 manu
1024 1793 1174 1831 Bootis
1511 1791 1562 1829 23
1582 1791 1634 1830 50
1655 1797 1703 1839 1η)
1755 1791 1807 1830 58
1827 1792 1876 1830 53
1907 1791 1954 1829 Β.

341 1886 343 1888 ,
473 1845 675 1883 Secunda
690 1847 735 1882 in
751 1845 911 1884 finistra
926 1857 1064 1884 manu
1080 1846 1229 1884 Bootis
1511 1845 1562 1883 25
1592 1845 1633 1882 14
1655 1850 1703 1893 m?
1756 1844 1807 1883 58
1836 1845 1877 1883 51
1907 1844 1953 1882 B.

472 1898 618 1935 Tertia
634 1900 679 1935 in
695 1898 855 1936 sinistra
870 1910 1008 1937 manu
1024 1899 1174 1937 Bootis
1511 1898 1562 1936 26
1582 1898 1634 1936 40
1655 1903 1703 1946 m)
1756 1898 1808 1936 60
1854 1898 1877 1936 5
1908 1898 1954 1935 Β.

396 2021 496 2058 Hoc
512 2023 658 2068 itaque
674 2022 807 2060 modo
823 2022 862 2060 se
879 2022 1042 2061 habent
1057 2025 1230 2061 veriora
1241 2022 1475 2061 Stellarum
1491 2023 1600 2065 loca,
1617 2021 1646 2059 fi
1662 2021 1737 2069 ipfi
1749 2021 1878 2059 Coelo
1892 2032 1983 2058 non

343 2074 570 2112 inferenda
581 2074 627 2111 [it
638 2077 810 2113 iniuria.
828 2075 976 2121 Quam
987 2088 1092 2114 vero
1103 2076 1351 2114 sensibiliter
1362 2076 1457 2114 haec
1469 2071 1742 2125 dis-sscrepent
1752 2075 1806 2112 ab
1818 2076 1870 2122 ijs
1883 2085 1982 2121 quae
2007 2081 2070 2112 325

344 2126 616 2173 Alphonfina
637 2127 674 2164 &
696 2127 978 2175 Coperniana
998 2129 1244 2176 supputatio
1266 2128 1440 2167 exhibet
1461 2128 1501 2175 (e
1522 2138 1610 2175 qua
1629 2127 1730 2165 fitus
1750 2127 1983 2165 Stellarum

343 2182 387 2216 in
405 2179 560 2217 Globis
576 2179 721 2217 vfitate
738 2181 985 2227 denotatur)
1007 2182 1104 2220 satis
1125 2182 1260 2229 liquet
1276 2194 1329 2220 ex
1346 2183 1398 2230 ijs
1413 2181 1567 2225 stellis,
1589 2192 1690 2228 quae
1707 2180 1836 2228 supra
1852 2182 1983 2218 etiam

344 2232 558 2275 indicatae,
579 2232 650 2270 hic
671 2238 935 2280 repetuntur.
958 2235 1048 2272 Illic
1070 2237 1187 2272 enim
1205 2235 1424 2282 vtriusque
1445 2234 1600 2273 calculi
1620 2233 1780 2281 politus
1799 2244 1888 2271 vna
1908 2245 1983 2270 an-

345 2285 588 2323 notabatur.
604 2285 652 2322 In
666 2287 866 2333 pauculis
877 2299 981 2324 vero
993 2288 1184 2335 reliquis,
1199 2299 1299 2335 quae
1313 2287 1384 2325 hic
1395 2289 1586 2335 primum
1600 2286 1859 2329 indicantur,
1871 2285 1900 2323 fi
1913 2297 1982 2323 eo-

344 2338 443 2375 dem
455 2338 587 2376 modo
599 2344 777 2385 vterque
794 2340 987 2377 calculus
1003 2341 1275 2385 adhibeatur,
1293 2341 1474 2378 euidens
1490 2340 1717 2378 discrimen
1733 2341 1982 2386 reperietur.
2021 2351 2054 2376 35

397 2390 512 2429 Iacto
533 2393 659 2438 igitur
680 2392 762 2429 hoc
784 2404 874 2430 non
895 2393 1092 2431 inualido
1113 2393 1413 2436 fundamento,
1438 2405 1491 2431 ex
1513 2392 1642 2440 ipfius
1661 2392 1875 2430 Thaddaei
1897 2392 1982 2430 Ob-

343 2443 672 2534 seissuationibus,
689 2445 982 2492 Apparentias
998 2446 1130 2484 huius
1143 2447 1341 2484 Cometae
1357 2446 1492 2494 paulo
1509 2445 1778 2483 enucleatius
1793 2444 1982 2492 perscru-

344 2502 388 2534 ta
420 2508 545 2534 imur.

1912 2551 1983 2588 Ad
