2209 3213
502 250 1025 290 RECENTIORIBUS
1045 250 1503 289 PHAENOMENIS
1775 251 1826 289 87

181 356 440 394 monstratus
462 356 528 401 est,
549 356 676 394 facile
692 368 719 395 a
734 359 881 404 peritis
896 358 939 395 id
956 357 1098 405 colligi
1116 356 1260 404 potest,
1281 362 1429 394 tamen
1445 359 1550 403 quia
1565 368 1657 394 non
1673 368 1826 395 omnes

181 410 319 448 statim
338 410 441 447 huic
461 411 524 447 rei
543 409 676 447 fidem
696 410 978 454 adhibebunt,
999 422 1100 448 cum
1120 412 1172 458 ijs
1192 421 1283 447 non
1301 409 1439 448 subito
1455 411 1500 447 in
1517 409 1668 447 oculos
1684 412 1825 448 incur-

182 467 259 507 rat,
277 462 315 500 &
331 462 635 500 Mathematici
651 462 697 500 fit
713 475 805 500 non
820 463 960 501 solum
976 464 1165 507 asserere,
1184 474 1339 500 verum
1356 465 1487 500 etiam
1503 462 1825 508 Demonstrare,

181 527 236 554 ne
252 516 435 554 dubium
451 515 630 563 aliquod
647 516 920 563 relinquatur
934 518 1126 554 veritatis
1142 521 1305 554 metam
1321 514 1640 554 affectantibus:
1662 517 1826 555 Idcirco

128 581 143 607 ⁵
181 570 373 607 certioris
390 568 767 607 demonstrationis
783 569 912 607 causa
928 581 1082 607 eorum
1099 581 1198 616 quae
1213 569 1416 613 diximus,
1434 580 1487 606 ex
1498 569 1672 617 fingulis
1685 569 1723 607 8(
1735 581 1825 608 om-

105 629 147 661 96
180 622 309 660 nibus
330 618 616 671 Obser-ssuatis
638 622 836 660 Cometae
856 623 975 667 locis,
998 622 1194 670 superius
1215 622 1270 660 ad
1291 626 1407 660 certa
1427 627 1626 669 tempora
1646 623 1824 661 demon-

179 674 327 719 stratis,
349 674 527 722 qualem
542 677 588 712 in
603 674 680 713 suo
696 675 874 714 Circulo
890 681 1061 713 motum
1076 675 1290 719 habuerit,
1312 674 1350 712 8(
1370 687 1429 713 an
1446 677 1482 712 is
1497 675 1658 723 vbique
1675 675 1824 723 Sphae-

180 739 276 766 ram
299 730 345 765 in
370 728 458 766 duo
483 728 675 775 aequalia
704 728 906 773 diuiserit‚
937 728 1340 771 demonstrabimus,
1370 728 1603 766 collatione
1633 731 1825 776 primum

179 779 292 819 facta
307 781 363 819 ad
380 780 646 828 Eclipticam,
663 783 709 819 in
725 782 843 819 hunc
859 781 1054 819 modum.

112 846 143 872 10
233 834 294 872 Sit
315 834 535 881 Eclipticae
555 837 696 882 portio
713 835 923 879 ABDFI,
944 836 1068 872 cuius
1086 834 1217 872 Polus
1238 834 1283 871 fit
1304 834 1356 878 K,
1377 835 1519 871 Arcus
1539 846 1644 872 vero
1660 835 1825 873 Circuli

180 887 378 926 Cometae
395 887 441 925 fit
452 887 694 931 ACEGH,
711 890 966 936 contingens
984 887 1237 935 Eclipticam
1252 889 1298 925 in
1314 885 1475 934 puncto
1487 888 1540 931 A,
1558 890 1682 926 cuius
1693 888 1824 926 Polus

173 2107 220 2146 fit
235 2108 281 2146 L.
300 2108 344 2147 Si
360 2110 507 2155 itaque
525 2108 968 2146 demonstrauerimus
984 2120 1037 2146 ex
1052 2109 1398 2156 praecedentibus
1416 2110 1818 2156 obseruationibus,

174 2160 213 2198 &
236 2161 600 2209 Longitudinibus
626 2161 825 2200 Cometae
850 2161 1149 2200 demonstratis
1174 2164 1220 2200 in
1246 2162 1453 2210 Ecliptica
1477 2163 1649 2201 ABDF
1656 2163 1686 2207 Ι,
1717 2175 1817 2201 cum

173 2214 494 2252 Latitudinibus
514 2214 853 2258 adhaerentibus,
876 2214 1192 2262 repraesentatis
1212 2227 1289 2263 per
1309 2216 1400 2260 BC,
1424 2217 1494 2254 vel
1514 2216 1610 2261 DE,
1631 2217 1701 2254 vel
1721 2217 1816 2261 FG,

106 2279 136 2305 15
173 2272 248 2305 aut
260 2267 331 2305 IH
349 2267 463 2314 (loco
475 2269 676 2305 omnium
687 2267 894 2314 aliarum)
911 2268 1098 2306 eandem
1112 2268 1279 2316 semper
1289 2280 1469 2307 manere
1482 2270 1817 2308 Inclinationem

172 2321 314 2358 Arcus
330 2320 466 2358 HEA
482 2321 538 2359 ad
554 2321 808 2368 Eclipticam
825 2321 948 2365 IDA,
969 2321 1067 2359 satis
1087 2321 1337 2368 persuasum
1359 2323 1435 2361 esse
1456 2322 1652 2367 arbitror,
1674 2325 1726 2371 ijs
1742 2325 1817 2370 qui

172 2373 490 2412 Mathematica
505 2374 762 2422 intelligunt,
781 2373 943 2412 dictum
960 2375 1126 2412 Arcum
1142 2375 1278 2413 AEH
1295 2376 1372 2413 esse
1388 2378 1635 2423 portionem
1652 2376 1816 2414 Circuli

171 2429 366 2471 maximi,
391 2438 483 2465 non
505 2429 652 2465 minus
675 2439 810 2474 quam
832 2428 974 2465 Arcus
998 2427 1217 2475 Eclipticae
1239 2428 1367 2473 ADI,
1394 2429 1432 2467 8(
1457 2440 1583 2476 aeque
1609 2429 1815 2476 respicere

170 2479 296 2517 suum
312 2480 468 2518 Polum
485 2480 530 2524 L,
547 2485 678 2527 atque
687 2480 764 2518 hic
780 2480 937 2518 Polum
952 2480 1003 2518 K.
1021 2481 1167 2528 Atque
1183 2482 1238 2519 ob
1254 2482 1297 2519 id
1313 2486 1449 2520 totam
1465 2482 1708 2529 Sphaeram,
1724 2494 1816 2520 non

97 2539 137 2571 97
171 2534 317 2571 minus
333 2544 467 2580 quam
479 2533 569 2580 ipsa
581 2530 835 2583 Ecli-ssptica‚
852 2533 1054 2572 bifariam
1070 2535 1116 2572 in
1131 2534 1241 2572 duas
1257 2535 1453 2582 aequales
1468 2537 1691 2582 portiones
1707 2536 1814 2573 diui-

1701 2588 1813 2631 dere,
