2209 3213
125 801 156 826 10

125 1068 155 1093 15

61 1315 154 1359 ιςῑο

120 1600 153 1625 25

121 1866 153 1891 30

119 2133 153 2158 35

120 2399 153 2423 40

448 203 537 240 AD
560 203 872 242 CRAIGUM
894 204 1165 242 SCOTUM
1188 205 1270 242 DE
1292 204 1584 242 COMETIS
1770 206 1838 243 419

194 309 443 347 felicitatem
458 307 658 356 spectant,
680 321 771 347 una
787 312 1057 357 pertingeret.
1080 310 1170 357 Ipse
1187 310 1592 354 ARISTOTELES,
1614 313 1739 359 cujus
1761 311 1839 349 fin-

194 362 296 410 gula
311 362 444 400 verba
460 362 588 400 instar
605 362 900 400 Oraculorum
917 363 1235 410 Delphicorum
1255 364 1458 407 adoratis,
1480 376 1533 402 ex
1550 364 1730 402 homine
1749 365 1837 402 eth-

195 417 294 453 nico
311 414 348 452 8(
364 415 454 452 [010
471 415 661 453 naturali
678 415 858 459 lumine,
875 418 965 453 imo
982 428 1037 454 ne
1055 428 1106 454 eo
1124 417 1298 463 qvidem
1312 419 1434 454 omni
1447 429 1499 454 ex
1511 423 1632 464 parte
1645 418 1838 455 absolute

194 468 388 516 praedito,
407 468 575 506 idolum
589 467 808 512 facientes,
825 469 898 506 ille
913 471 1094 516 inqvam
1105 469 1251 513 vester,
1268 472 1313 507 in
1330 472 1454 517 cujus
1471 471 1643 508 decreta
1655 471 1838 518 jurastis,

194 526 447 569 praeceptor,
464 533 490 558 a
506 521 693 559 sensibus
709 521 819 569 ipfis,
837 533 1016 560 omnem
1033 524 1079 559 in
1095 521 1300 560 doctrinis
1312 525 1539 561 veritatem
1551 523 1839 562 derivandam

194 575 270 612 esse
287 574 449 618 docuit;
466 586 557 612 non
573 576 702 622 igitur
713 575 767 612 ab
780 576 953 612 incertis
965 580 1060 612 utut
1072 577 1214 622 prima
1226 575 1366 614 fronte
1379 577 1717 624 acceptabilibus
1728 577 1838 625 Phy-

193 627 378 665 ficorum
401 626 672 675 conjecturis,
696 633 739 665 at
762 639 839 674 per
860 628 1004 665 sensus
1028 634 1230 666 externos
1254 629 1542 667 Cometarum
1564 630 1689 667 fitum
1712 636 1840 677 atqve

193 686 410 725 naturam,
435 680 682 728 qvalisnam
703 680 761 725 fit,
784 681 1060 719 aethereusne
1077 693 1136 719 an
1153 682 1453 725 Elementaris‚
1476 683 1723 730 dignoscere
1749 696 1840 721 non

192 736 252 772 ita
274 733 400 772 facile
423 734 489 777 est,
513 734 568 771 ob
589 735 775 771 nimiam
796 746 950 772 eorum
972 746 999 772 a
1019 734 1111 772 visu
1132 735 1274 772 nostro
1296 738 1598 779 remotionem,
1623 736 1700 773 nifi
1725 737 1840 783 qvod

193 798 351 834 corpus
376 787 616 825 rotundum
637 787 891 825 &lucidum
917 787 1046 825 instar
1070 787 1289 825 stellarum
1315 788 1489 833 habere,
1517 789 1554 826 &
1581 790 1769 827 caudam
1794 792 1838 827 in

193 840 305 878 Solis
326 846 470 887 partes
490 840 707 887 oppofitas
729 843 1062 888 qvamproxime
1085 840 1268 885 fleetere,
1293 842 1362 878 vel
1382 841 1472 879 solo
1493 844 1653 880 intuitu
1674 843 1838 890 deprae-

145 909 159 921 v
193 893 455 931 hendantur.
473 893 584 940 Qvae
601 895 734 931 etiam
749 894 838 931 duo
854 896 998 940 potius
1013 890 1027 944 ΙΙ
1042 894 1227 941 probant
1244 906 1319 932 eos
1336 896 1381 932 in
1398 895 1572 937 aethere.
1591 908 1722 942 qvam
1738 898 1839 934 aere

192 946 350 984 versari
377 946 415 984 &
440 946 620 985 coelestis
646 952 816 984 naturae
842 947 918 984 esse
943 949 1187 994 participes.
1214 947 1490 995 Qvapropter
1515 951 1775 987 accuratiori
1802 949 1839 986 8(

193 1001 364 1038 certiori
380 1000 585 1048 indagine
601 1000 644 1037 id
661 1000 800 1047 ipsum
816 1000 1116 1047 persentiscere
1133 1000 1362 1039 subtilitate
1379 1013 1540 1049 magna
1562 1003 1735 1050 indiget.
1758 1003 1839 1040 Ex-

192 1051 394 1091 actissima
411 1055 529 1090 enim
547 1053 843 1097 instrumenta,
861 1053 1101 1100 eademqve
1114 1054 1169 1091 ad
1182 1054 1307 1091 usum
1324 1056 1521 1102 apprime
1539 1056 1838 1097 accommoda.

192 1118 283 1144 una
299 1117 399 1144 cum
414 1105 682 1145 tractationis
699 1106 901 1154 expedita
916 1108 1261 1154 promptitudine
1278 1110 1568 1154 reqviruntur,
1587 1109 1715 1155 idqve
1728 1121 1754 1146 a
1766 1120 1838 1146 ne-

191 1161 322 1203 mine,
336 1160 450 1207 qvod
462 1159 724 1206 sciam(abs1t
735 1160 903 1197 invidia
913 1159 1105 1206 (11610)οε
1116 1172 1201 1207 qva
1211 1166 1379 1207 oportet
1391 1161 1614 1208 diligentia
1626 1160 1838 1199 haetenus

192 1213 464 1251 exantlatum
481 1213 547 1251 est.
565 1213 715 1261 Major
731 1215 849 1250 enim
866 1215 911 1251 in
927 1213 1302 1251 observationibus
1318 1213 1643 1258 Astronomicis,
1660 1215 1730 1252 vel
1745 1215 1838 1253 vul-

191 1266 377 1314 garibus,
388 1266 553 1304 nedum
562 1271 652 1304 tam
662 1266 815 1309 subtili,
827 1278 924 1313 qvae
935 1266 1154 1304 distantias
1164 1279 1190 1304 a
1199 1266 1335 1305 Terra
1346 1269 1540 1309 rimatur,
1551 1268 1838 1315 inqvifitione,

191 1320 422 1358 necessaria
434 1319 489 1358 est
501 1318 837 1367 circumspectio,
850 1331 982 1367 qvam
994 1332 1020 1358 a
1032 1331 1252 1367 qvoqvam
1265 1319 1491 1367 hucusqve
1504 1321 1688 1368 praestita
1700 1324 1838 1359 anim—

191 1373 440 1411 advertitur.
459 1373 588 1420 Qvod
606 1385 706 1411 cum
722 1373 820 1410 satis
836 1371 1107 1420 perspectum
1123 1373 1346 1417 haberem,
1363 1386 1525 1421 magno
1538 1377 1771 1412 conamine
1783 1375 1838 1412 ad

190 1426 306 1464 istius
332 1426 370 1464 8(
395 1426 585 1465 aliorum
609 1426 897 1465 Cometarum
922 1428 1202 1474 apparentias
1229 1432 1357 1474 atqve
1380 1427 1631 1465 Parallaxes
1656 1430 1838 1466 minime

191 1479 333 1527 dubijs
350 1482 525 1528 organis
542 1480 753 1527 peculiari
771 1479 809 1517 8(
825 1479 961 1517 solida
977 1480 1199 1527 diligentia
1217 1481 1549 1524 examinandas,
1571 1493 1641 1518 me
1660 1482 1837 1519 contuli.

191 1533 306 1579 Qvid
327 1545 432 1571 vero
454 1535 500 1570 in
520 1532 588 1571 his
609 1533 890 1580 praestiterim,
908 1533 1169 1580 judicabunt
1191 1533 1470 1571 Mathemata
1490 1534 1779 1582 intelligentes
1801 1535 1838 1572 8(

190 1586 483 1634 Philosophiae
500 1588 701 1634 purioris,
723 1587 886 1634 absqve
902 1587 1160 1634 praejudicio
1177 1588 1299 1624 omni
1315 1593 1528 1630 amantes,
1550 1599 1630 1625 nec
1646 1590 1839 1626 veritatis

191 1641 485 1688 cognitionem
506 1639 561 1678 ob
582 1640 894 1678 authoritatem
916 1641 1199 1687 antiqvorum
1220 1642 1438 1687 captivam
1458 1640 1542 1678 five
1559 1641 1737 1678 scientes
1753 1641 1838 1679 five

189 1704 266 1740 per
286 1694 581 1741 ignorantiam
601 1698 810 1731 tenentes.
837 1693 966 1740 Qvod
982 1693 1011 1730 fi
1029 1704 1093 1737 ea,
1115 1705 1213 1740 qvae
1232 1695 1277 1731 in
1296 1694 1492 1731 medium
1513 1694 1686 1741 protuli,
1709 1694 1838 1732 Para-

190 1746 307 1784 doxa
327 1746 434 1791 sunt,
456 1752 569 1785 certe
586 1747 629 1784 id
645 1747 730 1784 illis
746 1746 896 1784 saltem
912 1746 1141 1790 videbitur,
1163 1749 1235 1794 qvi
1257 1749 1518 1794 penitiorem
1535 1748 1838 1785 certitudinem

190 1799 390 1837 nondum
406 1799 501 1838 sunt
518 1801 700 1844 assecuti,
722 1800 908 1847 ideoqve
930 1800 985 1843 id,
1008 1800 1123 1847 qvod
1140 1811 1216 1847 per
1232 1800 1273 1837 se
1289 1812 1444 1838 verum
1462 1800 1528 1843 est,
1552 1801 1837 1844 admirantur,

191 1853 329 1900 deqve
346 1865 399 1891 eo
415 1855 634 1891 immerito
651 1853 889 1901 ambigunt.
908 1853 976 1891 Sic
993 1855 1152 1891 veritas
1168 1853 1258 1900 ipsa
1274 1855 1351 1891 toti
1368 1854 1543 1891 Mundo
1560 1856 1605 1891 in
1622 1854 1838 1901 plerisqve

191 1908 323 1944 etiam
338 1909 572 1954 praecipuis
588 1907 816 1954 paradoxa
833 1906 1040 1944 censetur.

243 1959 407 1997 Verum
429 1960 485 1998 ad
506 1962 863 1998 ratiocinationes
883 1965 981 1998 tuas
1005 1962 1185 2007 propius
1206 1960 1481 1998 accedamus.
1507 1960 1624 1998 Cum
1648 1963 1692 1998 in
1716 1962 1837 2008 qvin-

190 2024 272 2060 qve
292 2013 511 2060 prioribus
532 2013 761 2061 Capitibus
782 2013 879 2051 libri
900 2012 1011 2050 nihil
1031 2014 1229 2051 invenire
1251 2016 1456 2060 potueris,
1481 2014 1596 2060 qvod
1619 2014 1837 2061 improba-

190 2068 355 2104 tionem
371 2066 521 2112 ullam,
538 2067 672 2105 modo
684 2069 858 2104 numeri
870 2066 910 2104 se
923 2064 1034 2104 reete
1050 2066 1254 2110 habeant,
1272 2072 1524 2110 mereretur,
1542 2068 1728 2114 ideoqve
1746 2079 1837 2105 om-

190 2121 276 2163 nia,
300 2131 397 2167 qvae
422 2120 509 2158 illic
531 2119 782 2164 tractantur,
806 2120 917 2158 adeo
941 2118 1052 2158 rec'ie
1077 2119 1304 2158 constituta
1325 2121 1414 2164 esse,
1439 2125 1485 2158 ut
1506 2119 1838 2158 contradidlioni

190 2184 281 2210 non
301 2172 347 2211 fit
366 2173 501 2218 locus,
525 2174 703 2221 ipsemet
724 2173 913 2217 fateariS,
935 2173 1116 2211 Sextum
1137 2174 1444 2211 tantummodo
1468 2173 1625 2221 Caput,
1648 2185 1700 2211 eo
1724 2175 1838 2222 qvod

190 2225 297 2264 illud
322 2226 556 2265 Cometam
581 2229 627 2265 in
652 2227 766 2265 coelo
791 2229 871 2264 iter
895 2226 1021 2264 suurn
1047 2226 1264 2264 absolvisse
1294 2226 1539 2265 luculenter
1565 2227 1837 2269 demonstret,

189 2280 287 2317 totis
307 2279 472 2318 viribus
493 2281 750 2328 aggrederis.
774 2280 929 2318 Caussa
949 2279 1106 2317 scilicet
1127 2279 1194 2323 est,
1217 2280 1332 2327 qvod
1352 2280 1601 2318 Aristoteles
1623 2280 1733 2318 nihil
1754 2280 1839 2318 loci

191 2332 386 2371 Cometis
401 2335 447 2371 in
464 2334 578 2371 coelo
595 2334 671 2371 esse
688 2333 1001 2371 demonstrarit.
1024 2332 1107 2370 Sed
1129 2344 1229 2371 cum
1251 2333 1428 2380 ipsemet
1451 2334 1654 2372 admittas
1674 2336 1838 2376 omnia,

191 2397 288 2432 qvae
308 2386 526 2433 prioribus
543 2387 773 2435 Capitibus
792 2389 982 2434 qvinqve
999 2398 1025 2424 a
1041 2397 1111 2423 me
1133 2392 1454 2434 proponuntur,
1476 2386 1587 2425 recte
1604 2387 1644 2424 [0
1662 2387 1838 2427 habere.

190 2440 263 2486 qvi
279 2438 337 2484 fit,
355 2440 469 2487 qvod
485 2440 653 2479 sextum
665 2440 720 2478 ob
733 2439 972 2477 Aristotelis
985 2439 1295 2478 authoritatem
1309 2440 1557 2478 convellere
1570 2440 1837 2487 praesumas?

142 2507 153 2519 r
191 2503 291 2530 cum
307 2493 414 2531 illud
430 2495 647 2540 prioribus
663 2500 874 2540 tanqvam
890 2493 1180 2531 fundamento
1200 2495 1423 2537 innitatur,
1441 2491 1455 2543 ΙΙ
1473 2496 1709 2541 omniaqve
1727 2499 1837 2531 cate-

296 2555 345 2581 53*
1697 2550 1836 2584 natim
