2262 3227
167 855 198 880 10

163 1653 197 1678 25

166 2185 199 2209 35

168 2450 201 2476 40

749 312 1368 380 PROOEMIVM.

561 415 768 454 XACTO
785 415 840 453 ab
856 418 1130 463 apparitione
1142 419 1236 454 eius
1248 416 1405 460 Stellae,
1423 416 1475 453 de
1490 427 1577 462 qua
1593 414 1703 452 libro
1719 414 1878 462 superi-

562 480 638 507 ore
655 471 834 517 egimus,
851 471 1018 517 integro
1035 471 1353 517 quinquennio,
1371 470 1505 506 Anno
1517 468 1715 506 videlicet
1732 480 1758 506 a
1774 473 1878 505 nato

563 522 820 560 CHRISTO
840 523 934 560 1577
955 522 1140 567 labente,
1163 522 1326 560 Menfis
1344 521 1612 559 Nouembris
1628 521 1744 559 diem
1761 523 1878 558 circi-

561 581 625 613 ter
645 575 877 619 decimum,
898 575 987 613 alia
1003 576 1208 623 quaedam
1229 575 1399 613 insolita
1416 575 1453 612 &
1470 587 1496 613 a
1511 577 1654 622 priore
1673 574 1801 622 longe
1818 574 1877 612 di-

562 628 687 666 uersa
698 628 843 671 Stella,
860 629 1054 676 prolixos
1071 628 1301 667 effundens
1318 630 1470 672 crines,
1487 630 1610 665 iuxta
1626 627 1878 665 occasuram

506 673 532 701 ⁰
564 681 679 720 Coeli
694 686 863 729 partem
879 681 1193 726 ostendebatur,
1210 683 1334 719 cuius
1350 693 1507 728 corpus
1522 686 1613 719 erat
1627 681 1877 724 rotundum,

235 701 442 780 lucidum,
460 735 498 773 &
514 734 715 773 albedine
732 735 925 782 quadam
937 735 1152 773 subliuida
1164 735 1458 782 conspicuum.
1476 734 1633 772 Cauda
1643 745 1760 778 vero,
1778 745 1878 780 quae

234 789 476 836 plurimum
491 787 638 826 versus
655 787 813 826 Ortum
829 788 974 835 011311
965 800 1010 826 111
1027 788 1242 836 oppofitas
1258 788 1348 826 Soli
1366 792 1509 835 partes
1526 787 1878 834 protendebatur,

235 842 618 880 rubicundioribus
642 841 775 889 radijs
799 840 1022 888 flagrabat,
1048 853 1189 888 eoque
1212 841 1480 879 densioribus
1503 840 1723 887 magisque
1747 851 1879 887 appa-

234 895 440 939 rentibus,
457 906 546 942 quo
563 896 691 941 capiti
707 896 934 941 propiores
950 900 1089 938 erant;
1109 896 1223 932 circa
1239 896 1555 932 extremitatem
1570 905 1675 931 vero
1692 895 1879 931 rariores

234 950 381 986 minus
397 948 506 986 lucis
523 947 561 985 &
577 947 735 985 coloris
752 947 889 985 oculis
906 947 1194 986 infinuabant.
1217 947 1319 985 Erat
1334 947 1508 994 insuper
1523 949 1755 984 incuruata
1771 957 1879 983 non-

234 1001 344 1039 nihil
361 1001 450 1049 ipsa
465 1001 619 1045 cauda,
636 1003 695 1039 ita
710 1005 754 1038 vt
770 1003 1094 1039 conuexitatem
1110 1000 1281 1043 Zenith,
1299 1002 1619 1038 concauitatem
1630 1011 1734 1037 vero
1747 1000 1879 1037 Hori-

234 1057 352 1093 zonti
367 1055 624 1093 obuerteret.

288 1108 419 1146 Hanc
440 1107 619 1146 Stellam
644 1107 878 1145 caudatam
903 1119 982 1155 ego
1005 1109 1051 1145 in
1071 1107 1154 1145 hac
1177 1106 1321 1145 Insula
1344 1106 1523 1144 celebris
1545 1106 1661 1144 illius
1684 1105 1879 1143 Porthmi

235 1161 395 1199 Danici
418 1161 613 1199 Hvenna
636 1160 789 1208 (0113111
812 1163 947 1198 exteri
969 1160 1260 1199 Scarlatinam
1282 1159 1556 1207 nuncupant)
1580 1161 1772 1206 primum
1795 1159 1879 1196 Die

234 1214 337 1252 XIII
358 1214 639 1258 Nouembris,
660 1214 792 1260 idque
813 1213 896 1252 hac
917 1214 1140 1252 0663110116
1162 1213 1467 1251 animaduerti.
1489 1213 1627 1251 Paulo
1648 1217 1748 1250 ante
1768 1211 1880 1250 Solis

234 1267 446 1312 occasum,
468 1279 569 1305 cum
588 1267 770 1305 instante
791 1279 915 1305 caena
935 1267 991 1305 ad
1007 1269 1229 1305 viuarium
1250 1266 1474 1314 quoddam
1490 1266 1681 1304 nostrum
1699 1265 1880 1312 piscium

234 1325 427 1368 capturae
444 1322 581 1358 animi
597 1322 734 1368 gratia
749 1320 985 1365 assisterem‚
1006 1323 1172 1359 interea
1193 1321 1299 1358 dum
1319 1325 1407 1358 rete
1430 1319 1627 1363 trahitur,
1651 1318 1880 1356 occiduam

164 1387 178 1412 2
235 1374 350 1412 Coeli
366 1374 541 1422 plagam
557 1374 804 1421 diligentius
820 1376 1005 1418 intueor,
1022 1374 1051 1411 fi
1066 1374 1175 1412 forte
1187 1373 1391 1412 serenitas
1403 1371 1618 1411 noCturna
1630 1372 1880 1410 consuetam

233 1428 360 1465 nobis
381 1427 635 1466 Coelestium
655 1438 890 1474 corporum
911 1427 1274 1466 Obseruationem
1294 1426 1538 1474 sponderet:
1560 1426 1625 1463 En
1647 1437 1699 1463 ex
1720 1427 1879 1472 impro-

233 1480 326 1518 uiso
342 1482 534 1528 percipio
547 1480 726 1518 Stellam
743 1480 968 1527 quandam
984 1481 1071 1518 illic
1088 1483 1362 1524 emicantem,
1379 1479 1560 1527 satisque
1572 1478 1794 1517 manifeste
1806 1490 1879 1525 ap-

233 1539 473 1581 parentem,
490 1545 581 1571 non
597 1533 722 1571 aliter
738 1545 872 1581 quam
889 1534 1111 1581 Hesperus
1127 1534 1272 1571 Terris
1288 1535 1484 1577 vicinior,
1501 1532 1601 1571 Sole
1618 1532 1775 1570 decliui
1793 1534 1878 1569 exi-

233 1587 376 1631 stente,
393 1587 582 1624 interdiu
598 1589 729 1624 etiam
745 1587 1047 1634 saepenumero
1060 1587 1115 1625 ad
1128 1587 1286 1625 Ortum
1299 1586 1570 1625 Occasumue
1586 1586 1626 1623 se
1640 1585 1879 1623 videndum

234 1640 413 1688 praebet:
431 1640 645 1678 Nondum
662 1642 780 1677 enim
797 1642 937 1678 crines
948 1640 1060 1678 vllos
1072 1640 1216 1678 Stellae
1234 1640 1303 1687 (de
1316 1651 1404 1687 qua
1415 1638 1589 1686 loquor)
1607 1638 1882 1677 adhaerentes

235 1693 587 1731 animaduertere
608 1693 739 1738 licuit,
761 1705 814 1731 eo
836 1694 953 1741 quod
972 1694 1049 1731 lux
1065 1694 1150 1732 diei
1167 1694 1221 1731 ob
1239 1693 1386 1731 Solem
1403 1693 1603 1730 nondum
1618 1691 1733 1729 infra
1749 1691 1881 1729 Hori-

234 1752 410 1784 zontem
435 1746 679 1784 demersum
706 1749 882 1784 tenuius
908 1747 1016 1784 illud
1044 1749 1231 1785 crinium
1255 1748 1383 1794 capiti
1409 1746 1732 1784 adhaerentium
1757 1745 1883 1782 iubar

235 1799 474 1838 offuscaret.
497 1800 719 1837 Attonitus
736 1800 819 1837 hoc
835 1812 957 1838 nouo
973 1799 1215 1847 spectaculo
1232 1800 1377 1838 Stellae
1397 1801 1638 1846 peregrinae
1658 1798 1883 1836 euidenter

234 1855 280 1891 in
291 1853 442 1891 oculos
454 1855 726 1897 incurrentis,
741 1853 840 1891 Sole
853 1853 997 1891 adhuc
1009 1858 1109 1891 ante
1119 1853 1333 1892 Occasum
1344 1853 1532 1896 lucente;
1545 1852 1755 1899 siquidem
1768 1863 1882 1889 com-

235 1911 407 1954 pertum
423 1906 642 1945 habebam
658 1906 828 1944 nullam
843 1918 895 1944 eo
909 1909 955 1944 in
966 1907 1064 1944 1060
1077 1906 1192 1945 Coeli
1205 1907 1281 1944 esse
1294 1906 1441 1950 fixam,
1459 1917 1559 1953 quae
1571 1910 1704 1943 tantae
1716 1906 1882 1952 magni-

188 1973 198 1985 r
235 1959 398 1997 tudinis
421 1959 626 2004 existeret,
650 1965 693 1997 vt
716 1960 905 1997 interdiu
927 1959 1104 2007 spectari
1125 1961 1268 2007 posset:
1292 1971 1372 1997 nec
1394 1961 1512 1997 enim
1532 1959 1630 1996 vllis
1650 1955 1883 2008 vn-ssquam

236 2012 379 2050 affixis
391 2012 612 2051 Sideribus
628 2012 712 2051 hoc
728 2012 803 2051 vsu
819 2015 948 2057 venit,
967 2013 1004 2051 &
1020 2015 1131 2050 inter
1146 2013 1348 2051 Planetas
1364 2012 1503 2050 solum
1515 2012 1755 2050 Saturnum
1772 2013 1884 2049 circa

235 2066 362 2104 illum
374 2065 490 2104 Coeli
501 2065 686 2105 1136111111
697 2066 940 2113 vespertino
953 2066 1123 2104 occasui
1135 2066 1323 2104 Heliaco
1338 2068 1427 2104 iam
1441 2067 1883 2113 appropinquantem,

237 2121 501 2157 commorari
512 2119 710 2164 sciebam,
724 2121 799 2167 qui
811 2131 954 2167 neque
966 2122 1073 2158 tanti
1086 2119 1141 2157 611
1152 2120 1331 2157 luminis
1344 2119 1692 2167 quantitatisque,
1705 2123 1748 2155 vt
1760 2117 1884 2155 fimul

237 2184 338 2210 cum
354 2172 454 2211 Sole
469 2184 667 2220 vnquam
683 2173 982 2220 conspiciatur.
1004 2173 1155 2220 Itaque
1175 2173 1313 2211 statim
1333 2172 1622 2220 percontabar
1643 2172 1696 2209 ab
1715 2171 1883 2209 astanti-

236 2226 317 2264 bus
328 2225 542 2271 ministris‚
559 2226 714 2273 ecquid
727 2226 764 2263 &
776 2226 838 2263 illi
849 2228 894 2264 in
906 2226 1141 2264 monstrato
1153 2226 1250 2264 loco
1263 2226 1442 2264 Stellam
1454 2226 1651 2272 aliquam
1662 2224 1884 2272 perspicue

237 2278 488 2317 cernerent?
505 2281 581 2326 qui
596 2279 914 2326 respondebant
927 2279 968 2317 se
983 2282 1165 2317 omnino
1178 2279 1300 2317 illam
1311 2279 1470 2323 videre,
1488 2279 1526 2317 &
1543 2278 1790 2325 Hesperum
1808 2278 1883 2314 esse

237 2332 483 2376 asserebant,
491 2332 574 2370 hac
581 2332 780 2371 videlicet
790 2335 959 2370 ratione
969 2333 1145 2375 creduli,
1154 2333 1272 2380 quod
1280 2332 1527 2379 Hesperum
1535 2331 1775 2378 aliquando
1784 2342 1883 2368 con-

237 2385 361 2423 fimili
382 2388 669 2433 apparitione,
691 2386 791 2424 Sole
807 2386 863 2424 ad
881 2386 1094 2424 Occasum
1114 2386 1336 2428 inclinato,
1358 2387 1500 2423 intuiti
1521 2385 1696 2423 fuissent.
1718 2385 1776 2421 At
1793 2395 1883 2431 ego,

239 2441 314 2486 qui
329 2439 512 2477 Veneris
528 2438 719 2484 Stellam,
739 2451 874 2486 quam
890 2439 1150 2486 Hesperum,
1167 2439 1238 2477 vbi
1254 2439 1344 2486 post
1360 2439 1472 2477 Solis
1489 2438 1737 2476 occubitum
1753 2436 1884 2475 11οὸ111

238 2492 363 2537 111661,
384 2492 515 2540 vulgo
531 2498 702 2537 vocant,
724 2504 815 2530 non
835 2498 938 2530 tunc
958 2494 1166 2539 temporis
1183 2492 1511 2530 Occidentalem
1528 2503 1554 2529 a
1571 2491 1670 2529 Sole
1692 2491 1768 2528 esse
1787 2490 1884 2528 satis

1698 2543 1883 2581 sciebam
