2209 3213
346 214 421 250 352
837 209 919 246 DE
941 207 1166 246 MUNDI
1187 206 1488 244 AETHEREI

398 319 523 365 Ergo
540 315 646 353 huic
658 316 970 352 Phaenomeno
987 312 1279 351 attribuenda
1291 310 1353 359 est
1361 311 1626 350 Parallaxis
1632 310 1725 360 siue
1737 312 1980 351 aberratio.

398 371 483 407 Hic
500 371 641 406 maior
657 367 888 414 propofitio
905 367 1130 404 claudicat.
1152 366 1257 403 Non
1273 367 1391 402 enim
1407 365 1661 402 omnimode
1676 377 1831 403 verum
1847 365 1914 409 est,
1932 377 1985 403 ex

346 425 510 460 variata
526 422 710 458 alicuius
727 420 1013 457 Phaenomeni
1030 419 1085 457 ad
1101 419 1229 456 Fixas
1246 418 1443 456 distantia
1459 418 1709 455 Parallaxin
1729 418 1858 465 ipsius
1876 419 1984 456 indi-

346 478 443 517 cari,
466 474 541 511 nisi
562 486 649 511 vna
668 472 841 520 prorsus
862 474 983 509 omni
1003 477 1127 509 motu
1147 473 1324 518 proprio
1345 471 1605 508 destituatur.
1628 471 1696 509 Sic
1712 471 1926 509 Saturnus
1947 471 1985 509 &

346 529 504 575 Iupiter
525 526 803 573 inaequalem.
825 537 903 563 nec
920 525 1086 571 semper
1103 524 1301 567 eandem,
1323 524 1379 562 ad
1396 524 1524 561 Fixas
1540 526 1725 562 retinent
1741 524 1985 562 distantiam
2023 538 2039 563 5

346 581 437 627 (nisi
450 580 556 617 forte
569 591 643 626 per
655 579 867 621 accidens,
885 589 985 615 cum
996 577 1091 615 sunt
1104 577 1372 624 stationarij)
1389 576 1426 614 &
1443 577 1734 615 nihilominus
1745 577 1985 616 Parallaxis

346 645 497 671 eorum
514 644 604 669 non
621 632 675 669 est
691 631 991 678 perceptibilis,
1008 636 1051 668 vt
1068 631 1119 668 de
1137 630 1315 677 reliquis
1331 630 1532 674 planetis,
1550 635 1730 678 excepta
1745 630 1835 668 [ola
1846 630 1985 674 Luna,

345 686 453 723 nihil
474 686 627 728 dicam,
650 696 839 731 quorum
860 684 1110 721 Parallaxes
1130 683 1225 720 sunt
1245 684 1506 730 perexiguae,
1530 685 1849 730 minimamque
1870 695 1985 721 com-

344 741 616 786 parationem
628 738 790 775 habent
801 737 856 775 ad
869 748 967 775 eam
979 736 1283 774 alterationem
1295 736 1504 774 distantiae
1517 748 1543 774 a
1555 736 1683 780 Fixis,
1700 748 1835 784 quarn
1847 737 1987 774 indies

345 791 468 830 cursu
483 791 558 828 suo
575 793 751 838 proprio
769 790 972 828 efficiunt.
2028 802 2059 828 ιο

398 845 549 882 Minor
570 844 640 882 etsi
660 846 705 881 in
727 855 779 881 eo
800 842 911 881 redte
927 843 967 881 se
984 842 1155 886 habeat,
1178 843 1296 889 quod
1313 842 1499 880 Cometa
1517 853 1608 880 non
1625 842 1812 880 eandem
1827 842 1987 890 vbique

345 898 398 936 ad
412 898 539 935 Fixas
551 898 783 935 obtinuerit
795 896 1055 934 distantiam:
1072 901 1221 934 tamen
1233 897 1338 942 quia
1349 895 1535 943 idipsum
1546 895 1842 934 insenfibiliter
1852 895 1987 934 ferme

346 950 574 989 eueniebat
595 952 763 988 ratione
781 949 1074 993 Parallaxeos,
1096 948 1323 996 multoque
1344 950 1489 995 potius
1510 948 1565 986 ob
1586 954 1756 986 motum
1777 951 1870 987 eius
1890 960 1987 996 pro-

344 1006 499 1051 prium,
526 1004 684 1041 idcirco
709 1004 1028 1040 inconueniens
1054 1001 1109 1040 est
1133 1002 1379 1049 applicatio,
1410 1013 1554 1049 neque
1580 1002 1623 1040 id
1649 1002 1767 1049 quod
1791 1002 1986 1045 intendit,

345 1057 446 1094 hinc
464 1056 749 1103 consequitur.
2029 1067 2060 1093 15

398 1110 519 1147 Dum
535 1121 639 1147 vero
655 1111 691 1146 is
706 1111 924 1146 minorem
941 1108 1172 1146 defendere
1193 1107 1374 1152 laborat,
1397 1107 1609 1155 simulque
1630 1107 1829 1152 astruere,
1852 1119 1988 1155 quan-

345 1169 433 1201 tam
450 1163 683 1200 obtinuerit
698 1162 767 1199 hic
785 1162 990 1200 Cometes
1007 1161 1269 1204 Parallaxin,
1286 1160 1339 1198 fic
1355 1161 1647 1208 proloquitur:
1665 1158 1680 1211 ΙΙ

398 1216 475 1253 Ad
487 1215 623 1254 Diem
642 1216 706 1253 VI
715 1214 1002 1260 Decembris,
1020 1214 1165 1252 Horis
1179 1215 1207 1252 5
1215 1212 1314 1263 post
1326 1213 1584 1259 Meridiem,
1602 1225 1707 1253 cum
1721 1213 1990 1262 Quadrante
2012 1220 2078 1253 444

348 1269 393 1308 ὅ(
413 1268 561 1307 Radio
583 1266 901 1315 Astronomico
923 1266 1229 1306 Altitudinem
1258 1266 1471 1312 Cometae,
1499 1267 1682 1316 quando
1706 1267 1767 1305 ad
1785 1266 1989 1316 primum

348 1323 530 1361 culmen
551 1321 665 1360 Coe11'
684 1332 775 1359 una
794 1332 899 1360 cum
917 1320 1064 1359 Stella
1079 1320 1196 1358 Fixa
1211 1319 1475 1369 propinqua
1496 1319 1696 1369 eiusdem
1717 1317 1987 1365 affec‘tionis,
2027 1332 2061 1358 20

349 1374 565 1413 uidelicet
583 1374 812 1420 Borealis,
838 1384 942 1423 quae
964 1373 1053 1412 fuit
1073 1374 1239 1412 lucens
1260 1373 1433 1422 Aquila
1454 1372 1502 1411 in
1519 1372 1739 1422 scapulis,
1759 1372 1988 1422 peruenit,

349 1427 750 1477 deprehendimus,
768 1427 814 1466 dc
825 1427 967 1466 huius
981 1426 1183 1465 Cometae
1193 1426 1402 1465 Altitudo
1412 1426 1676 1465 Meridiana
1691 1425 1780 1465 fuit
1793 1427 1845 1464 46
1856 1426 1989 1476 grad.

351 1481 511 1520 Stellae
528 1492 639 1519 uero
654 1480 784 1518 Fixae
799 1481 851 1519 36
863 1480 994 1530 grad.
1014 1490 1208 1529 quorum
1225 1479 1487 1518 differentia
1504 1477 1565 1527 est
1580 1480 1629 1518 10
1638 1480 1772 1529 grad.
1789 1479 1904 1518 Mox
1918 1479 1990 1518 de-

348 1534 458 1573 hinc
474 1545 534 1573 ex
554 1533 738 1572 Tabulis
753 1533 1017 1572 Prutenicis
1032 1532 1282 1572 Reinholdi
1292 1532 1453 1571 Stellae
1463 1532 1777 1572 Latitudinem
1795 1530 1989 1582 quaesiui,

350 1597 453 1636 quae
474 1585 535 1635 est
550 1587 604 1625 29
619 1587 750 1637 grad.
777 1587 825 1625 10
842 1586 952 1625 min.
973 1587 1034 1625 Et
1053 1597 1158 1625 cum
1179 1586 1526 1624 Phaenomenon
1546 1585 1728 1625 ratione
1742 1584 1856 1634 situs
1879 1584 1994 1624 Coeli
2029 1599 2062 1624 25

351 1640 433 1679 alti
436 1652 491 1679 us
496 1638 695 1688 steterat,
714 1651 851 1689 quam
865 1640 1023 1685 Stella,
1039 1639 1191 1678 adieci
1201 1637 1457 1687 distantiam
1468 1638 1598 1677 illam
1608 1638 1734 1678 inter
1742 1638 1938 1678 Stellam
1951 1638 1997 1678 dr

350 1694 695 1732 Phaenomenon
717 1691 982 1738 extradtam,
1004 1693 1065 1731 ad
1077 1692 1383 1731 Altitudinem
1400 1692 1574 1738 Stellae,
1597 1692 1643 1731 ἀ*
1654 1691 1829 1742 prodiit
1840 1690 1992 1731 Decli-

350 1746 476 1785 natio
505 1746 810 1785 Phaenomeni
834 1745 1107 1795 apparentis
1133 1745 1192 1784 ab
1218 1746 1492 1795 AEquatore,
1517 1747 1637 1794 part.
1664 1746 1728 1784 39.
1755 1744 1915 1784 minut.
1945 1744 1995 1783 10

353 1798 514 1848 uersus
524 1800 739 1838 Boream.
756 1800 859 1838 Hac
869 1798 1030 1848 rursus
1042 1796 1244 1838 detraeta
1256 1799 1313 1837 ab
1324 1798 1582 1837 Altitudine
1592 1797 1898 1837 Phaenomeni
1905 1808 1996 1847 per

351 1852 549 1891 Radium
574 1853 650 1891 uel
672 1852 986 1900 Quadrantem
1009 1852 1213 1898 inuenta,
1237 1851 1518 1901 relinquitur
1534 1851 1797 1891 Declinatio
1816 1851 1992 1900 AEqua-
2030 1863 2064 1889 30

353 1905 468 1944 toris
485 1906 508 1943 6
520 1906 651 1955 grad.
670 1907 723 1944 50
736 1905 895 1944 minut.

405 1959 516 1996 Haec
528 1959 622 1996 sunt
634 1958 762 2005 ipfius
775 1959 918 2003 verba,
932 1970 1154 2006 quamque
1166 1961 1211 1996 in
1223 1958 1290 1996 his
1302 1958 1453 1996 vltimo
1465 1958 1819 1996 Declinationem
1828 1957 1992 2005 AEqua-

352 2014 455 2049 toris
471 2017 610 2055 vocat,
631 2011 775 2058 postea
795 2014 927 2050 etiam
943 2012 1232 2050 Altitudinem
1249 2013 1342 2049 eius
1358 2012 1412 2050 ab
1429 2011 1512 2049 hoc
1528 2011 1842 2054 Phaenomeno,
1864 2010 1992 2048 adeo-

353 2076 437 2111 que
454 2064 588 2111 ipsam
603 2070 886 2112 apparentem
898 2065 1161 2108 Parallaxin‚
1178 2070 1416 2112 nuncupat.
1434 2064 1545 2111 Quis
1555 2076 1660 2102 vero
1672 2075 1763 2102 non
1774 2064 1901 2107 videt,
1919 2065 1994 2110 qui

353 2117 421 2155 vel
438 2120 589 2164 primis
604 2117 735 2155 labris
752 2118 979 2155 Elementa
995 2118 1298 2155 Astronomica
1318 2117 1567 2165 degustauit,
1589 2118 1707 2164 quod
1728 2119 1879 2154 omnia
1898 2116 1994 2154 haec
2032 2128 2065 2154 35

353 2182 379 2207 a
404 2172 465 2207 rei
490 2170 717 2217 propofitae
743 2172 984 2209 intentione
1010 2171 1261 2209 alienissima
1285 2170 1375 2214 lint,
1402 2171 1608 2218 quodque
1632 2176 1694 2208 tot
1716 2169 1901 2208 absurda
1923 2169 1994 2207 hic

354 2225 689 2267 committantur,
711 2229 815 2270 quot
831 2223 919 2261 fere
935 2223 1031 2261 sunt
1046 2224 1190 2262 verba.
1207 2223 1349 2262 Tanta
1366 2225 1484 2261 enim
1501 2223 1538 2261 δε
1553 2230 1643 2261 tarn
1658 2222 1886 2270 multiplex
1901 2222 1994 2260 sub-

354 2276 408 2313 est
430 2276 755 2319 discoherentia‚
777 2282 818 2313 vt
840 2277 1012 2323 pudeat,
1035 2277 1071 2314 &
1093 2279 1234 2324 pigeat
1255 2276 1426 2314 referre.
1451 2276 1633 2324 Oportet
1652 2281 1801 2314 tamen
1821 2280 1995 2323 propter

354 2331 552 2366 incautos
569 2328 606 2366 &
623 2329 788 2371 inscios,
807 2331 1111 2367 enormitatem
1127 2329 1410 2368 monstrosam
1426 2329 1704 2377 aliquatenus
1721 2329 1930 2376 detegere.

408 2382 534 2419 Hora
550 2384 713 2428 quinta,
736 2382 914 2428 quando
931 2382 1030 2420 dicit
1048 2383 1280 2421 Cometam
1297 2394 1397 2420 cum
1413 2382 1579 2430 Aquila
1594 2382 1853 2425 culminasse,
1875 2381 1994 2419 dista·
2032 2393 2066 2418 40

353 2434 424 2472 bat
446 2434 516 2472 ille
538 2447 563 2472 a
585 2435 835 2472 Meridiano
856 2435 1001 2473 versus
1018 2435 1231 2473 Occasum
1252 2435 1526 2483 sesquialtera
1542 2435 1687 2479 Hora;
1708 2434 1873 2482 Aquila
1892 2445 1996 2472 vero

353 2487 450 2534 plus
471 2488 605 2525 tribus
626 2490 800 2535 integris
818 2488 964 2531 Horis,
987 2494 1030 2526 vt
1049 2500 1101 2526 ex
1118 2488 1451 2526 Ascenfionibus
1468 2487 1606 2526 Redis
1623 2488 1735 2526 Solis
1750 2487 1866 2535 grad.
1883 2487 1995 2530 264l,

1854 2539 1993 2587 Medij
