2209 3213
353 264 401 300 78
845 260 926 296 DE
950 258 1173 296 MUNDI
1194 257 1494 295 AETHEREI

351 368 451 405 hinc
469 368 599 404 Latus
617 366 692 406 IK.
710 366 751 403 P.
765 365 826 402 30.
841 365 902 402 M.
916 365 991 403 313⁷.
1010 364 1288 411 Quapropter
1303 363 1426 401 locus
1440 362 1753 401 Intersed‘tionis
1769 365 1814 400 in
1826 363 1989 410 AEqua-

352 429 453 461 tore,
472 421 512 456 P.
531 420 619 457 299.
638 419 699 456 M.
717 418 767 456 52
784 418 884 455 fere.

403 475 546 519 Atque
564 472 645 509 hoc
662 472 794 508 modo
811 471 988 517 Septies,
1007 481 1059 507 ex
1076 470 1186 507 datis
1202 469 1379 507 diuerfis
1392 469 1771 507 Declinationibus
1784 469 1821 507 8(
1833 469 1989 507 Ascen-

350 526 537 562 fionibus
555 523 704 565 Reotis,
725 523 946 561 Tranfitus
967 523 1112 560 locum
1133 534 1209 570 per
1224 521 1608 569 AEquinodtialem
1631 522 1668 559 &
1690 522 1990 560 Inclinationis

351 579 512 616 Circuli
530 578 727 615 Cometae
745 579 1033 623 quantitatem
1049 575 1419 623 inuestigauimuS.
2030 588 2044 612 5

403 631 584 668 Collatis
605 633 750 677 itaque
768 630 805 667 &
822 632 866 667 in
885 632 1094 667 trutinam
1110 631 1274 666 vocatis
1295 629 1481 676 lingulis,
1503 628 1798 666 insenfibiliter
1819 629 1990 666 aberra-

348 685 502 726 bimus,
520 684 548 721 fi
560 684 704 721 locum
718 681 1030 720 Intersefflonis
1042 685 1088 719 in
1099 682 1340 729 AEquatore
1353 681 1699 719 constituerimus
1710 684 1756 719 in
1769 681 1991 720 Gradibus

350 737 539 774 eiusdem
560 737 647 774 299.
671 737 733 774 M.
755 736 817 779 50,
840 735 877 773 8(
898 735 1197 773 Inclinationis
1217 737 1301 773 viae
1323 735 1521 773 Cometae
1538 734 1777 782 Angulum,
1803 740 1910 782 part.
1927 735 1989 773 33.

348 792 451 827 min.
468 791 531 833 45,
549 801 647 836 quae
665 790 753 827 duo
770 790 974 826 inuenisse
992 790 1194 836 oportuit.

401 843 682 881 Absoluimus
698 840 909 880 haetenus
921 844 965 879 in
978 842 1183 880 omnibus
1200 840 1568 883 antecedentibus,
1585 841 1793 885 Primum,
1811 852 1864 879 ex
1880 841 1992 879 datis
2034 853 2063 878 ιο

350 896 737 934 Obseruationibus
751 895 960 939 Cometae‚
974 894 1171 932 restitutis
1182 897 1302 942 prius
1314 896 1366 942 ijs
1378 894 1568 932 fixarum
1580 894 1698 938 loeis,
1712 894 1869 941 quibus
1882 906 1992 941 opus

350 954 451 990 erat.
469 949 598 996 ipfius
610 949 946 996 Longitudinem
959 948 996 986 &
1009 948 1303 986 Latitudinem
1320 959 1408 995 quo
1424 947 1480 985 ad
1497 947 1763 994 Eclipticam,
1781 947 1818 984 8(
1834 947 1991 985 Ascen-

350 1002 512 1040 fionem
525 1000 700 1039 Rediam
712 1007 843 1049 atque
856 1001 1210 1039 Declinationem
1223 1013 1311 1048 quo
1323 1001 1378 1039 ad
1390 1000 1692 1048 AEquatorem,
1708 1006 1802 1038 tum
1814 1001 1992 1038 demum

349 1057 573 1102 proprium
596 1054 793 1092 Cometae
811 1054 1050 1097 circulum,
1072 1054 1110 1092 8(
1131 1054 1308 1101 qualem
1328 1056 1364 1091 is
1384 1059 1473 1091 tarn
1493 1054 1548 1092 ad
1570 1054 1836 1100 Eclipticam‚
1858 1065 1992 1100 quam

349 1108 636 1155 AEquatorem
654 1107 1078 1155 correspondentiam
1091 1108 1341 1150 obtinuerit;
1359 1107 1508 1153 Quare
1520 1118 1638 1145 nunc
1651 1106 1992 1145 consentaneum
2034 1117 2062 1142 15

350 1163 439 1204 erit,
465 1166 508 1198 vt
533 1161 918 1208 Recapitulationis
944 1162 1145 1198 omnium
1170 1160 1522 1198 antecedentium
1547 1160 1656 1204 loco,
1686 1159 1836 1197 habita
1861 1161 1992 1197 etiam

350 1216 517 1252 ratione
540 1216 834 1261 proportionis
857 1214 1009 1251 Motus
1032 1214 1086 1251 ad
1110 1225 1185 1251 eos
1209 1214 1311 1257 dies,
1336 1215 1381 1250 in
1404 1213 1563 1260 quibus
1588 1213 1845 1251 Obseruatio
1869 1212 1992 1250 nulla

349 1266 460 1306 satfta
477 1267 542 1309 est,
561 1267 784 1305 Diurnum
802 1266 999 1304 Cometae
1016 1266 1199 1310 cursum,
1216 1272 1306 1304 toto
1322 1268 1608 1313 apparitionis
1623 1272 1831 1313 tempore,
1849 1266 1887 1304 8(
1903 1277 1992 1313 quo

350 1320 405 1358 ad
422 1320 686 1367 Eclipticam‚
708 1320 746 1357 8(
767 1331 855 1367 quo
877 1320 931 1357 ad
948 1319 1248 1367 AEquatorem,
1269 1325 1363 1357 tum
1384 1322 1516 1357 etiam
1533 1321 1694 1367 proprij
1715 1319 1879 1357 Circuli
1895 1331 1991 1366 por-

350 1375 526 1417 tionem,
551 1373 605 1411 ob
629 1373 780 1411 oculos
803 1385 1035 1420 ponamus.
1059 1373 1112 1410 Vt
1133 1384 1220 1410 vno
1242 1374 1412 1416 intuitu,
1437 1375 1567 1410 totius
1588 1383 1720 1420 quern
1741 1372 1992 1410 absoluebat
2029 1383 2063 1408 20

350 1431 506 1467 motus.
524 1428 633 1464 ratio
650 1428 863 1474 promtius
880 1425 1128 1464 innotescat.
1146 1422 1161 1475 ΙΙ

352 1569 745 1614 EPHEMERIS
771 1569 1189 1614 APPARENTIS
1221 1569 1465 1614 MOTUS
1493 1569 1816 1621 COMETAE,
1842 1569 1990 1613 TAM
2025 1576 2067 1608 86

416 1637 544 1684 QUO
566 1637 651 1675 AD
673 1637 974 1676 PROPRIUM
996 1637 1275 1680 DUCTUM,
1298 1637 1481 1684 QUAM
1503 1637 1866 1676 ECLIPTICAM
1887 1637 1925 1675 8(

442 1699 846 1746 AEQUATOREM,
868 1699 953 1737 AD
975 1699 1273 1738 SINGULOS
1294 1699 1425 1738 DIES
1445 1699 1659 1738 TOTIUS
1680 1699 1898 1737 APPARI-

529 1761 739 1805 TIONIS,
761 1762 802 1799 A
823 1761 883 1799 IX
905 1761 1255 1800 NOUEMBRIS
1276 1762 1430 1799 ANNI
1451 1762 1513 1805 77,
1531 1761 1726 1808 VSQUE
1746 1762 1809 1799 IN
2029 1772 2062 1797 25

681 1823 825 1861 XXVI
850 1823 1125 1861 IANUARII
1150 1824 1304 1861 ANNI
1329 1824 1392 1867 78,
1418 1823 1597 1862 HORIS
1622 1825 1662 1861 A

728 1885 979 1923 MERIDIE
995 1885 1019 1923 6
1035 1885 1276 1930 ELAPSIS,
1293 1885 1610 1923 ADAPTATA.

1246 2013 1448 2038 LATITVDO
1503 2013 1703 2039 ASCENSIO
1763 1995 1957 2056 ΠΕξῑῐὸΝΑ-

1326 2056 1397 2073 Ol'ea
1876 2065 1882 2070 .

1806 2066 1914 2091 Merid.
2029 2068 2062 2093 30

2028 2355 2060 2380 35

1858 2600 1989 2640 DIES
