2209 3213
383 207 457 244 494
786 201 1298 240 ANNOTATIONES
1320 201 1619 240 EDITORIS

435 311 654 348 Sequuntur
682 308 744 338 hic
771 308 860 337 duae
888 306 1153 345 praefationes.
1185 314 1283 344 quas
1308 304 1467 337 editioni
1493 315 1526 336 a.
1557 305 1639 337 1603
1664 306 1821 337 emissae
1850 306 2020 346 praefixit

383 362 610 393 Franciscus
625 360 857 399 Tengnagel:

381 459 498 511 AD
528 455 1003 510 ILLUSTREM
1032 455 1085 509 &
1114 454 1702 508 CLARISSIMUM
1724 454 2019 518 VIRUM‚

404 531 747 586 JOANNEM
768 530 1151 575 BARVITIVM
1170 530 1242 574 Sag
1260 530 1611 574 CAESAREAE
1629 530 1995 583 MAJESTATI

695 595 735 632 A
758 594 1045 640 CONSILIJS
1065 594 1103 632 &
1124 593 1395 632 SECRETIS
1416 593 1705 637 INTIMUM‚

1064 650 1334 681 PRAEFATIO.

544 710 697 775 '‘(39)
724 721 927 753 VONIAM
950 721 1124 761 primum
1146 721 1194 752 de
1214 720 1499 752 recentioribus
1516 720 1651 751 Mundi
1669 719 1847 752 AEtherei
1862 720 2021 752 Phaeno-

724 766 849 797 menis
868 766 1049 803 Tomum,
1074 765 1141 796 sub
1164 765 1559 805 Progymnasmatum
1579 764 1944 796 Astronomicorum
1966 765 2022 796 Ti-

723 811 817 847 tulo,
842 810 902 841 S.ae
924 810 1040 841 Caesfss
1063 810 1177 850 Maje:
1201 809 1390 850 auspicijs,
1415 817 1495 841 non
1514 808 1567 840 ita
1588 809 1741 848 pridem
1761 808 1950 846 emissum‚
1974 811 2021 840 ea

725 855 773 885 ab
796 854 961 885 Eruditis
984 854 1113 894 (idque
1134 854 1275 885 merito
1297 854 1377 895 suo)
1400 853 1522 893 gratia
1547 852 1735 884 affectum
1755 853 1932 891 viderim,
1953 853 2022 884 Vir

725 898 880 930 Illustris
904 899 933 930 8(
957 898 1177 938 Magnifice,
1203 901 1245 929 ut
1271 906 1348 937 quo
1375 898 1460 937 quis
1485 906 1553 937 per
1576 898 1775 936 Europam
1798 897 2020 929 universam

725 943 1016 974 Mathematum
1036 943 1196 982 peritior
1216 942 1350 977 extitit,
1375 951 1421 973 eo
1446 941 1658 973 ferventius
1680 941 1790 972 illurn
1811 941 2019 982 exceperit,

379 1034 420 1062 ut
440 1032 501 1062 vel
523 1031 738 1069 stationem,
762 1032 800 1063 in
822 1033 899 1072 qua
920 1032 1110 1063 Caesareae
1132 1031 1246 1071 Maje:
1269 1031 1416 1070 inclyto
1438 1031 1466 1062 8(
1488 1030 1647 1070 augusto
1669 1030 1863 1070 suffragio,
1888 1030 2020 1070 quoad

380 1075 619 1115 reliquorum
637 1076 958 1113 maturationem,
976 1084 1040 1107 me
1056 1075 1306 1107 constitutum
1324 1075 1454 1112 sentio,
1473 1074 1689 1111 deseruisse;
1712 1075 1772 1105 vel
1790 1074 1939 1115 segnius
1955 1075 2021 1106 sal-

378 1122 471 1157 tem,
502 1120 597 1151 dum
623 1121 673 1151 ad
697 1120 1004 1151 TABVLARVM
1032 1119 1451 1151 RUDOLPHEARUM
1482 1118 1764 1159 perfectionem
1790 1119 1903 1160 (opus
1928 1127 2021 1150 cum

380 1164 513 1203 primis
526 1165 709 1206 arduum)
725 1165 978 1205 accingimur,
997 1164 1205 1196 subcisivas
1217 1164 1337 1196 horas
1349 1163 1554 1195 collocasse
1566 1163 1712 1194 videar.
1731 1163 1860 1201 Quam
1873 1163 1923 1195 ob
1936 1171 2020 1195 rem

380 1217 513 1248 operae
531 1209 709 1249 precium
726 1218 789 1241 me
806 1208 1002 1240 facturum
1021 1211 1128 1240 ratus
1145 1209 1240 1245 sum,
1263 1209 1288 1239 fi
1307 1208 1504 1248 tantisper,
1527 1208 1621 1239 dum
1642 1207 1803 1247 reliqua,
1825 1210 2021 1239 annuente

381 1253 549 1285 Numine
571 1257 838 1293 pertexuntur,
863 1253 1007 1293 aliquid
1031 1253 1251 1293 vigiliarum
1275 1253 1397 1284 soceri
1421 1252 1487 1284 1,.Ξ
1510 1258 1653 1283 11100151Ε
1675 1251 1908 1283 arrhabonis
1930 1252 2020 1284 loco

381 1297 539 1329 subinde
559 1298 802 1337 praemiser0;
825 1307 951 1338 eoque
972 1296 1087 1338 paeto
1108 1296 1241 1329 lectori
1257 1297 1388 1329 forsan
1404 1299 1642 1336 conceptum
1659 1295 1940 1336 expectationis
1955 1298 2022 1328 tae-

380 1343 486 1373 dium
508 1343 754 1382 aliquatenus
775 1344 922 1374 levam.
945 1343 1042 1373 Cum
1064 1345 1197 1373 autem
1219 1350 1317 1381 opus
1338 1342 1415 1373 1100
1432 1340 1830 1381 Cometographicum
1849 1340 2021 1380 primum

382 1387 626 1427 Uraniburgi.
645 1387 734 1418 dein
745 1388 878 1427 Pragae
895 1389 1115 1418 extremam
1127 1386 1211 1426 jam
1222 1385 1472 1426 Typographi
1488 1394 1653 1416 manum
1671 1385 1843 1422 senfisset‚
1860 1394 1940 1417 non
1956 1385 2021 1416 diu

381 1431 475 1462 mihi
491 1431 561 1463 fuit
576 1432 849 1465 haefitandum.
872 1432 982 1472 cujus
998 1431 1234 1471 potissimum
1252 1430 1430 1470 auspicijs
1446 1430 1484 1461 in
1500 1430 1701 1470 publicum
1717 1429 1906 1469 prodiret:
1929 1437 2021 1461 cum

380 1475 528 1515 primus
545 1477 574 1507 8(
590 1476 814 1516 praecipuus
829 1476 976 1508 Tomus
992 1476 1052 1506 5.ae
1069 1475 1187 1506 0001.Ξ
1206 1474 1321 1515 Maje:
1338 1475 1459 1514 usque
1476 1475 1570 1505 dum
1590 1474 1743 1514 majora
1764 1474 1917 1511 damus,
1935 1473 2021 1514 jure

380 1520 543 1558 debitus,
561 1521 768 1560 eidemque
785 1520 1002 1551 humillime
1018 1519 1233 1559 inscriptus,
1250 1520 1353 1559 (quae
1368 1519 1416 1550 de
1430 1519 1533 1550 111100
1545 1518 1575 1549 8(
1588 1518 1771 1549 similibus
1782 1519 1895 1558 longe
1907 1518 2021 1558 supra

379 1564 482 1604 vulgi
493 1568 654 1604 captum
667 1564 810 1596 evectis
824 1564 1049 1596 sublimibus
1061 1563 1256 1603 exercitijs
1268 1563 1567 1594 Clementissima
1579 1571 1672 1594 cum
1684 1563 1747 1593 1).ε
1759 1564 1827 1593 tua
1839 1562 1869 1592 8(
1881 1562 2021 1594 crebra

380 1608 474 1640 solet
491 1609 637 1649 agitare
654 1609 865 1650 colloquia)
880 1612 917 1640 te
934 1609 1040 1648 quali
1057 1608 1174 1648 digito
1192 1608 1389 1639 videretur
1405 1607 1589 1638 indicare.
1612 1606 1775 1638 Proinde
1791 1609 1840 1645 te,
1857 1606 1926 1637 Vir
1942 1616 2021 1638 am-

380 1653 551 1692 plissime,
576 1657 766 1693 tanquam
790 1654 926 1690 fidum,
951 1653 980 1684 8(
1002 1653 1145 1684 harum
1169 1661 1301 1683 rerum
1324 1651 1702 1692 intelligentissimum
1726 1651 1776 1682 ad
1799 1651 2020 1682 Caesaream

382 1697 623 1738 Majestatem
640 1698 927 1730 internuncium
940 1697 1180 1738 jampridem
1197 1696 1347 1736 optimo
1360 1697 1446 1737 jure
1464 1695 1558 1727 mihi
1575 1696 1810 1736 delegeram,
1833 1695 1895 1727 cui
1915 1695 2021 1727 labo-

380 1751 464 1773 rem
477 1742 580 1774 hunc
594 1743 774 1779 arduum,
789 1742 920 1774 multis
931 1742 1067 1782 vigilijs
1079 1751 1101 1772 a
1116 1741 1249 1773 socero
1262 1741 1429 1772 Brahaeo
1442 1740 1716 1771 elucubratum
1729 1740 2019 1777 consecrarem;

381 1786 443 1826 spe
464 1788 571 1818 certa
594 1787 787 1825 subnixus,
810 1796 874 1818 me
894 1787 970 1818 hac
993 1787 1126 1817 saltem
1147 1786 1300 1817 ratione
1319 1786 1426 1826 (cum
1448 1784 1523 1816 alio
1543 1784 1768 1816 officiorum
1785 1792 1925 1824 genere
1940 1786 2022 1815 tan-

379 1834 463 1862 turn
480 1831 607 1862 virum
625 1832 818 1863 demereri
834 1840 913 1863 non
929 1831 1090 1871 possem)
1106 1831 1155 1861 ab
1172 1830 1311 1870 ingrati
1323 1829 1444 1860 animi
1455 1829 1630 1866 crimine,
1650 1829 1733 1860 Deo
1746 1829 1775 1859 8(
1788 1828 2020 1860 mortalibus

380 1875 511 1913 inviso,
533 1876 742 1908 liberatum
762 1876 823 1914 iri;
846 1884 938 1907 cum
955 1876 1005 1906 ob
1022 1874 1203 1915 ingenioli
1219 1874 1295 1905 mei
1312 1874 1634 1910 imbecillitatem,
1655 1874 1683 1904 8(
1702 1875 1862 1905 aetatem
1874 1872 2021 1913 juveni-

379 1921 468 1956 lem,
492 1920 569 1959 ipse
589 1920 778 1952 hactenus
799 1929 846 1952 ea
868 1920 1000 1952 solidae
1022 1919 1280 1951 observantiae
1301 1918 1444 1949 indicia
1466 1927 1486 1949 e
1508 1925 1598 1949 meo
1620 1926 1721 1957 penu
1742 1917 1919 1957 proferre
1941 1925 2020 1948 non

379 1964 585 2003 potuerim,
604 1974 692 2004 quae
710 1964 863 1996 animus
875 1965 959 2005 jam
976 1964 1124 1995 dudum
1142 1963 1286 1994 mirum
1299 1963 1336 1994 in
1349 1963 1514 1994 modum
1529 1961 1726 2002 gestiebat:
1743 1961 1909 1993 Tametsi
1925 1961 2020 1992 mihi

379 2008 608 2047 perdifficile
634 2009 675 2040 fit
700 2009 877 2045 statuere,
904 2011 1034 2040 vtrum
1060 2016 1131 2048 ego
1155 2008 1211 2039 DJ
1234 2007 1327 2039 Tuae
1351 2006 1487 2038 Illustri
1512 2006 1687 2046 pluribus
1712 2005 1936 2037 nominibus
1959 2006 2021 2037 de-

380 2051 529 2083 vinctus
553 2054 621 2083 sim
643 2054 746 2091 (licet
767 2054 801 2085 ei
821 2056 948 2085 totum
969 2061 1032 2084 me
1054 2053 1198 2084 debere
1218 2060 1297 2083 non
1319 2051 1483 2092 inficier)
1502 2051 1564 2082 vel
1586 2053 1655 2082 tua
1677 2050 1901 2090 praestantia
1923 2058 2021 2090 prae-

380 2096 495 2128 claris
520 2097 592 2128 suis
615 2096 843 2135 actionibus,
870 2098 1071 2128 literarum
1098 2096 1334 2136 potissimum
1357 2096 1387 2126 8(
1410 2095 1655 2126 literatorum
1679 2094 1930 2134 promotione
1954 2094 2021 2125 fibi

379 2141 445 2180 ipsi
462 2141 617 2172 debeat:
640 2141 742 2172 Nam
760 2142 783 2172 fi
802 2142 935 2173 omnia
952 2142 1105 2172 Domi.is
1120 2141 1365 2172 Tuaelllus.r1³
1382 2140 1539 2180 insignia
1555 2148 1647 2179 erga
1664 2139 1795 2178 Remp.
1813 2138 1953 2170 merita
1970 2139 2020 2170 ad

381 2185 556 2216 amussim
574 2188 782 2223 revocaroe
802 2186 977 2225 quisnam
989 2186 1181 2225 (obsecro)
1193 2185 1293 2216 adeo
1306 2184 1424 2215 livido
1439 2183 1627 2224 praeditus
1639 2183 1691 2215 est
1702 2183 1867 2223 ingenio,
1884 2185 1927 2214 ut
1941 2191 2020 2214 non

381 2229 564 2269 agnoscat
583 2229 676 2269 (ipsa
691 2230 954 2261 testimonium
975 2230 1203 2269 perhibente
1220 2229 1470 2269 conscientia)
1489 2227 1715 2259 indefessam
1735 2227 1847 2258 istam
1867 2227 2021 2267 diligen-

379 2273 474 2304 tiam
492 2273 683 2305 Divinitus
698 2274 765 2305 tibi
783 2274 963 2314 obtigisse.
987 2283 1106 2313 quam
1123 2282 1192 2313 per
1209 2281 1358 2307 omnes.
1381 2281 1459 2304 non
1475 2272 1655 2304 Politicas
1672 2272 1808 2309 solum,
1829 2271 1893 2303 sed
1909 2271 1938 2302 8(
1954 2271 2020 2302 110-

380 2318 578 2349 maniores
594 2319 717 2352 Artes.
742 2318 1046 2349 Mathematicas
1065 2317 1251 2357 inprimis,
1274 2326 1371 2356 quas
1390 2317 1490 2348 inter
1506 2319 1675 2348 coeteras
1691 2316 1814 2356 probe
1830 2316 1960 2353 calles,
1982 2315 2020 2346 in

379 2362 496 2393 tantis
514 2362 614 2401 Reip.
633 2362 747 2399 curis,
769 2363 896 2401 idque,
919 2370 1011 2393 cum
1033 2362 1094 2402 alij
1117 2371 1140 2393 a
1160 2361 1360 2393 laboribus
1382 2361 1624 2401 requiescere
1646 2360 1777 2397 solent,
1800 2360 1942 2392 assidue
1959 2368 2021 2391 ex-

380 2407 531 2437 erceas!
554 2407 654 2438 adeo
676 2407 827 2437 medius
848 2406 974 2444 fidius,
996 2409 1037 2437 ut
1059 2406 1203 2437 Eruditi
1224 2406 1253 2436 8(
1274 2406 1527 2446 intelligentes
1547 2414 1626 2437 uno
1647 2413 1715 2436 ore
1731 2404 1768 2435 id
1786 2405 1974 2436 extollant
1990 2404 2019 2434 8(

379 2450 583 2482 mirentur:
606 2450 700 2482 Zoili
715 2459 810 2481 vero
827 2451 856 2480 8(
873 2450 1060 2490 Aristippi.
1084 2459 1253 2489 quorum
1269 2458 1347 2481 non
1364 2458 1515 2489 paucos
1532 2449 1681 2489 quaevis
1698 2449 1818 2480 habet
1832 2449 1944 2485 Aula,
1965 2451 2019 2479 ta-

380 2494 454 2526 cite
480 2495 603 2534 magis
628 2495 759 2526 secum
784 2494 964 2534 (ingenita
989 2495 1118 2525 virtuti
1144 2496 1298 2534 natura)
1326 2494 1529 2534 suspiciant
1551 2503 1670 2533 quam
1694 2493 1940 2524 aemulentur.
1969 2492 2019 2523 Ut
