2209 3213
134 536 154 611 »θυι

102 635 163 667 451

124 801 154 826 10

123 1067 153 1092 15

120 1332 154 1357 20

121 1598 155 1623 25

121 1863 155 1889 30

123 2129 156 2155 35

136 2333 156 2364 -1-

123 2395 157 2421 40

512 203 1033 243 RECENTIORIBUS
1054 202 1512 242 PHAENOMENIS
1759 202 1836 241 359

192 310 245 348 de
265 310 419 348 formae
440 309 569 357 ipsius
589 312 800 348 uarietate
821 309 1109 348 diuerlimode
1130 309 1185 347 ab
1206 309 1303 357 alijs
1323 314 1454 356 atque
1477 308 1574 356 alijs
1597 308 1835 352 constituta,

193 363 231 401 &
246 368 441 410 tempore
456 364 581 411 initij‚
598 374 648 401 ac
664 364 795 400 totius
811 363 1067 406 durationis,
1084 374 1175 400 non
1191 373 1283 400 uno
1299 361 1337 399 8(
1354 362 1510 400 eodem
1526 362 1659 399 modo
1675 361 1730 399 ab
1745 373 1835 399 om-

192 416 320 454 nibus
332 416 584 459 adinuento‚
597 415 731 463 paulo
743 415 950 454 curiosius
962 418 1059 463 agit.
1072 415 1276 454 Caudam
1286 427 1393 453 uero
1402 415 1532 462 ipsius
1541 417 1586 452 in
1596 414 1835 462 oppositam

192 469 282 508 Soli
297 474 466 516 partem
481 467 725 516 porrectam
741 468 869 513 fuisse,
890 468 1074 512 testatur,
1096 468 1193 506 licet
1209 469 1252 506 id
1268 470 1314 506 in
1330 468 1413 506 hoc
1431 468 1629 511 Cometa,
1650 479 1741 505 non
1762 467 1834 505 ad-

192 523 388 561 amussim
408 522 685 570 congruebat,
707 527 753 560 ut
774 522 929 569 Capite
950 521 1144 569 Septimo
1166 533 1192 559 a
1213 521 1339 559 nobis
1360 521 1573 559 ostensum
1594 520 1661 558 est.
1686 520 1836 567 Quare

191 575 287 614 haec
308 575 472 614 assertio
493 587 519 613 a
538 574 766 613 THOMA
787 574 1028 618 ERASTO,
1050 576 1125 622 qui
1141 574 1380 612 Aristotelis
1396 574 1665 613 Sententiam
1686 579 1837 612 contra

191 628 330 676 ipsum
355 628 723 676 Squareialupum
748 627 951 670 defendit,
977 624 992 677 ΙΙ
1017 639 1108 665 non
1133 630 1350 665 immerito
1380 628 1667 675 improbatur;
1699 638 1835 674 quan·

191 693 326 729 quam
348 693 439 719 non
462 681 517 719 ob
539 681 582 719 id
604 681 819 728 sequatur,
844 681 962 728 quod
985 680 1057 718 ille
1079 681 1274 724 intendit,
1300 681 1504 719 Caudam
1526 680 1728 718 uidelicet
1752 680 1835 718 Co—

190 740 319 772 metae
341 746 363 772 e
383 734 699 772 fumofitatibus
715 733 999 781 flagrantibus
1018 736 1249 772 materiam
1269 733 1470 771 habuisse.
1493 733 1583 780 Qui
1600 735 1718 771 enirn
1733 739 1836 771 tunc

190 792 280 826 tam
296 786 453 826 directe
470 786 687 835 oppositas
703 799 729 825 a
740 787 924 825 Veneris
940 786 1073 825 Stella
1089 793 1244 834 partes,
1262 789 1307 824 in
1323 786 1398 825 sua
1415 785 1644 825 eductione
1660 786 1835 833 ubique,

191 840 334 878 &toto
351 841 593 879 durationis
609 845 817 888 tempore,
835 840 1076 883 retinuisset,
1094 840 1231 877 ueluti
1244 840 1398 886 Capite
1415 839 1608 887 Septimo
1625 839 1794 886 copiose
1810 851 1837 877 a

190 893 316 932 nobis
333 893 688 932 Demonstratum
705 892 786 931 est?
802 893 886 932 Sed
902 893 1009 931 dum
1025 892 1216 940 impense
1233 898 1417 931 conatur
1433 892 1603 931 Erastus
1620 894 1836 935 euincere,

191 946 399 985 Cometas
411 958 565 985 omnes
577 957 600 984 e
612 946 728 984 siccis
740 946 1094 985 exhalationibus
1105 948 1151 983 in
1162 946 1494 993 superioriAere
1504 945 1703 989 accensis,
1716 948 1838 983 iuxta

190 999 428 1038 Aristotelis
444 999 627 1043 decreta,
649 1011 805 1038 reuera
826 999 1030 1043 constare,
1052 999 1371 1046 necessarioque
1392 998 1647 1037 sublunares
1664 999 1753 1043 esse,
1775 1001 1835 1046 ip-

190 1053 351 1091 fissimae
360 1053 541 1091 Veritati
549 1055 642 1091 uim
651 1052 923 1091 manifestam
933 1052 1071 1090 infert.
1083 1052 1201 1090 Nam
1212 1064 1346 1099 quam
1356 1051 1461 1090 falso
1471 1051 1836 1089 Astronomorum

191 1106 445 1144 consensum
468 1108 600 1144 etiam
623 1108 668 1144 in
691 1105 775 1144 hoc
798 1105 986 1144 Cometa
1007 1105 1174 1154 alleget,
1197 1106 1380 1143 asserens
1403 1116 1478 1142 eos
1501 1104 1835 1152 deprehendisse,

190 1159 315 1198 illum
338 1159 454 1197 fuisse
477 1159 604 1197 Luna
626 1159 922 1204 humiliorem,
948 1171 1002 1197 ex
1024 1159 1092 1197 his
1116 1170 1216 1206 quae
1239 1160 1285 1196 in
1307 1158 1539 1206 posteriore
1564 1158 1696 1195 huius
1720 1158 1836 1196 Libri

190 1218 311 1261 parte
334 1211 709 1261 pertractauimus,
733 1213 1040 1259 apertissimum
1064 1212 1223 1250 euadit.
1248 1212 1352 1250 Eius
1376 1213 1494 1249 enim
1516 1211 1647 1258 plane
1669 1216 1836 1249 contra-

190 1268 318 1310 rium,
335 1277 492 1304 uerum
509 1265 860 1313 deprehenditur.
882 1265 950 1304 Sic
967 1267 1098 1304 etiam
1115 1277 1216 1312 quae
1231 1276 1308 1312 per
1324 1264 1633 1312 disputationes
1650 1270 1836 1312 argutas,

191 1320 297 1358 dum
308 1318 596 1357 fundamenta
607 1318 877 1357 Aristotelica
888 1321 999 1357 tueri
1011 1318 1192 1362 laborat,
1210 1318 1444 1366 Sophistice
1461 1318 1701 1365 praetendit,
1719 1329 1837 1365 quae-

191 1384 276 1420 que
293 1384 316 1411 e
332 1372 566 1411 Sacrarum
583 1372 828 1410 Literarum
843 1371 1130 1420 Testimonijs‚
1152 1383 1252 1419 quae
1268 1371 1418 1409 saltem
1434 1371 1486 1409 de
1503 1371 1677 1419 pluuijs‚
1700 1370 1737 1409 8(
1757 1370 1836 1408 ful-

191 1427 322 1469 mine,
339 1425 629 1473 similibusque
647 1425 858 1463 Meteoris
874 1427 919 1463 in
935 1426 1051 1463 Aere
1067 1436 1159 1463 non
1174 1425 1302 1473 longe
1315 1424 1488 1463 aTerra
1503 1426 1729 1472 generatis,
1747 1436 1837 1462 non

192 1479 244 1517 de
261 1478 457 1517 Cometis
478 1478 686 1526 (quorum
706 1478 906 1526 nuspiam
922 1481 968 1516 in
984 1478 1126 1517 Sacris
1142 1478 1294 1526 Biblijs
1314 1477 1360 1516 fit
1380 1477 1563 1524 mentio)
1584 1478 1836 1524 loquuntur,

191 1543 422 1580 perperam
442 1532 687 1576 introducit,
709 1532 764 1570 ad
785 1531 900 1570 hanc
916 1543 1007 1570 rem
1024 1531 1325 1570 stabiliendam
1340 1531 1592 1569 nullatenus
1608 1530 1837 1569 sufficiunt.

245 1585 329 1624 Sed
353 1585 458 1623 nolo
483 1585 567 1623 hoc
591 1585 690 1623 loco
714 1585 1019 1633 Squareialupi
1043 1584 1081 1622 8(
1104 1584 1250 1629 Erasti,
1276 1585 1328 1623 de
1355 1584 1641 1623 Cometarum
1667 1584 1839 1622 Natura

191 1638 520 1686 disceptationes
540 1638 733 1686 prolixas
755 1638 963 1686 (quorum
983 1638 1053 1676 hic
1074 1638 1313 1676 Aristotelis
1333 1637 1598 1676 fumositates
1619 1639 1665 1674 in
1686 1648 1840 1675 eorum

193 1691 492 1731 Generatione
513 1692 735 1730 mordicus
756 1693 950 1739 arripuit,
973 1691 1010 1729 8(
1031 1691 1234 1736 defendit,
1256 1691 1327 1729 ille
1349 1703 1456 1729 uero
1477 1702 1552 1729 eas
1568 1702 1840 1738 oppugnans,

192 1745 406 1783 euanidas
421 1745 617 1790 reddidit,
635 1745 673 1783 8(
688 1747 800 1783 inter
812 1745 1018 1784 Coelestes
1031 1745 1171 1784 Orbes
1183 1745 1392 1783 Cometas
1403 1745 1614 1782 uerissime
1630 1746 1841 1792 generari,

192 1798 276 1836 suis
297 1798 556 1846 quibusdam
576 1810 667 1836 non
688 1800 844 1845 ineptis
865 1798 1272 1836 ratiocinationibus
1294 1797 1480 1845 collegit)
1502 1797 1576 1835 sub
1597 1797 1841 1844 pleniorem

192 1851 530 1899 disquisitionem
551 1863 725 1895 uocare,
747 1851 958 1899 siquidem
978 1853 1130 1899 paucis
1148 1851 1314 1890 absolui
1332 1856 1570 1898 nequeant;
1593 1851 1642 1888 In
1659 1850 1841 1898 Epilogo

192 1906 323 1943 totius
340 1904 497 1952 Operis
517 1904 626 1942 forte
647 1905 826 1942 uberius
847 1904 885 1942 8(
906 1904 1177 1942 enucleatius
1198 1904 1294 1942 haec
1315 1904 1568 1942 discutiendi
1584 1904 1756 1942 dabitur
1773 1915 1840 1941 oc-

193 1957 317 1996 cafio.
341 1958 490 1996 Vnum
512 1957 661 1996 saltem
685 1957 769 1995 hoc
794 1958 891 1996 loco
917 1957 1050 1996 libere
1076 1958 1235 2001 dicam;
1262 1957 1290 1995 fi
1316 1957 1487 1995 Erastus
1510 1956 1777 2005 Astrologiae,
1804 1956 1841 1994 8(

192 2011 416 2049 Paracelso
439 2011 697 2058 obstrepens,
721 2022 813 2048 non
835 2013 1011 2049 ueriora
1034 2013 1079 2048 in
1101 2011 1297 2049 medium
1320 2010 1509 2058 protulit,
1534 2021 1668 2058 quam
1691 2012 1736 2047 in
1758 2009 1841 2048 hac

193 2064 480 2103 Cometarum
502 2066 699 2108 materia,
723 2064 829 2102 dum
849 2064 1087 2102 Aristotelis
1110 2065 1163 2102 de
1187 2064 1487 2102 Generatione
1511 2074 1666 2101 eorum
1689 2062 1840 2101 doctri—

193 2129 298 2156 nam
309 2129 401 2155 non
412 2117 561 2156 saltem
573 2117 844 2165 probabilem
857 2118 933 2155 esse
944 2117 1079 2161 sentit,
1094 2117 1163 2155 sed
1176 2120 1416 2161 certiorem,
1430 2128 1564 2164 quam
1576 2116 1713 2154 refelli
1726 2118 1841 2154 ueris

193 2171 436 2209 rationibus
458 2170 513 2209 ab
536 2170 687 2218 aliquo
710 2171 827 2218 possit
851 2171 986 2217 (lubet
1009 2172 1128 2208 enim
1151 2170 1366 2218 ipsiusmet
1388 2172 1575 2218 proprijs
1597 2172 1658 2207 uti
1679 2169 1840 2215 uerbis)

194 2224 398 2271 equidem
414 2224 587 2262 nullum
603 2223 658 2261 est
674 2224 930 2271 periculum,
949 2229 994 2261 ut
1010 2223 1083 2261 uel
1094 2223 1321 2271 Astrologi,
1339 2223 1411 2261 uel
1423 2222 1705 2262 Paracellistae
1719 2222 1841 2261 suam

193 2277 494 2324 professionem
510 2276 565 2315 ab
581 2276 657 2315 illo
673 2276 980 2315 labefactatum
997 2279 1061 2321 iri,
1077 2276 1390 2325 pertimescant.

247 2330 301 2368 D.
319 2330 512 2369 SIMON
530 2329 838 2374 GRYNAEVS,
860 2332 905 2368 in
926 2330 1011 2368 suis
1028 2330 1370 2378 Commentarijs
1387 2330 1439 2368 de
1457 2331 1600 2377 ignitis
1616 2329 1839 2373 Meteoris‚

194 2383 570 2431 Cometarumque
594 2382 730 2421 caufis
753 2383 791 2421 8(
813 2382 1209 2431 significationibus,
1235 2383 1450 2431 subiungit
1476 2384 1607 2421 etiam
1631 2381 1840 2429 quasdam

193 2436 326 2474 huius
343 2436 541 2475 Cometae
559 2436 914 2480 Obseruationes;
937 2436 975 2474 &
995 2436 1049 2475 ab
1066 2438 1203 2480 initio,
1222 2448 1345 2474 more
1362 2436 1747 2483 Peripateticorum
1764 2435 1839 2472 du-

193 2489 299 2527 dum
315 2495 501 2537 recepto,
519 2489 717 2528 Cometae
734 2489 866 2527 huius
883 2489 1059 2528 causam
1074 2489 1347 2528 materialem
1361 2489 1500 2527 statuit
1513 2488 1839 2526 exhalationem

1652 2541 1838 2578 calidam
