2209 3213
712 339 1046 407 CAPVT
1078 338 1611 404 DECIMVM.

346 438 416 480 IN
432 436 572 489 QVO
584 434 804 477 VNICO
818 431 1025 476 HVIVS
1035 430 1279 475 TOTIVS
1292 430 1468 474 LIBRI
1480 430 1807 474 SECVNDA
1821 429 1980 473 PARS

824 500 1495 547 COMPREHENDITVR.

401 573 708 611 TRACTANS
730 573 808 609 DE
830 570 1107 609 ALIORUM
1130 570 1191 607 IN
1214 569 1344 607 HOC
1366 568 1613 607 COMETA
1635 568 1922 606 OBSERUA-

480 634 757 673 TIONIBUS
780 634 815 671 &
838 632 1192 674 SENTENTIIS,
1215 630 1537 677 QUATENUS
1559 630 1694 668 CUM
1716 630 1840 668 IPSO

542 697 714 734 COELO
736 696 816 733 AC
840 696 929 732 REI
951 694 1230 731 VERITATE
1251 691 1648 735 CONGRUANT,
1670 691 1781 729 VEL

618 759 693 795 ΑΒ
716 758 813 795 HIS
835 756 1211 799 DISCREPENT,
1234 753 1703 800 EARUNDEMQUE

807 819 943 858 CUM
966 818 1210 857 NOSTRIS
1232 816 1514 856 INUENTIS

969 880 1357 920 COLLATIONE.

566 1023 570 1032 ,
623 966 626 968 Ὗ
689 979 730 1016 N
748 978 952 1015 omnibus
964 979 1053 1014 iam
1065 975 1284 1023 praemissis
1296 986 1460 1012 nouem
1473 973 1713 1020 Capitibus,
1731 972 1889 1019 quibus
1900 974 1982 1019 pri-

583 1059 593 1077 <
611 1037 628 1084 j
689 1044 810 1069 orem
823 1031 954 1068 huius
966 1030 1061 1068 libri
1074 1034 1242 1077 partem
1254 1028 1533 1069 absoluimus,
1548 1027 1823 1065 solummodo
1836 1038 1887 1064 ea
1900 1029 1981 1074 egi-

589 1111 599 1146 3
688 1097 798 1126 mus,
825 1096 924 1131 quae
951 1095 1003 1121 ex
1028 1084 1214 1130 proprijs
1239 1081 1390 1119 nostris
1414 1080 1804 1119 Obseruationibus
1828 1082 1873 1117 in
1899 1079 1982 1118 hoc

487 1265 490 1267 Α
586 1264 588 1267 f
627 1250 649 1264 ”⁹
689 1245 823 1287 restat,
847 1249 889 1281 vt
912 1243 995 1281 hoc
1019 1244 1188 1281 decimo
1211 1242 1249 1279 &
1272 1241 1424 1278 vltimo
1446 1241 1614 1287 Capite,
1638 1240 1827 1278 aliorum
1851 1242 1982 1277 etiam

341 1298 741 1337 animaduersiones
759 1298 796 1335 &
812 1297 982 1344 placita,
1001 1301 1217 1343 quatenus
1234 1307 1334 1333 cum
1351 1294 1480 1332 Coelo
1498 1293 1535 1331 &
1552 1293 1702 1331 nostris
1718 1295 1982 1331 inuentioni-

341 1354 420 1390 bus
437 1352 716 1393 consentiant,
733 1351 802 1388 vel
819 1351 872 1388 ab
889 1350 973 1387 illis
989 1350 1238 1396 discrepent,
1256 1360 1343 1386 vna
1359 1347 1650 1391 discutiamus,
1668 1358 1756 1394 quo
1768 1348 1830 1384 rei
1841 1348 1981 1393 inqui-

342 1406 488 1443 rendae
506 1405 728 1448 certitudo,
746 1416 797 1442 eo
814 1403 1081 1441 manifestius
1097 1401 1449 1449 probabiliusque
1466 1400 1598 1438 fidem
1614 1405 1844 1438 mereatur.
1867 1400 1982 1437 Licet

342 1462 459 1497 enirn
476 1471 538 1499 ea,
557 1470 656 1505 quae
673 1460 718 1495 in
735 1456 1090 1495 antecedentibus
1107 1468 1133 1494 a
1149 1455 1275 1493 nobis
1291 1454 1529 1497 constituta,
1547 1453 1585 1491 &
1597 1465 1619 1491 e
1632 1455 1756 1491 certis
1769 1452 1981 1491 Obserua-

341 1513 530 1549 tionibus
553 1512 828 1549 Geometrice
847 1510 1221 1556 Arithmeticeque
1242 1507 1548 1546 Demonstrata
1569 1506 1676 1551 sunt,
1697 1506 1808 1544 adeo
1830 1511 1924 1544 rata
1944 1505 1982 1543 &

341 1565 584 1603 infallibilia
602 1565 791 1607 existant,
806 1570 848 1601 vt
866 1566 940 1610 qui
957 1563 1251 1601 contradicere
1268 1561 1440 1603 audeat,
1458 1560 1568 1598 nihil
1584 1560 1704 1598 aliud
1720 1564 1829 1607 agat,
1847 1571 1982 1606 quam

340 1620 515 1656 Artium
536 1618 694 1656 harum
716 1618 753 1655 &
774 1616 961 1659 inuifflae,
983 1628 1083 1664 quae
1104 1618 1149 1654 in
1169 1617 1222 1663 ijs
1241 1619 1480 1663 permanet.
1497 1614 1700 1652 Veritatis
1715 1612 1755 1651 se
1772 1613 1926 1650 rudem
1943 1612 1981 1650 &

341 1674 540 1720 ignarum
566 1672 713 1718 palam
738 1670 1008 1718 profiteatur:
1038 1670 1259 1711 Attamen,
1285 1670 1389 1716 quia
1414 1679 1506 1705 non
1531 1667 1719 1709 defuere,
1745 1666 1980 1713 praesertim

341 1728 450 1763 inter
472 1725 734 1766 Germanos,
753 1725 844 1761 Viri
866 1723 1126 1761 excellenter
1147 1722 1314 1765 eruditi,
1337 1721 1375 1759 8(
1395 1732 1542 1758 rerum
1562 1720 1980 1758 Mathematicarum

342 1780 538 1826 inprimis
559 1780 693 1825 gnari,
716 1780 790 1824 qui
812 1789 834 1814 e
855 1777 939 1815 suis
961 1776 1218 1823 quibusdam
1236 1774 1636 1817 Obseruationibus‚
1658 1784 1767 1820 quas
1787 1772 1827 1810 se
1849 1774 1980 1810 etiam

341 1832 522 1873 coelitus,
540 1834 584 1868 in
597 1831 680 1868 hoc
693 1831 889 1872 Cometa,
908 1830 1128 1868 obtinuisse
1140 1828 1428 1871 affirmarunt,
1442 1827 1720 1865 Geometrice
1732 1837 1823 1863 non
1834 1827 1980 1863 minus

342 1896 516 1931 quoque
525 1884 831 1921 Demonstrare
842 1885 986 1921 conati
995 1883 1102 1924 sunt,
1113 1882 1230 1920 hunc
1239 1881 1484 1923 Cometam,
1494 1883 1539 1918 in
1548 1878 1980 1918 ElementariMundi

339 1939 541 1984 Regione,
559 1937 671 1974 infra
683 1937 856 1974 Lunam
870 1938 1145 1984 progenitum
1159 1935 1287 1978 fuisse,
1305 1935 1416 1972 adeo
1428 1940 1471 1972 vt
1483 1933 1733 1972 Parallaxin
1744 1934 1789 1969 in
1802 1931 1980 1970 Circulo

338 1991 591 2027 Altitudinis
611 1991 634 2027 5
656 1992 852 2037 proxime
869 1991 1070 2037 partium,
1093 2001 1145 2026 ex
1166 1988 1344 2026 illorum
1364 1987 1532 2035 placitis
1548 1987 1798 2029 obtinuerit;
1820 1985 1979 2022 idcirco

339 2044 505 2080 nodum
522 2054 699 2080 omnem
715 2055 806 2080 non
822 2042 918 2080 [atis
934 2042 1063 2089 plene
1080 2041 1224 2079 adhuc
1240 2041 1450 2078 resoluisse
1462 2039 1654 2082 videbor,
1671 2038 1749 2076 nifi
1766 2039 1897 2076 etiam
1914 2049 1978 2081 ea,

340 2108 439 2142 quae
456 2096 510 2133 ab
526 2096 622 2143 alijs
640 2095 924 2133 diuerfimode
941 2096 981 2133 se
997 2095 1159 2133 habere
1171 2091 1186 2144 ΙΙ
1198 2094 1367 2142 prolata
1378 2093 1485 2137 sunt,
1503 2097 1719 2140 quatenus
1730 2091 1876 2129 locum
1888 2102 1979 2128 non

340 2155 601 2191 mereantur,
619 2148 656 2185 8(
673 2149 822 2185 nostris
839 2149 1133 2186 assertionibus
1146 2150 1372 2195 quippiam
1384 2147 1591 2194 derogare
1603 2155 1887 2192 nequaquam
1899 2143 1979 2181 suf-

341 2201 499 2243 ficiant,
524 2202 752 2239 certissimis
776 2202 1016 2239 rationibus
1039 2201 1227 2238 dilucide
1251 2200 1491 2243 ostendero;
1516 2198 1764 2246 praesertim,
1789 2209 1889 2234 cum
1912 2208 1979 2234 res

341 2255 544 2301 quaelibet
561 2266 651 2291 non
667 2257 839 2301 penitus
851 2254 888 2291 8(
900 2254 1159 2292 sufficienter
1176 2254 1390 2301 explicata
1406 2251 1751 2297 confirmataque
1768 2250 1978 2293 credatur,

340 2307 417 2345 nifi
438 2310 569 2345 etiam
589 2307 721 2344 dubia
742 2310 904 2350 omnia,
926 2307 963 2344 8(
985 2318 1261 2354 quaecunque
1280 2309 1324 2344 in
1344 2307 1612 2344 contrarium
1628 2303 1786 2342 adferri
1803 2307 1977 2350 queant,

340 2360 592 2398 omnimode
609 2360 907 2407 praesecentur,
925 2360 1058 2407 iisque
1075 2362 1152 2397 rite
1166 2360 1203 2397 8(
1215 2358 1529 2397 rationabiliter
1540 2358 1849 2405 praeueniatur.
1867 2356 1977 2393 Prae-

339 2420 456 2451 terea
476 2414 573 2450 licet
592 2413 662 2450 hae
680 2414 807 2450 Artes
824 2413 1164 2456 Mathematicae,
1186 2412 1296 2450 adeo
1317 2423 1393 2459 per
1413 2411 1453 2449 se
1473 2410 1612 2448 firmae
1633 2410 1977 2456 inconcussaeque

339 2466 425 2504 bafi
442 2466 638 2507 infistant,
655 2471 698 2503 vt
714 2466 836 2503 nulla
848 2465 1124 2504 Authoritate
1142 2466 1289 2512 (idque
1305 2476 1396 2512 prae
1408 2464 1504 2512 alijs
1516 2463 1604 2500 fere
1617 2462 1821 2500 omnibus
1833 2461 1977 2500 Scien-

339 2521 407 2566 tijs
429 2519 465 2556 8(
487 2519 790 2560 Facultatibus,
812 2521 1115 2566 praerogatiuae
1137 2520 1310 2556 eximiae
1331 2518 1427 2555 loco
1449 2515 1660 2561 obtinent)
1681 2515 1751 2553 vel
1771 2514 1978 2553 consensu

339 2572 527 2609 aliorum
552 2572 789 2619 indigeant:
815 2571 1021 2618 fiquidem
1050 2574 1112 2619 ijs,
1139 2577 1355 2618 quatenus
1378 2569 1489 2608 redte
1511 2569 1819 2659 intelligantgr,
1846 2567 1978 2605 fidem

1785 2632 1975 2668 erogare,

2003 367 2068 398 209

2025 983 2054 1007 10

2024 1249 2053 1273 15

2020 1515 2053 1540 20

2018 1782 2051 1806 25

2017 2047 2050 2072 30

2004 2094 2068 2125 210

2017 2313 2049 2337 35
