2209 3213
212 326 310 370 AD
334 323 603 369 LIBRUM
626 322 1032 368 SECUNDUM
1056 322 1148 366 DE
1172 322 1418 367 MUNDI
1441 321 1763 366 AETHEREI

447 393 1001 438 RECENTIORIBUS
1023 392 1533 437 PHAENOMENIS.

283 488 328 519 IC
350 487 448 519 liber
469 486 666 518 secundus
689 487 747 516 est
769 493 817 516 ex
841 484 913 516 illis
934 485 1070 521 tribus,
1095 485 1159 524 qui
1181 494 1325 525 magno
1351 484 1514 516 Theatri
1533 483 1812 516 Astronomici

301 540 420 581 operi,
439 540 543 580 quod
560 538 694 570 animo
710 538 845 578 Tycho
862 537 1060 573 volvebat,
1080 538 1285 578 prodromi
1301 538 1389 570 loco
1406 538 1670 578 praemittendi
1686 540 1808 574 erant,

167 603 336 635 quorum
356 593 492 625 tertius
512 600 732 631 numquam
753 591 956 622 absolutus
978 592 1051 622 est¹
1073 591 1136 631 (cf.
1154 593 1250 622 tom.
1269 591 1283 621 I
1304 600 1339 631 p.
1358 591 1516 622 XXXIII
1532 600 1589 631 sq.
1607 593 1645 623 et
1662 593 1757 622 tom.
1776 590 1809 621 II

165 657 201 688 p.
214 647 303 687 439).
321 647 457 686 Itaque
473 654 543 685 per
557 647 684 676 totum
701 643 845 675 librum
861 643 899 674 in
914 643 1080 674 summis
1095 643 1244 684 paginis
1256 643 1435 684 legimus:
1457 643 1672 683 »Tychonis
1685 644 1810 675 Brahe

167 701 249 732 Lib.
268 700 313 731 II.
336 700 394 731 De
410 699 572 730 Cometa
594 697 685 728 anni
706 697 822 727 1577«.
845 695 994 727 Primus
1016 698 1162 732 autem,
1184 696 1215 727 si
1236 697 1336 727 levia
1358 697 1545 736 quaedam
1566 696 1750 737 excipias,
1772 697 1810 727 in

164 753 361 794 Tychonis
384 752 544 784 officina
565 753 747 791 typogra-

165 806 282 847 phica
307 805 525 845 descriptus
550 806 625 841 est;
657 812 745 843 quae

166 869 258 892 cum
279 869 313 890 a.
334 858 418 890 1584
437 857 611 890 instituta
631 858 745 893 esset,

165 913 338 953 primum
365 910 635 952 πωεπω
770 921 831 987 Ν
870 923 934 986 0
971 923 1029 981 v
1066 921 1087 983 Ι
1119 921 1154 983 s
1209 854 1319 982 Ᾱὲ
1344 918 1401 981 T
1428 918 1489 981 H
1518 917 1566 981 E
1598 918 1656 982 R
1682 919 1779 983 EI

165 966 272 998 mina
300 965 486 1006 quaedam
512 973 535 995 a
559 963 746 1003 Tychone

166 1018 347 1052 confecta
364 1017 580 1057 descripsit,
603 1025 692 1057 quae
709 1016 746 1047 in
868 1024 924 1072 M
939 1025 985 1070 V
1001 1024 1049 1070 N
1066 1024 1110 1069 D
1129 1023 1144 1068 Ι
1189 1021 1232 1067 G
1253 1023 1294 1069 E
1317 1022 1366 1068 N
1387 1021 1428 1067 E
1450 1021 1498 1067 R
1521 1023 1563 1067 A
1583 1021 1627 1068 T
1647 1023 1687 1069 1-

165 1074 300 1104 nostro
324 1074 435 1103 tomo
461 1071 511 1101 IX
536 1071 669 1101 locum
696 1070 747 1100 in·
988 1099 1108 1131 ONI
1137 1098 1245 1130 BVS
1279 1097 1411 1129 HOC
1446 1097 1579 1130 (ες-,νο

165 1125 331 1157 venient.
345 1125 443 1155 Cum
454 1131 550 1155 vero
562 1123 659 1154 liber
670 1122 745 1159 hic,

165 1178 231 1218 qui
250 1179 298 1209 de
318 1185 463 1218 magno
482 1178 640 1208 cometa
656 1175 747 1207 anni
1136 1167 1152 1187 c
1170 1168 1188 1189 0
1205 1168 1225 1189 N
1241 1167 1253 1188 ⁵
1269 1166 1284 1188 Ρ
1299 1166 1317 1187 Ε
1337 1166 1352 1186 c
1369 1166 1388 1187 Τ
1406 1166 1414 1186 ¹
1433 1166 1447 1186 ⁵

168 1232 250 1263 1577
268 1230 517 1272 potissimum
534 1229 622 1270 agit,
643 1228 746 1269 typis

165 1285 333 1317 describi
354 1286 506 1324 coeptus
527 1285 640 1320 esset,
661 1282 747 1313 titu-

164 1339 223 1370 lus
247 1337 419 1378 primum
445 1335 651 1368 confectus
676 1338 744 1373 est,

165 1391 229 1431 qui
252 1391 301 1422 ab
325 1391 402 1428 illo,
428 1389 747 1431 quilibroadfi-
935 1354 1177 1403 LIBER
1209 1353 1641 1403 SECVNDVS

164 1453 256 1476 nem
270 1444 461 1484 perducto
475 1443 664 1484 praefixus
675 1445 745 1479 est,

165 1498 410 1538 aIIquantum
459 1495 744 1536 discrepabat²;

164 1549 746 1592 cujusimaginemveraforma
796 1545 873 1586 Qv
895 1549 908 1580 1
947 1546 1048 1581 EST
1093 1549 1162 1580 DE
1199 1549 1217 1579 S
1237 1546 1270 1579 T
1289 1548 1313 1579 E
1333 1546 1360 1579 L
1378 1545 1405 1578 L
1422 1547 1448 1579 Α
1479 1547 1507 1578 C
1524 1548 1550 1579 A
1568 1547 1597 1580 V
1617 1547 1649 1578 D
1670 1548 1697 1579 A
1716 1544 1750 1578 T
1771 1547 1796 1578 A

927 786 1200 823 Trcaoms
1243 780 1425 819 ‘Biana
1453 776 1601 816 Dani

162 1604 276 1635 ‘tertia
309 1606 421 1643 parte
453 1603 649 1634 minorem
683 1601 746 1633 hic
857 1607 981 1649 mgenti,
1001 1616 1063 1648 qua:
1077 1604 1149 1636 iuxta
1162 1605 1293 1636 exadlum
1307 1606 1441 1635 trientem
1462 1601 1644 1636 Nouembris
1664 1605 1745 1636 Anni

163 1656 378 1688 subicimus
395 1665 442 1688 ex
460 1656 643 1696 exemplo
660 1655 746 1686 libri
945 1666 973 1698 ¹5
982 1666 1002 1694 7
1010 1667 1039 1694 7,
1050 1654 1178 1699 primum
1186 1650 1658 1698 appamia&circafinemlanuarij

163 1711 201 1742 in
228 1710 466 1742 bibliotheca
495 1709 652 1749 publica
678 1708 747 1740 Bo·
1078 1705 1146 1735 anni
1157 1703 1288 1748 proxume*
1300 1702 1438 1748 sequentis
1448 1700 1537 1736 videri

164 1764 313 1795 russica
350 1763 587 1794 Berolinensi
624 1770 747 1793 asser·
1264 1751 1351 1797 defijt.

163 1818 285 1848 vato³.
304 1816 347 1847 In
362 1816 439 1848 hoc
451 1817 536 1848 solo
549 1816 743 1855 exemplo,

163 1872 355 1910 quantum
368 1870 528 1906 scimus,
544 1869 694 1909 primus
708 1869 746 1899 li-

163 1923 221 1955 bri
237 1922 455 1963 quaternio,
472 1923 494 1954 i.
510 1931 542 1954 e.
559 1922 692 1953 titulus
709 1925 746 1953 et

162 1976 414 2016 prooequm,
451 1976 562 2007 aliter
591 1975 745 2007 confec-

161 2032 223 2061 tus
239 2032 297 2061 est
313 2032 430 2069 atque
442 2030 480 2060 in
491 2029 675 2061 omnibus
687 2036 746 2060 ce-

161 2083 253 2114 teris
278 2083 479 2123 exemplis.
506 2082 744 2114 Prooemium

162 2137 277 2174 enirn,
296 2137 401 2176 quod
417 2136 579 2176 paginas
592 2138 744 2175 septem

216 2200 223 2217 ¹
242 2199 406 2225 Nonnulla
421 2201 526 2224 tamen
541 2198 605 2231 jam
622 2198 797 2231 conscripta
814 2207 882 2225 esse
898 2199 1042 2225 videntur
1057 2207 1175 2228 eorum,
1194 2207 1264 2232 quae
1281 2198 1355 2226 huic
1371 2199 1450 2225 libro
1467 2199 1562 2225 inseri
1578 2200 1746 2229 debebant;
1768 2200 1809 2226 ait

162 2243 288 2276 quidem
305 2243 412 2276 Tyeho
429 2243 461 2268 in
478 2243 630 2276 Epistolis
645 2244 869 2269 astronomicis
886 2243 959 2273 (vid.
975 2245 1047 2269 tom.
1063 2244 1102 2269 VI
1120 2251 1147 2276 p.
1159 2243 1240 2274 40‚40)
1256 2243 1344 2269 tertio
1360 2243 1440 2269 libro
1456 2244 1494 2269 de
1510 2246 1630 2270 cometa
1647 2244 1722 2269 anni
1743 2245 1808 2270 1585

162 2296 230 2314 sese
245 2287 437 2317 Iractavisse;
454 2295 524 2320 quae
541 2287 578 2313 de
595 2287 705 2313 eodem
722 2287 862 2320 prolusit,
879 2287 910 2313 in
927 2287 987 2313 hoe
1002 2290 1087 2313 tomo
1103 2287 1269 2313 edidimus.

213 2333 225 2350 2
242 2332 276 2357 In
293 2331 427 2364 epistula
443 2330 603 2365 Tychonis
620 2331 647 2357 d.
664 2332 697 2357 25
714 2340 752 2357 m.
769 2332 846 2364 Aug.
864 2340 889 2357 a.
909 2333 974 2357 1585
991 2332 1030 2357 ad
1045 2332 1241 2358 Thaddaeum
1259 2332 1437 2365 Hagecium
1454 2333 1525 2358 data
1542 2333 1715 2365 appellatur
1731 2332 1808 2359 liber

162 2377 208 2402 De
225 2377 321 2402 novis
336 2376 495 2401 AEthereae
511 2376 667 2409 Regionis
684 2375 950 2402 Generationibus
970 2379 1078 2402 nostro
1098 2384 1170 2402 aevo
1191 2377 1389 2409 conspect1's,·
1410 2379 1439 2402 at
1459 2377 1486 2402 d.
1507 2378 1515 2402 1
1535 2385 1573 2402 m.
1592 2377 1680 2402 Mart.
1698 2385 1723 2403 a.
1743 2378 1808 2403 1586

162 2420 321 2447 Guilelmo
343 2420 467 2446 Hassioe
489 2419 685 2453 Landgravio
706 2420 846 2446 scribens
868 2420 911 2446 sic
932 2428 1004 2446 eum
1026 2420 1173 2453 appellat:
1199 2421 1245 2446 De
1266 2421 1361 2446 novis
1381 2422 1524 2446 AEtherei
1544 2421 1655 2446 Mundi
1674 2422 1807 2447 Phaeno-

161 2466 265 2491 menis
281 2466 341 2490 hoc
355 2472 427 2490 aevo
443 2465 624 2497 conspectis
641 2465 725 2495 (tom.
741 2465 780 2490 VI
797 2473 824 2497 p.
840 2465 918 2495 353).

213 2509 224 2527 3
241 2509 287 2535 De
303 2509 362 2535 hoc
378 2509 438 2535 vid.
456 2510 543 2535 Laur.
562 2509 690 2535 Nielsen
708 2509 739 2534 in
756 2509 893 2535 Nordisk
909 2509 1046 2535 tidskrift
1060 2510 1109 2535 [ὅτ
1124 2510 1196 2535 bok-
1213 2510 1271 2536 och
1289 2510 1562 2536 biblioteksvasen
1581 2510 1660 2539 VIII,
1680 2510 1753 2535 1921.

267 2563 316 2588 63*
