2209 3213
873 314 1487 383 CONCLVSIO.

435 444 441 452 ι
675 419 1017 459 BSOLUIMUS
1037 430 1167 461 nunc,
1190 418 1227 455 8(
1249 429 1301 455 ex
1322 419 1459 455 animi
1477 417 1700 455 Sententia
1716 417 1771 455 ad
1787 417 1922 455 finem
1939 418 1998 456 di-

369 467 374 477 ¹
393 498 419 510 ,
431 486 439 500 ›
592 491 613 508 ζ;
675 474 880 511 duximus
896 472 1011 510 hanc
1027 472 1079 509 de
1096 471 1248 519 insigni
1264 471 1339 509 illa
1354 471 1474 508 Anni
1492 471 1586 509 1577
1603 472 1851 508 cincinnata
1867 470 1999 509 Stella

452 530 459 538 ‘
550 520 634 572 ''5JTTJ·›÷··.
674 527 1037 568 lucubrationem,
1054 527 1099 562 in
1112 536 1212 571 qua,
1224 524 1359 561 veluti
1372 524 1426 562 ab
1438 525 1562 561 initio
1577 523 1757 571 polliciti
1768 523 1928 568 sumus,
1946 535 1999 562 ex

608 583 611 586 '
635 582 638 586 “
675 582 798 617 certis
811 579 848 616 &
862 578 1174 625 multiplicibus
1191 577 1361 615 coelitus
1377 575 1499 615 factis
1516 576 1918 621 obseruationibus,
1935 588 1997 614 re-

418 659 433 683 4-
455 658 469 664 .„
480 667 486 674 ,,
607 636 645 686 ,ςξ
674 633 822 670 stitutis
834 634 954 679 prius
966 642 1119 669 earum
1129 631 1287 677 quibus
1297 641 1408 677 opus
1419 635 1509 668 erat
1520 629 1755 667 affixarum
1765 629 1999 668 Stellarum

365 681 487 712 *W-
674 686 791 729 locis,
814 685 851 722 8(
872 696 948 731 per
964 684 1299 731 Triangularem
1314 683 1667 730 supputationem
1686 683 1896 730 inquisitis
1913 683 1997 721 Co-

356 746 483 775 metae
494 738 856 784 Longitudinibus
865 738 902 775 8(
910 737 1243 780 Latitudinibus,
1254 736 1492 784 ijsdemque
1502 738 1547 773 in
1554 735 1838 773 Ascenfiones
1848 735 1998 774 Rectas

357 791 393 828 8(
414 791 743 828 Declinationes
766 791 973 833 resolutis,
998 790 1251 837 inuestigata
1275 791 1406 827 etiam
1428 790 1529 827 inde
1553 790 1714 837 proprij
1738 787 1892 827 ductus
1913 789 1997 827 Co-

355 850 482 881 metae
499 843 766 887 habitudine,
783 844 961 882 tandem
972 844 1028 881 Pa
1035 843 1252 881 rallaxeos
1264 845 1357 880 eius
1368 842 1765 890 perscrutationem,
1778 842 1816 879 8(
1829 842 1997 880 Caudae

356 896 507 935 ductus
528 899 756 940 rationem,
781 896 1112 944 capacitatisque
1133 896 1261 940 illius,
1283 896 1354 934 vbi
1377 898 1488 933 inter
1508 895 1740 933 AEthereos
1762 895 1901 933 Orbes
1921 906 1997 942 per

355 950 762 997 correspondentem
781 949 1055 998 Hypothefin
1077 950 1307 987 commode
1324 948 1361 986 8(
1378 948 1465 986 fine
1486 949 1636 996 aliquo
1658 948 1875 986 obstaculo
1897 959 1996 986 con-

355 1003 619 1046 uolueretur‚
641 1005 958 1046 inuentionem‚
974 1014 1150 1049 vnaque
1167 1003 1479 1050 magnitudinis
1497 1002 1664 1049 Capitis
1680 1007 1810 1048 atque
1828 1001 1996 1039 Caudae

354 1056 735 1099 mensurationem,
748 1056 916 1094 affatim
926 1056 963 1093 8(
973 1056 1216 1093 luculenter
1229 1055 1520 1102 exposuimus.
1534 1055 1647 1102 Quae
1658 1056 1810 1092 omnia
1819 1054 1997 1092 Nouem

353 1112 508 1156 prioris
525 1110 660 1147 Partis
678 1110 905 1157 Capitibus
926 1111 985 1147 ita
1006 1108 1222 1156 complexi
1242 1108 1401 1152 sumuS,
1423 1114 1466 1145 vt
1487 1120 1587 1155 quae
1605 1120 1626 1145 6
1643 1109 1829 1155 proprijs
1845 1107 1996 1145 nostris

354 1162 742 1200 obseruationibus
765 1163 1008 1200 deriuanda
1031 1162 1289 1203 censuimus,
1313 1163 1365 1209 ijs
1389 1161 1829 1208 comprehendantur.
1852 1161 1902 1198 In
1922 1160 1995 1198 Al-

352 1222 443 1253 tera
459 1227 563 1253 vero
580 1216 717 1260 Parte,
735 1227 835 1263 quae
851 1217 980 1253 vnico
997 1214 1152 1262 Capite
1165 1215 1350 1252 Decimo
1367 1217 1624 1258 continetur,
1642 1214 1831 1252 aliorum
1843 1215 1996 1251 Anim-

353 1268 630 1306 aduerfiones
647 1269 685 1307 8(
700 1269 871 1316 placita,
892 1274 986 1306 tum
1007 1279 1160 1306 eorum
1178 1270 1252 1315 qui
1269 1268 1500 1306 Cometam
1518 1267 1636 1305 hunc
1653 1267 1997 1314 Superlunarem

352 1321 479 1366 fuisse‚
502 1321 539 1359 8(
559 1324 605 1359 111
622 1322 795 1360 Coelesti
813 1322 986 1359 Mundo
1004 1327 1217 1365 exortum,
1238 1320 1462 1358 nobiscum
1478 1321 1686 1358 verissime
1707 1320 1995 1358 astruxerunt:

352 1380 445 1412 tum
466 1377 597 1413 etiam
617 1375 806 1416 illorum,
831 1377 905 1422 qui
922 1375 1272 1412 Elementaribus
1291 1374 1461 1411 sedibus
1482 1385 1584 1411 eum
1600 1374 1833 1411 attribuere
1849 1375 1996 1411 minus

353 1434 646 1475 competenter
662 1430 807 1466 conati
822 1428 930 1472 sunt,
947 1428 1248 1474 expendimus.

405 1481 485 1518 Fui
514 1486 663 1519 autem
690 1483 735 1518 in
760 1481 842 1519 hac
867 1481 1102 1518 Posteriore
1128 1480 1252 1518 Parte
1277 1480 1350 1517 seu
1376 1480 1562 1517 Decimo
1588 1479 1742 1526 Capite
1768 1479 1996 1526 aliquanto

353 1534 573 1581 copiosior.
592 1534 730 1572 Video
748 1536 865 1571 enim
881 1534 988 1572 illud
1004 1535 1183 1571 vnicum
1199 1538 1356 1571 caetera
1372 1533 1552 1570 Nouem
1567 1532 1644 1570 sua
1659 1533 1906 1580 prolixitate
1925 1544 1995 1570 ex-

352 1588 515 1625 cedere.
541 1587 654 1633 Quae
675 1589 925 1625 immoratio
946 1586 1111 1625 tametfi
1132 1586 1389 1633 quibusdam
1412 1586 1682 1634 longiuscula
1701 1586 1838 1623 videri
1861 1586 1994 1633 possit:

352 1640 640 1678 nihilominus
661 1647 808 1678 tamen
828 1641 946 1687 apud
967 1640 1126 1678 harum
1147 1651 1293 1677 rerum
1315 1640 1496 1686 cupidos
1517 1639 1554 1677 8(
1574 1650 1745 1687 gnaros,
1769 1639 1995 1677 confilium

352 1693 434 1731 hoc
456 1694 647 1731 nostrum
668 1693 990 1731 excusationem
1012 1693 1134 1731 suam
1154 1693 1279 1730 facile
1302 1693 1550 1730 merebitur.
1575 1693 1693 1730 Nam
1715 1691 1995 1739 paucioribus

351 1748 396 1783 in
416 1752 477 1784 tot
497 1748 717 1784 Autorum
738 1753 826 1785 tam
848 1746 1139 1784 diuerfimoda
1155 1746 1321 1793 Scripta
1340 1745 1556 1783 sufficiens
1577 1745 1808 1792 disquisitio
1829 1745 1995 1783 absolui

352 1811 442 1837 non
463 1806 642 1846 poterat.
665 1800 757 1837 Nec
778 1800 940 1847 placuit
960 1799 1239 1847 posteriorem
1259 1806 1427 1846 partem
1448 1801 1494 1836 in
1514 1798 1641 1846 plura
1661 1798 1802 1836 secare
1820 1798 1993 1845 Capita;

353 1853 726 1899 quemadmodum
742 1855 788 1890 in
804 1853 1086 1890 antecedente
1103 1853 1232 1890 Libro
1249 1853 1301 1890 de
1319 1853 1452 1890 Noua
1469 1851 1601 1889 Stella
1621 1851 1815 1895 fecimus,
1836 1863 1892 1889 ne
1909 1851 1994 1889 De-

353 1908 527 1943 narium
548 1908 593 1943 in
613 1906 681 1943 his
702 1903 985 1955 1111-111116111111,
1007 1908 1120 1943 intra
1141 1917 1272 1952 quem
1293 1916 1375 1942 nos
1396 1907 1617 1942 continere
1633 1905 1769 1948 libuit,
1788 1904 1994 1952 transgre-

353 1959 567 1996 deremur.
599 1959 719 2004 Quin
745 1961 876 1996 etiam
901 1959 1023 2006 spero
1048 1959 1163 1996 hanc
1188 1958 1388 2005 postremi
1415 1958 1581 2005 Capitis
1606 1958 1911 2005 prolixitatem,
1942 1968 1994 1995 eo

353 2012 470 2058 quod
486 2023 578 2049 rem
595 2023 729 2058 quam
745 2013 1011 2050 intendimus
1027 2012 1271 2058 pleniorem
1290 2014 1641 2058 apertioremque
1662 2011 1738 2048 sua
1758 2013 1885 2058 copia
1905 2010 1994 2048 effi-

353 2066 447 2107 ciat,
469 2076 548 2101 nec
569 2065 767 2102 inutilem
788 2065 992 2103 futuram.
1015 2065 1061 2102 Id
1077 2076 1181 2102 vero
1203 2065 1321 2111 quod
1342 2064 1636 2112 principaliter
1655 2066 1701 2101 in
1716 2069 1806 2101 toto
1827 2063 1911 2101 hoc
1928 2064 1993 2101 Li-

352 2116 429 2154 bro
451 2117 683 2159 declarare,
705 2117 743 2155 8(
764 2124 884 2155 extra
905 2130 1083 2155 omnem
1104 2117 1440 2165 refragationem
1457 2120 1659 2155 euincere
1680 2117 1993 2160 laborauimus‚

354 2170 584 2207 Cometam
600 2171 798 2208 videlicet
818 2171 936 2208 hunc
957 2182 1240 2218 nequaquam
1260 2173 1306 2208 in
1327 2171 1592 2208 Elementari
1613 2170 1788 2208 Mundo
1809 2170 1993 2213 extitisse‚

352 2222 421 2260 sed
445 2234 467 2260 e
490 2223 708 2270 profundo
731 2224 908 2261 AEthere
932 2225 1056 2261 nobis
1080 2224 1270 2267 illuxisse,
1295 2223 1332 2260 &
1355 2226 1466 2261 inter
1487 2223 1693 2262 Coelestes
1713 2223 1994 2261 Planetarum

353 2278 554 2313 circuitus
576 2277 840 2313 curriculum
860 2277 990 2323 plane
1013 2277 1294 2324 Olympicum
1317 2276 1354 2314 8(
1375 2277 1573 2324 regulare
1594 2275 1825 2320 confecisse‚
1849 2276 1892 2314 id
1913 2276 1992 2322 (in-

352 2329 502 2374 quam)
516 2328 699 2366 arbitror
709 2341 760 2366 ea
770 2329 854 2367 fide
865 2329 902 2366 8(
912 2330 1134 2377 diligentia
1146 2329 1392 2377 praestitum,
1402 2336 1446 2367 vt
1456 2330 1794 2376 intelligentibus
1804 2329 1842 2366 8(
1851 2329 1992 2366 Astro-

351 2383 627 2419 nomicarum
650 2393 795 2419 rerum
818 2385 1030 2428 penitiore
1055 2385 1300 2430 cognitione
1322 2383 1511 2426 imbutis,
1534 2383 1709 2420 abunde
1731 2381 1993 2420 satisfactum

352 2434 427 2471 esse
444 2434 675 2472 confidam.
694 2435 801 2472 Sunt
818 2437 936 2472 enim
952 2437 1102 2473 omnia
1119 2447 1141 2472 e
1158 2438 1339 2473 minime
1351 2435 1579 2473 fallacibus
1591 2434 1992 2478 obseruationibus,

351 2487 388 2524 8(
405 2489 451 2524 111
466 2487 534 2525 his
549 2487 740 2525 fundatis
758 2488 1082 2526 Mathematicis
1098 2489 1373 2534 Apodixibus
1389 2491 1448 2526 ita
1464 2488 1781 2532 Demonstrata,
1798 2488 1836 2526 8(
1851 2490 1898 2525 111
1913 2499 1992 2526 nu·

536 2551 543 2557 ·
1847 2551 1992 2579 meros

2023 347 2086 379 457

2037 592 2052 616 5

2039 857 2069 881 10

2038 1122 2067 1146 15

2034 1386 2067 1411 20

2033 1652 2066 1677 25

2019 1911 2084 1943 458

2032 2182 2065 2207 35

2030 2447 2064 2472 40
