2209 3213
111 781 141 807 10

110 1048 139 1073 15

497 185 1020 226 RECENTIORIBUS
1041 187 1498 227 PHAENOMENIS
1762 188 1821 226 113

178 292 278 337 DC,
302 293 344 330 P.
366 293 419 330 14.
442 292 504 329 M.
526 292 589 335 28,
615 297 746 339 atque
770 293 851 331 AC
874 294 1071 332 distantia
1094 294 1289 332 Vulturis
1312 295 1456 333 Stellae
1479 306 1505 333 a
1528 297 1601 332 via
1624 295 1822 333 Cometae

178 348 310 384 etiam
326 347 371 383 in
387 344 743 383 antecedentibus
759 346 956 391 dabatur,
977 347 1019 385 P.
1037 347 1090 385 10.
1108 347 1170 385 M.
1188 347 1250 385 33.
1273 347 1477 395 Cumque
1494 348 1697 395 Angulus
1713 348 1768 386 ad
1786 348 1822 386 C

177 398 223 436 sit
235 396 401 442 Rectus,
415 398 587 436 dabitur
598 397 697 441 DA,
710 398 752 436 Ρ.
763 399 816 437 17.
830 399 893 437 Μ.
904 400 988 444 501,
1002 400 1120 447 quod
1132 412 1233 438 cum
1245 401 1441 439 distantia
1453 413 1479 438 a
1490 400 1616 438 nobis
1628 401 1823 448 superius

178 452 380 499 assignata
396 453 593 498 apprime
610 452 856 490 concordat.
874 452 942 491 Sic
959 455 1090 491 etiam
1106 453 1162 491 ad
1178 453 1362 492 alteram
1375 454 1738 492 Obseruationem
1755 455 1823 492 die

178 504 345 542 XXIIII
362 503 569 548 habitam,
587 506 768 551 repetita
781 508 980 552 proxime
992 506 1265 544 antecedenti

178 557 468 605 Figuratione,
490 562 706 604 quantum
726 558 781 595 ad
802 558 927 596 situm
948 559 1144 597 Vulturis
1165 571 1265 597 cum

177 612 249 648 via
261 610 460 649 Cometae
476 612 638 654 attinet,
656 613 761 657 quia
777 610 863 649 DC
881 611 1079 650 distantia
1094 611 1223 659 ipfius
1240 624 1265 650 a

178 663 468 711 Longitudine
494 663 689 701 Vulturis
714 666 760 701 in
784 664 860 702 sua
884 667 957 703 via
983 665 1128 709 existit,
1159 665 1201 703 P.
1228 665 1264 703 5.
1789 644 1827 691 Β

178 716 240 754 M.
268 717 342 761 1432,
368 722 412 754 vt
438 727 491 754 ex
515 715 809 763 superioribus
833 718 967 756 modo
993 718 1265 756 antecedenti
1297 739 1346 781 D

179 769 321 817 colligi
341 769 485 817 potest,
507 768 544 806 8(
566 769 648 808 AC
668 775 816 808 manet
838 770 880 808 P.
902 771 955 808 10.
978 771 1041 809 M.
1060 771 1123 815 33,
1148 771 1265 809 dabi-
1377 755 1408 789 C

177 828 246 861 tur
261 822 364 866 AD,
387 822 428 860 P.
446 823 490 860 11.
509 822 571 860 M.
589 823 651 866 46,
673 823 790 870 quod
812 825 1011 871 proxime
1031 826 1077 861 in
1095 835 1183 861 vno
1204 823 1405 871 scrupulo
1422 836 1523 862 cum
1539 827 1824 863 annotatione

178 875 321 914 nostra
337 875 556 913 consentit.

231 929 597 967 Examinauimus
618 935 767 967 autem
788 928 868 967 has
885 929 1084 977 vtrasque
1101 930 1320 968 distantias
1336 931 1392 968 ad
1407 931 1703 978 praecedentes
1720 931 1824 975 dies,

178 993 277 1020 eam
292 981 529 1029 praesertim
546 982 600 1020 ob
617 982 804 1026 causam,
822 985 927 1030 quia
943 982 1056 1021 hisce
1073 983 1225 1021 diebus
1242 984 1360 1031 apud
1372 995 1453 1021 nos
1466 996 1556 1022 non
1568 984 1700 1031 vsque
1713 984 1825 1022 adeo

177 1040 268 1074 erat
283 1035 496 1080 serenum,
513 1040 644 1082 atque
657 1036 726 1073 die
738 1035 820 1073 XV
831 1035 870 1073 8(
881 1035 1028 1074 XXIII
1041 1036 1310 1075 Nouembris
1322 1039 1522 1084 proxime
1534 1037 1825 1075 antecedenti-

175 1088 268 1132 bus,
291 1100 479 1135 cumque
500 1090 545 1125 in
566 1088 650 1126 illis
672 1088 844 1126 duobus
860 1088 1080 1127 Taddaeus
1101 1089 1247 1128 nullas
1264 1090 1457 1128 obtineat
1474 1090 1825 1134 Obseruationes,

176 1142 230 1180 ob
254 1141 441 1179 nubium
463 1141 766 1180 obscuritatem
792 1141 910 1180 Coeli
932 1140 1152 1189 aspectum
1174 1142 1493 1190 prohibentem,
1521 1142 1656 1182 603611
1679 1143 1827 1181 sumus

92 1201 148 1233 131
176 1194 289 1233 hisce
306 1197 438 1233 etiam
450 1197 521 1239 vti,
539 1194 577 1233 &
592 1194 770 1232 illorum
782 1195 837 1233 ad
849 1191 864 1245 ΙΙ
877 1196 1182 1234 antecedentes
1197 1196 1487 1244 clarioresque
1499 1197 1591 1234 dies
1603 1199 1827 1235 examina-

110 1313 143 1339 20

111 1580 144 1605 25

112 1845 145 1870 30

113 2111 146 2136 35

179 1250 344 1286 tionem
356 1247 586 1286 instituere.
604 1248 761 1295 Neque
774 1248 878 1286 alibi
889 1248 1055 1296 vspiam
1066 1254 1156 1287 toto
1168 1249 1412 1287 durationis
1423 1255 1618 1297 tempore
1631 1250 1828 1297 aliquam

181 1300 545 1340 Obseruationem
568 1307 742 1345 certam,
766 1301 923 1339 eodem
946 1302 1014 1340 die
1038 1301 1076 1339 &
1098 1307 1294 1350 tempore
1316 1315 1417 1341 cum
1437 1303 1632 1341 Taddaeo
1655 1302 1826 1347 13613111,

180 1354 374 1402 exipsius
387 1354 424 1392 &
436 1356 545 1392 meis
558 1354 948 1393 Obseruationibus
960 1356 1152 1394 inuicem
1164 1355 1332 1394 collatis
1344 1356 1545 1404 colligere
1561 1356 1692 1394 licuit.
1710 1357 1829 1394 Nam

180 1412 337 1456 praeter
358 1407 442 1445 hoc
464 1407 581 1455 quod
603 1419 757 1445 omnes
778 1408 1194 1453 animaduersiones,
1218 1421 1309 1447 non
1333 1421 1459 1457 aeque
1484 1416 1611 1448 certae
1633 1410 1828 1453 existunt,

180 1461 251 1499 vbi
268 1461 354 1499 illic
370 1460 583 1505 serenum,
605 1461 722 1508 apud
744 1473 825 1499 nos
844 1461 1087 1506 obscurum,
1109 1461 1147 1500 &
1168 1468 1319 1501 contra
1339 1462 1584 1510 plerunque
1606 1465 1765 1506 euenit,
1786 1468 1830 1500 vt

182 1514 236 1552 ob
260 1514 303 1552 id
326 1513 772 1562 Meteorologicarum
797 1513 1132 1562 praedictionum
1155 1517 1278 1560 ratio,
1305 1516 1547 1554 admodum
1569 1518 1768 1554 intricata
1792 1516 1830 1553 &

182 1566 381 1611 difficilis,
403 1578 458 1605 116
475 1567 618 1605 dicam
635 1567 897 1615 impossibilis
914 1568 1003 1612 esse,
1020 1568 1090 1606 vel
1106 1568 1190 1606 1106
1205 1568 1295 1607 1010
1311 1569 1577 1607 (1061111161110
1594 1572 1829 1607 60111111163-

181 1626 266 1664 tur;
288 1620 498 1668 siquidem
515 1622 560 1658 in
575 1626 665 1658 tam
681 1632 820 1668 parua
836 1622 1161 1669 intercapedine
1178 1622 1489 1667 Horizontum,
1507 1625 1726 1661 contraria
1741 1622 1829 1660 fere

182 1673 424 1712 constitutio
437 1674 565 1711 Aeris
581 1673 619 1711 8(
636 1674 821 1712 nubium
837 1685 949 1721 pene
966 1674 1132 1722 semper
1148 1677 1345 1719 extiterit,
1362 1681 1406 1713 vt
1422 1687 1475 1713 ex
1492 1676 1726 1714 collatione
1743 1676 1829 1714 die-

183 1738 281 1764 rum
297 1729 343 1764 in
359 1726 517 1774 quibus
534 1729 569 1764 is
586 1726 624 1764 8(
640 1738 719 1775 ego
737 1727 1075 1766 Obseruationes
1092 1728 1342 1773 habuimus,
1364 1729 1490 1767 facile
1507 1729 1724 1767 constabit.
1746 1729 1831 1766 Vix

184 1782 302 1818 6111111
320 1782 533 1823 inuenies,
555 1782 663 1827 quin
679 1792 780 1818 cum
796 1780 867 1818 hic
883 1780 1084 1819 serenum
1100 1781 1187 1819 illic
1203 1781 1446 1826 obscurum,
1466 1782 1504 1820 8(
1522 1782 1743 1820 viceuersa
1760 1794 1830 1820 ex-

181 1835 321 1871 titerit.
343 1833 540 1871 Viderint
564 1835 712 1880 itaque
737 1835 764 1881 ij
793 1835 867 1881 qui
893 1833 1070 1872 Diarias
1094 1834 1509 1882 Prognosticationes
1534 1837 1832 1873 mutationum

182 1887 309 1924 Aeris
326 1886 610 1930 conscribunt,
628 1898 737 1924 num
753 1886 999 1925 differentia
1016 1887 1319 1935 Longitudinis
1334 1888 1372 1926 8(
1386 1889 1646 1927 Latitudinis
1662 1889 1833 1927 tantilla

182 1941 228 1977 in
254 1939 371 1978 Orbe
395 1939 556 1984 Terrae,
587 1939 806 1978 schemata
833 1939 1120 1988 Syzygiarum
1145 1941 1465 1986 Luminarium,
1495 1941 1532 1979 8(
1560 1942 1832 1989 reliquorum

183 1992 464 2031 Planetarum
487 1994 834 2037 commixtiones,
858 1993 972 2031 vnde
995 1993 1093 2031 suas
1113 1994 1378 2041 depromunt
1398 1994 1715 2042 praedictiones,
1739 2001 1831 2033 tan-

182 2052 276 2084 tum
292 2046 476 2084 alterare
492 2046 622 2093 possit,
639 2052 682 2084 vt
698 2052 788 2084 tam
805 2046 1021 2084 diuersam
1037 2058 1159 2085 aurae
1176 2050 1467 2086 mutationem
1483 2050 1529 2086 in
1546 2048 1774 2092 Bohemia,
1795 2048 1832 2086 8(

183 2098 254 2137 1116
270 2099 494 2147 producat,
512 2099 629 2147 quod
645 2101 718 2136 vix
735 2110 810 2137 eos
827 2099 991 2137 etiamsi
1007 2099 1132 2148 lynce
1150 2101 1413 2139 oculatiores
1430 2102 1567 2145 essent,
1590 2102 1830 2149 deprehen-

185 2152 306 2190 suros
322 2152 528 2190 existimo.
547 2152 696 2199 Quare
714 2164 815 2190 cum
830 2153 992 2190 iudicio
1008 2154 1322 2202 moderateque
1339 2154 1453 2193 hanc
1465 2154 1721 2203 Astrologiae
1738 2167 1832 2202 par-

185 2210 273 2244 tem
288 2203 560 2244 tractandam
577 2205 741 2249 censeo,
760 2217 814 2243 ne
827 2205 957 2254 vulgo
969 2206 1244 2254 relinquatur
1255 2207 1557 2246 calumniandi
1569 2208 1747 2252 occasio,
1764 2208 1834 2246 sed

186 2258 238 2296 de
254 2258 322 2296 his
339 2258 553 2306 copiofius
569 2258 764 2296 disserere
780 2270 872 2296 non
889 2258 944 2296 est
960 2258 1093 2297 huius
1108 2259 1205 2298 loci.

239 2312 477 2350 Praeterea
508 2311 779 2349 conferentes
810 2313 941 2349 etiam
967 2311 1194 2351 Clarissimi
1224 2313 1530 2352 Mathematici
1556 2314 1834 2353 CORNELII

117 2376 150 2401 40
189 2364 448 2408 GEMMAE,
469 2364 640 2402 1111111113
656 2365 851 2403 Ρ31611113
869 2364 1117 2403 GEMMAE
1133 2366 1295 2405 FRISII
1317 2379 1408 2405 non
1429 2367 1597 2405 obscuri
1617 2367 1725 2415 Filij,
1749 2367 1834 2405 Ob-

186 2417 453 2456 seruationes
470 2429 571 2455 cum
587 2417 751 2461 nostris,
769 2423 985 2465 quantum
997 2418 1052 2456 ad
1065 2418 1284 2458 distantias
1297 2420 1496 2458 Cometae
1508 2421 1562 2458 ab
1575 2420 1719 2459 affixis
1731 2420 1834 2459 Stel-

186 2470 238 2509 lis
254 2473 418 2515 attinet,
436 2482 546 2518 quas
563 2471 765 2520 Louanij‚
782 2482 859 2519 per
873 2471 1062 2509 Radium
1073 2472 1439 2519 Astronom1cum,
1456 2473 1794 2512 Instrumentum
1810 2484 1836 2510 3

298 2532 327 2558 15
1710 2526 1834 2564 Ρ3116
