2209 3213
144 790 173 814 10

144 1056 174 1080 15

141 1321 175 1346 20

142 1588 174 1613 25

141 1854 174 1879 30

124 1954 188 1986 450

142 2120 174 2145 35

142 2385 176 2411 40

155 2430 175 2460 ’1-

529 192 1050 231 RECENTIORIBUS
1071 190 1528 230 PHAENOMENIS
1777 191 1854 229 357

209 299 366 337 Solari:
393 304 541 336 tamen
564 310 618 336 ne
644 298 727 335 hoc
751 298 929 345 quidem
954 297 1079 345 pacto
1102 309 1129 335 a
1151 299 1352 344 contagio
1375 297 1657 335 Aristotelicae
1683 297 1792 335 labis
1814 297 1854 335 [e

208 352 380 399 prorsus
401 352 606 389 uindicat.
627 350 814 388 Tametfi
837 353 956 388 enim
976 352 1028 389 de
1051 351 1249 389 Cometae
1271 350 1451 393 lumine,
1473 350 1511 388 8(
1532 350 1685 388 caudae
1706 352 1853 398 Appa-

209 407 369 453 rentijs,
382 404 650 452 plaufibilius
662 416 796 451 quam
808 403 1019 442 hactenus
1032 404 1417 451 Peripateticorum
1429 403 1589 441 Schola
1601 404 1758 448 docuit,
1771 403 1855 441 hoc

209 459 341 496 modo
354 459 525 504 opinari
538 457 755 495 uideatur:
768 457 1058 495 nihilominus
1069 457 1098 494 fi
1110 456 1323 495 beneficio
1336 457 1647 504 exquifitorum
1658 457 1854 504 Organo-

210 523 308 549 rum
328 510 578 549 infallibiles
595 510 934 548 Obseruationes
949 510 1286 553 AstronomicaS,
1308 509 1457 557 ijsdem
1478 522 1568 548 una
1589 522 1665 557 per
1682 510 1854 548 Mathe-

209 567 390 602 maticas
401 563 626 611 Apodixes
643 563 850 610 (quarum
861 565 1058 611 apprime
1073 574 1234 611 gnarus
1251 562 1322 608 est)
1340 563 1565 610 diligenter
1581 565 1854 607 examinatis,

210 620 255 655 in
279 617 521 656 Confilium
544 616 808 660 adhibuisset,
834 618 1092 663 neutiquam
1116 616 1348 654 Cometarn
1372 616 1660 654 Elementaris
1685 622 1855 654 naturae

210 682 260 709 ac
280 670 381 708 situs
401 669 516 708 fuisse
536 671 792 717 participem
813 670 1076 711 concessisset:
1098 669 1167 707 sed
1188 680 1279 706 non
1295 671 1442 707 minus
1459 681 1593 716 quam
1611 670 1791 708 Nouam
1808 670 1854 707 il-

210 724 299 761 lam
316 723 492 761 Stellam
514 725 560 760 in
580 722 719 770 ipsum
735 722 930 767 AEthera,
952 723 1049 760 licet
1070 734 1161 760 non
1182 722 1293 759 adeo
1315 722 1411 762 alte.
1434 723 1738 769 reponendum
1759 734 1855 761 cen-

210 777 354 814 suisset.
377 776 427 814 Et
447 776 548 814 sane
569 776 810 814 dolendum
831 775 897 819 est,
918 781 1089 814 tantum
1110 775 1478 813 Mathematicum
1499 788 1590 813 non
1611 778 1856 814 accuratius

210 830 412 867 Veritatis
429 829 637 867 nucleum
653 828 736 866 hac
750 831 796 866 in
809 834 930 876 parte
942 828 1241 876 introspexisse.
1259 828 1424 866 Verum
1436 830 1471 866 is
1483 828 1523 866 se
1536 829 1719 872 excusat,
1738 830 1855 876 quod

210 895 290 921 nec
306 882 568 925 Parallaxin,
590 894 670 920 nec
687 887 802 920 certa
819 882 1017 920 Cometae
1034 882 1142 926 loca,
1161 881 1404 920 Obseruare
1421 885 1624 929 potuerit;
1646 882 1856 929 fiquidem

211 936 506 974 Instrumentis
515 936 685 973 idoneis
695 947 786 973 non
795 934 1021 973 instruaus
1031 940 1134 978 erat,
1145 935 1231 972 fine
1242 946 1432 982 quorum
1442 935 1542 973 sane
1553 936 1696 973 debita
1705 934 1855 974 traaa-

211 991 341 1032 tione,
358 988 469 1026 nihil
484 989 606 1026 [olidi
623 988 675 1026 de
692 988 760 1026 his
776 990 1069 1036 pronunciare
1086 988 1194 1026 licet.
1218 988 1409 1035 Ideoque
1426 1000 1516 1026 non
1533 991 1694 1026 mirum
1711 989 1778 1033 eft,
1795 992 1855 1036 ip-

211 1042 304 1080 sum
320 1053 484 1090 uagum
500 1047 670 1080 motum
686 1042 789 1079 huic
801 1041 999 1080 Cometae
1016 1042 1256 1085 attribuisse,
1274 1043 1349 1088 qui
1365 1047 1513 1079 tamen
1529 1048 1739 1089 perpetuo
1756 1054 1856 1080 con-

211 1095 322 1134 stans
334 1097 620 1143 apprimeque
632 1095 842 1143 regularis
852 1107 877 1133 a
887 1095 1013 1133 nobis
1023 1094 1317 1142 deprehensus
1328 1094 1393 1132 est.
1408 1095 1526 1132 Hinc
1538 1097 1670 1133 etiam
1682 1094 1855 1139 facium,

212 1149 329 1196 quod
346 1149 400 1187 ad
417 1148 519 1186 XIII
536 1148 667 1186 Diem
684 1148 952 1186 Nouembris
974 1147 1140 1187 octonis
1161 1148 1296 1186 ferme
1317 1148 1522 1196 gradibus
1543 1150 1636 1186 eius
1653 1149 1855 1197 Longitu—

212 1203 359 1240 dinem
370 1201 468 1249 plus
480 1201 587 1239 iusto
599 1202 850 1245 extenderit,
862 1201 899 1239 &
910 1201 1204 1240 Latitudinem
1216 1201 1327 1239 senis
1338 1201 1487 1239 itidem
1499 1202 1693 1248 partibus
1705 1201 1856 1240 arciio-

212 1267 316 1300 rem,
338 1267 473 1302 quam
494 1257 696 1302 oportuit,
718 1255 962 1293 reddiderit.
984 1254 1231 1292 Tranfitum
1252 1266 1430 1302 quoque
1451 1254 1580 1302 ipfius
1600 1267 1676 1302 per
1692 1255 1855 1303 AEqua-

211 1314 351 1347 torem
372 1309 440 1346 die
460 1308 566 1346 XIX
582 1308 862 1352 Nouembris,
884 1310 929 1346 in
950 1314 1071 1355 parte
1091 1308 1169 1346 294
1190 1308 1415 1351 constituit,
1438 1310 1512 1355 qui
1532 1314 1681 1346 tamen
1701 1321 1857 1347 reuera

212 1362 365 1400 accidit
386 1364 497 1399 inter
517 1361 642 1399 XXII
664 1362 702 1400 8(
723 1361 868 1399 XXIII
890 1361 1171 1406 Nouembris,
1194 1363 1240 1399 in
1260 1362 1396 1409 gradu
1417 1362 1495 1399 300
1515 1361 1649 1399 ferme
1671 1362 1855 1409 expleto,

212 1415 236 1453 6
255 1415 459 1463 gradibus
479 1415 670 1459 ulterior,
692 1415 866 1462 insuper
886 1415 1130 1453 distantiam
1149 1415 1203 1453 ab
1220 1415 1384 1462 Aquila
1405 1417 1653 1462 proximam
1669 1416 1692 1452 4
1708 1415 1857 1453 saltem

211 1470 402 1516 partium
422 1468 617 1510 reddidit,
640 1480 740 1506 cum
760 1480 991 1515 nunquam
1012 1468 1074 1506 illi
1095 1468 1240 1506 Stellae
1261 1470 1374 1506 intra
1394 1468 1510 1516 grad.
1528 1468 1602 1511 103,
1624 1471 1856 1516 appropin-

212 1523 367 1569 quarit.
387 1521 499 1559 Haec
516 1521 554 1559 &
570 1521 779 1569 pleraque
797 1523 890 1559 eius
906 1523 1076 1569 generis
1092 1521 1179 1559 alia
1195 1522 1477 1569 Apparentijs
1495 1522 1692 1560 Cometae
1710 1524 1857 1560 minus

212 1576 535 1618 conuenientia,
549 1575 801 1612 nullatenus
811 1575 1074 1613 commifisset
1083 1575 1329 1619 Praetorius‚
1340 1574 1368 1612 fi
1378 1586 1454 1622 per
1466 1575 1674 1622 exquifita
1684 1575 1721 1612 &
1732 1587 1857 1623 opor-

212 1634 320 1666 tuna
340 1628 627 1666 Instrumenta
650 1628 779 1675 ipsius
802 1634 972 1666 motum
995 1628 1165 1666 coelitus
1186 1628 1429 1671 denotasset,
1454 1628 1858 1676 Mathematiceque

213 1682 500 1719 examinasset.
519 1681 612 1719 Nec
628 1683 790 1719 mirum
807 1681 874 1725 est,
892 1681 1017 1719 illum
1033 1681 1143 1719 nihil
1159 1684 1274 1725 certi,
1291 1693 1380 1728 quo
1396 1682 1451 1719 ad
1468 1682 1748 1720 Parallaxeos
1765 1684 1858 1720 eius

213 1734 461 1778 exilitatem,
478 1735 837 1778 animaduertisse,
855 1735 1042 1782 ideoque
1059 1735 1296 1782 uulgariter
1310 1735 1563 1782 approbatae
1578 1737 1788 1782 opinioni,
1806 1736 1858 1773 de

213 1788 500 1826 Cometarum
516 1787 594 1825 fitu
609 1788 887 1831 Elementari,
905 1788 1165 1832 consenfisse;
1182 1788 1393 1835 liquidem
1405 1800 1460 1826 ne
1472 1790 1517 1825 in
1530 1788 1618 1835 ipso
1631 1791 1859 1836 apparenti

211 1846 346 1885 motu,
364 1843 439 1888 qui
455 1847 661 1888 perceptu
677 1841 816 1879 multo
833 1841 888 1879 est
905 1842 1157 1888 expeditior,
1177 1853 1275 1880 eam
1292 1853 1427 1889 quam
1444 1844 1635 1889 oportuit
1651 1843 1858 1885 amussim,

212 1895 267 1932 ob
285 1894 565 1942 Organorum
582 1894 828 1932 debitorum
844 1894 1071 1939 defectum,
1088 1894 1347 1933 adhibuerit.
1365 1891 1380 1945 ΙΙ

266 1947 310 1985 Id
333 1959 453 1991 uero,
477 1947 595 1994 quod
617 1948 823 1985 asseuerat
844 1948 954 1985 uisui
975 1949 1226 1995 apparuisse,
1250 1960 1300 1986 ac
1321 1948 1350 1985 fi
1372 1947 1559 1986 Cometa
1579 1951 1624 1986 in
1645 1950 1859 1996 principio

212 2000 300 2039 suae
317 2000 553 2038 effulfionis
565 2000 709 2039 Terris
726 2001 865 2039 multo
882 2003 1069 2039 uicinior
1084 2001 1223 2045 fuerit,
1241 2013 1376 2049 quam
1392 2001 1548 2049 postea.
1567 2007 1613 2039 ut
1629 2002 1683 2040 ob
1696 2002 1738 2040 id
1750 2003 1859 2040 iudi-

213 2059 289 2098 cet,
314 2053 478 2092 sursum
504 2066 681 2101 quoque
706 2054 845 2102 ipsum
870 2060 1121 2102 promotum
1146 2054 1274 2099 fuisse,
1300 2055 1397 2093 licet
1420 2066 1511 2092 non
1534 2055 1631 2093 satis
1654 2054 1860 2093 audacier

212 2107 397 2154 idipsum
423 2108 713 2145 determinare
738 2108 911 2152 audeat,
937 2108 979 2145 id
1006 2108 1223 2155 (inquam)
1251 2108 1492 2146 admodum
1517 2109 1859 2152 accommodate,

212 2159 412 2207 recteque
436 2161 490 2198 ab
513 2160 602 2208 ipso
626 2161 983 2199 animaduersum
1006 2161 1073 2206 est,
1097 2166 1143 2199 ut
1165 2173 1257 2199 non
1280 2173 1391 2209 opus
1414 2161 1542 2199 fuerit
1565 2161 1859 2200 coniecturam

212 2214 495 2261 praetendere.
518 2214 600 2252 Res
622 2216 740 2252 enim
761 2226 918 2252 reuera
938 2216 997 2252 ita
1016 2214 1057 2252 se
1078 2214 1243 2259 habuit,
1265 2215 1642 2261 quemadmodum
1662 2227 1739 2262 per
1759 2227 1859 2253 con-

213 2269 440 2305 uenientes
456 2269 647 2305 rationes
664 2279 690 2305 a
706 2267 832 2305 nobis
850 2268 1005 2314 Capite
1021 2268 1046 2306 8
1062 2267 1100 2305 8(
1115 2268 1139 2306 9
1156 2268 1369 2305 ostensum
1386 2268 1452 2305 eft.

266 2320 350 2358 Sed
375 2320 412 2358 8(
437 2321 480 2358 id
505 2320 849 2358 confideratione
875 2321 1054 2368 dignum
1080 2326 1276 2364 autumo,
1303 2321 1422 2368 quod
1447 2321 1501 2359 ab
1527 2322 1704 2368 Apiano
1730 2327 1860 2359 antea

213 2373 570 2411 animaduersum
594 2373 733 2417 refert,
759 2374 797 2411 8(
823 2376 892 2412 cui
916 2374 1151 2412 Sententiae
1177 2374 1263 2422 ipse
1289 2385 1466 2421 quoque
1491 2385 1583 2412 non
1608 2376 1744 2412 inuite
1767 2374 1858 2412 sub-

212 2426 363 2467 scribit.
376 2426 568 2465 Plinium
580 2426 795 2471 uidelicet,
808 2427 914 2465 dum
926 2429 985 2465 ait
995 2427 1203 2466 Cometas
1215 2439 1447 2475 nunquam
1459 2429 1504 2465 in
1517 2427 1734 2466 Occasura
1745 2427 1860 2466 Coeli

213 2484 334 2526 parte
356 2480 444 2523 esse,
468 2479 521 2518 fic
541 2480 886 2528 intelligendum,
911 2480 1029 2527 quod
1051 2492 1283 2528 nunquam
1303 2481 1537 2519 uideantur
1558 2481 1766 2524 occidere,
1790 2480 1859 2518 sed

1654 2536 1858 2581 extingui,
