2209 3213
348 209 421 245 364
840 203 921 240 DE
943 201 1167 240 MUNDI
1189 198 1489 238 AETHEREI

348 314 497 350 diebus
518 312 627 348 duos
651 313 837 355 integros
857 308 1015 355 gradus
1037 309 1130 344 eius
1151 307 1289 343 motui
1311 309 1573 351 competere;
1598 315 1686 351 qua
1708 304 1866 342 diurna
1888 317 1984 352 pro-

347 368 538 403 motione
552 375 653 400 eum
665 368 874 409 perpetuo
887 360 1039 398 diebus
1052 358 1319 405 intermedijs
1329 357 1454 395 usum
1463 357 1578 395 fuisse
1589 357 1810 396 existimat.
1821 358 1985 396 Verum

347 419 442 455 licet
465 428 553 453 non
578 416 938 452 inconuenienter
961 413 1130 454 astruat,
1158 411 1390 450 Cometam
1415 410 1534 448 hunc
1556 410 1611 448 ab
1634 410 1694 448 XI
1718 411 1986 449 Nouembris

347 471 478 516 usque
501 472 546 506 in
563 469 639 505 VII
658 467 923 509 Decembris,
948 478 1024 512 per
1047 466 1137 503 dies
1161 463 1415 511 interlapsos
1435 463 1486 501 26
1509 462 1717 501 inclufiue
1739 463 1986 511 (perperam

347 526 463 561 enirn
481 523 550 559 ille
567 522 617 559 27
634 521 889 558 intercessisse
907 518 1082 566 colligit)
1100 518 1319 556 absoluisse
1332 515 1523 564 respectu
1536 516 1754 564 Eclipticae
1765 517 1816 555 54
1828 518 1987 565 gradus

347 577 405 622 (id
423 578 538 612 enim
555 586 581 611 a
597 573 747 611 nostris
764 573 1153 611 Obseruationibus
1169 582 1260 608 non
1277 570 1332 608 est
1348 569 1675 616 dissentaneum)
1692 576 1852 614 tamen,
1870 571 1987 618 quod

346 630 502 666 idcirco
527 639 626 664 cum
649 627 823 673 lingulis
847 625 998 663 diebus
1021 625 1147 662 binos
1170 623 1329 671 gradus
1353 622 1572 661 confecisse
1595 623 1678 661 hoc
1702 621 1833 661 duc'tu
1855 629 1986 671 putet,

346 683 483 719 motui
500 682 592 718 eius
610 691 716 717 uero
732 691 823 716 non
840 678 1155 725 correspondet.
1173 678 1212 714 Is
1229 678 1347 714 enim
1361 688 1452 714 non
1465 681 1556 714 erat
1567 682 1778 724 perpetuo
1790 677 1987 724 aequalis,

346 735 413 772 [ed
431 734 484 771 ab
501 735 636 775 initio,
654 734 774 770 iuxta
786 732 846 769 XI
860 731 1140 774 Nouembris,
1157 730 1254 778 plus
1267 731 1490 777 quaternis
1502 729 1705 777 gradibus
1717 730 1770 768 de
1782 730 1988 778 Ecliptica

346 799 435 825 uno
446 787 513 824 die
523 786 789 827 absoluebat:
801 787 921 822 iuxta
931 796 1038 822 uero
1048 783 1166 821 hunc
1176 783 1254 821 VII
1265 783 1532 826 Decembris,
1543 784 1619 820 uix
1629 785 1826 827 unicum;
1838 795 1987 830 quem-

345 840 582 878 admodum
596 839 690 876 haec
703 840 854 876 omnia
865 838 1073 885 liquidius
1083 841 1231 884 patent
1241 848 1294 874 ex
1304 837 1368 884 ijs,
1382 847 1481 883 quae
1491 837 1537 873 in
1547 835 1634 873 fine
1644 835 1798 883 Quinti
1809 837 1987 884 Capitis,

345 905 420 941 per
437 892 773 940 Ephemeridem
789 891 977 929 nostram
993 892 1244 938 apparentis
1259 895 1405 927 motus
1417 889 1628 933 Cometae,
1646 889 1820 937 lingulis
1837 890 1988 928 diebus

345 946 631 994 applicantur.

398 999 544 1036 Postea
564 998 799 1046 digreditur
820 997 874 1035 ad
897 998 1277 1035 enumerationem
1293 995 1593 1039 Cometarum‚
1615 1007 1726 1043 quos
1743 996 1946 1034 Historiae
1962 1009 1989 1035 a

346 1058 448 1090 nato
462 1051 630 1090 Christo
642 1051 776 1098 usque
788 1051 843 1089 ad
855 1050 997 1088 nostra
1010 1056 1209 1097 tempora
1226 1048 1414 1087 effulfisse
1431 1048 1671 1096 perhibent,
1689 1049 1727 1087 &
1743 1061 1844 1096 quae
1860 1052 1988 1088 annis

345 1108 541 1153 proxime
561 1104 839 1151 sequentibus
859 1103 1166 1141 memorabilia
1189 1107 1445 1143 euenerunt,
1468 1104 1521 1150 ijs
1543 1107 1756 1149 tanquam
1779 1101 1987 1141 effectori-

344 1159 425 1196 bus
441 1158 642 1196 attribuit.
661 1158 729 1195 De
746 1157 825 1201 his,
843 1169 943 1194 cum
955 1157 1221 1204 Astrologica
1233 1155 1322 1200 lint,
1340 1155 1444 1193 nolo
1456 1155 1595 1193 multa
1607 1156 1765 1200 dicere;
1782 1156 1825 1193 id
1839 1156 1988 1194 saltem

345 1212 613 1259 subiungam,
635 1222 687 1248 ea
708 1222 807 1257 quae
828 1210 965 1248 statim
986 1210 1075 1257 post
1097 1210 1385 1248 Cometarum
1407 1210 1729 1256 apparitionem
1751 1211 1797 1247 in
1819 1209 1902 1247 hoc
1925 1211 1988 1247 in-

345 1265 489 1302 feriori
507 1264 680 1302 Mundo
701 1263 1028 1311 subsequuntur,
1050 1263 1122 1301 uel
1143 1274 1231 1310 quo
1252 1262 1307 1300 ad
1325 1262 1490 1310 Regum
1507 1261 1545 1299 8(
1561 1262 1811 1310 Principum
1833 1263 1987 1307 obitus,

345 1318 416 1356 uel
440 1329 527 1364 quo
550 1318 605 1355 ad
629 1317 763 1360 Bella,
788 1317 936 1360 Pestes,
961 1317 1129 1361 Fames,
1153 1316 1369 1360 incendia,
1392 1317 1658 1353 mutationes
1679 1315 1929 1363 Regnorum
1950 1316 1988 1354 &

346 1370 796 1418 Rerumpublicarum,
814 1369 1075 1417 caeterasque
1092 1369 1361 1407 calamitates
1376 1368 1585 1416 publicas,
1603 1369 1761 1416 quibus
1774 1369 1903 1407 Orbis
1918 1369 1988 1407 hic

345 1424 568 1462 Terrestris
581 1423 635 1461 est
647 1423 876 1466 obnoxius,
893 1435 985 1461 non
997 1423 1051 1461 ob
1063 1423 1105 1461 id
1118 1435 1144 1461 a
1157 1423 1352 1461 Cometis
1364 1422 1530 1469 semper
1541 1421 1875 1470 praesignificari,
1891 1422 1988 1461 licet

345 1477 584 1524 aliquando
601 1477 806 1524 quaedam
824 1489 876 1514 ex
893 1476 960 1514 his
978 1488 1131 1514 eorum
1149 1475 1433 1514 ostensionem
1449 1475 1774 1522 subsequantur,
1791 1475 1868 1513 nisi
1882 1476 1987 1514 ueli—

345 1542 443 1568 mus
463 1530 763 1577 saepenumero
785 1530 959 1568 causam
980 1542 1059 1577 pro
1080 1541 1171 1568 non
1192 1529 1321 1568 causa
1341 1529 1560 1567 assumere.
1585 1529 1704 1567 Nam
1724 1529 1914 1576 plurima
1935 1541 1988 1567 ex

345 1584 412 1621 his
435 1584 590 1621 eodem
612 1584 745 1621 modo
769 1585 991 1627 eueniunt,
1016 1585 1147 1621 etiam
1170 1583 1397 1631 postquam
1420 1582 1530 1620 nulli
1554 1581 1752 1620 Cometae
1776 1581 1988 1630 conspecti

345 1637 450 1680 sunt,
469 1637 505 1674 8(
522 1648 649 1684 aeque
666 1637 815 1675 crebro
827 1636 914 1675 fine
926 1637 1005 1681 his,
1023 1642 1154 1683 atque
1167 1648 1267 1674 cum
1278 1635 1359 1680 his,
1376 1635 1405 1673 fi
1420 1636 1554 1674 modo
1566 1647 1657 1674 non
1669 1636 1876 1674 crebrius:
1894 1636 1988 1674 Imo

345 1690 504 1728 multos
522 1690 729 1728 Cometas
747 1690 858 1727 nihil
875 1689 1136 1728 eiuscemodi
1152 1689 1460 1736 subsequutum
1477 1689 1543 1727 est.
1560 1689 1812 1727 Videndum
1827 1691 1987 1736 itaque,

346 1755 399 1781 ne
422 1755 496 1781 eos
517 1742 693 1781 effectus
716 1743 910 1781 Cometis
930 1743 1231 1787 attribuamus,
1253 1739 1267 1793 ΙΙ
1289 1745 1364 1790 qui
1386 1743 1441 1780 ab
1464 1744 1516 1790 ijs
1537 1753 1693 1780 reuera
1715 1754 1806 1780 non
1829 1742 1986 1790 depen-

346 1797 458 1839 dent,
479 1796 549 1834 sed
570 1796 747 1834 aliunde
768 1796 1056 1844 proculdubio
1077 1796 1199 1834 suam
1218 1796 1398 1834 trahunt
1419 1797 1643 1843 originem.
1668 1795 1732 1834 Ita
1754 1797 1872 1833 enim
1895 1807 1988 1833 rem

345 1861 521 1887 omnem
538 1849 577 1887 se
594 1850 754 1887 habere
771 1861 862 1887 non
879 1852 1193 1888 conuenienter
1208 1849 1402 1892 infertur,
1419 1848 1497 1886 nifi
1513 1861 1604 1886 una
1619 1848 1718 1887 satis
1734 1849 1986 1896 comprobe-

345 1909 424 1946 tur,
449 1914 523 1940 cur
546 1902 616 1940 hic
639 1903 711 1940 uel
732 1903 804 1940 ille
828 1903 1033 1941 Cometes
1056 1903 1138 1941 hos
1161 1903 1233 1940 uel
1254 1902 1353 1940 illos
1376 1901 1552 1941 effeetus
1574 1904 1812 1949 progignat,
1836 1902 1874 1939 8(
1896 1913 1988 1940 non

346 1956 471 1998 alios;
489 1956 618 2002 idque
636 1967 658 1993 e
676 1956 882 1994 diuturna
899 1956 935 1993 8(
952 1957 1154 1994 rarissime
1171 1956 1338 1994 fallenti
1354 1957 1621 2003 experientia
1637 1955 1884 1993 stabiliatur.
1904 1955 1987 1994 Sed

346 2009 477 2046 talem
494 2009 918 2055 correspondentiam
934 2020 1025 2047 non
1041 2009 1180 2047 solum
1192 2011 1237 2047 in
1249 2009 1575 2053 Steinmetzero,
1593 2011 1884 2046 uerumetiam
1900 2008 1986 2056 ple-

346 2061 485 2108 risque
507 2061 614 2109 alijs,
639 2064 714 2108 qui
737 2062 926 2100 [imiliter
947 2062 1234 2101 Cometarum
1255 2062 1450 2105 annales,
1474 2073 1575 2100 cum
1595 2061 1988 2100 concomitantibus

347 2113 579 2157 effectibus,
593 2116 722 2152 nimis
731 2115 970 2162 generali&
980 2115 1134 2153 diffusa
1143 2115 1448 2163 applicatione,
1459 2120 1844 2159 enumerauerunt,
1854 2114 1986 2152 uehe-

346 2172 513 2204 menter
529 2167 718 2214 quidem,
736 2168 804 2205 sed
821 2168 983 2212 frustra,
1001 2168 1205 2206 defidero.
1222 2168 1421 2207 Tandem
1438 2169 1493 2206 ad
1507 2168 1639 2206 huius
1652 2167 1851 2206 Cometae
1863 2167 1986 2206 effec-

346 2226 426 2263 tus,
443 2220 678 2257 secundum
692 2220 1018 2268 Astrologorum
1030 2224 1261 2268 opiniones
1274 2221 1568 2269 explicandos,
1584 2221 1624 2259 se
1637 2221 1813 2265 confert,
1830 2221 1988 2268 quibus

347 2273 614 2310 excutiendis
631 2273 895 2320 supersedeo.

400 2326 453 2363 D.
476 2325 790 2364 IOHANNES
812 2327 1111 2366 HVERNIVS
1132 2326 1451 2371 Vltraiectinu&
1476 2329 1606 2365 nimis
1628 2327 1718 2365 lato
1740 2327 1874 2365 modo
1895 2338 1986 2364 cur-

347 2379 440 2416 sum
463 2379 594 2416 huius
616 2378 813 2417 Cometae
837 2380 1077 2423 denotauit:
1102 2381 1213 2418 adeo
1236 2386 1282 2418 ut
1305 2381 1360 2418 ad
1383 2381 1499 2418 diem
1522 2381 1583 2418 XI
1606 2380 1874 2418 Nouembris
1897 2391 1988 2417 non

348 2432 552 2469 dubitarit
572 2434 665 2469 eius
686 2432 1021 2479 Longitudinem
1042 2436 1087 2471 in
1108 2434 1148 2471 15
1169 2434 1352 2481 gradum
1377 2439 1401 2474 z
1426 2433 1653 2478 collocare,
1677 2433 1856 2480 quando
1879 2444 1987 2470 non-

349 2485 453 2523 dum
476 2489 615 2523 totum
636 2484 913 2532 Sagittarium
936 2488 1109 2533 penitus
1133 2486 1332 2524 emensus
1355 2492 1461 2530 erat;
1486 2486 1673 2534 dicitque
1694 2486 1989 2524 Latitudinem

1896 2550 1988 2576 eius

2030 796 2059 820 lo

2030 1062 2059 1086 15

2026 1327 2059 1352 20

2026 1594 2058 1618 25

2012 1747 2075 1778 455

2025 1859 2058 1884 30

2024 2126 2057 2150 35
