2209 3213
511 181 1029 220 RECENTIORIBUS
1049 180 1507 220 PHAENOMENIS
1764 182 1833 220 149

193 287 395 326 Latitudo
412 288 500 332 CF,
517 287 560 325 P.
577 287 640 326 28.
657 288 720 325 M.
738 287 800 331 42,
818 287 959 325 Locus
975 298 1092 331 ver0,
1108 287 1254 325 versus
1271 299 1403 335 quem
1419 288 1560 325 cauda
1576 288 1832 335 profluebat,

192 341 343 379 habuit
355 340 693 388 Longitudinem
703 341 746 378 P.
760 341 812 379 17.
826 341 889 378 M.
901 341 952 378 24
971 343 1008 384 )(
1018 370 1026 383 ,
1044 352 1144 378 cum
1156 341 1415 384 Latitudine,
1433 341 1475 379 P.
1488 341 1572 385 283,
1590 342 1624 379 B
1634 342 1678 385 E,
1697 353 1833 389 quare

106 401 166 433 177
191 394 393 442 Angulus
408 393 533 432 CAB
551 395 629 431 erit
645 394 688 431 P.
700 394 736 432 8.
750 394 813 431 Μ.
826 394 879 437 10,
897 394 1030 431 Latus
1047 390 1061 443 ΙΙ
1077 393 1170 437 AC,
1188 394 1230 431 P.
1244 394 1297 431 61.
1310 394 1374 432 M.
1388 394 1440 437 18,
1458 394 1553 437 AB,
1570 395 1612 432 P.
1626 395 1679 432 61.
1693 394 1831 438 M.20,

191 447 270 485 BC
287 447 433 485 euadit
449 447 492 485 P.
505 448 540 485 7.
554 447 617 484 M.
631 447 684 490 10,
702 446 740 484 &
756 447 958 494 Angulus
975 447 1118 490 ABG,
1135 447 1177 484 P.
1190 447 1252 485 87.
1266 447 1329 485 M.
1342 447 1404 485 46.
1422 447 1613 494 Ideoque
1630 448 1832 495 Angulus

137 513 153 538 5
191 500 328 544 BDE,
345 500 388 538 P.
405 500 468 538 28.
486 500 549 538 M.
566 500 629 543 45,
647 511 735 547 quo
751 499 905 537 ductus
922 500 1087 543 caudae,
1105 499 1296 547 respectu
1312 502 1475 547 capitis,
1492 501 1703 539 inclinare
1719 501 1833 538 visus

190 553 244 591 est
264 553 320 591 ad
341 553 606 600 Eclipticam.
629 553 858 599 Quantum
878 565 982 590 vero
1003 553 1058 591 ad
1074 553 1258 591 Veneris
1279 553 1456 591 Stellam
1480 556 1642 598 attinet,
1667 559 1758 592 erat
1781 566 1833 592 ea

188 606 263 644 illo
280 606 348 644 die
364 608 410 644 in
425 606 468 644 P.
481 606 534 644 16.
548 606 611 644 M.
624 606 675 644 46
692 610 730 649 ‚Z
741 636 749 648 ‚
766 605 934 644 habens
950 606 1245 644 Latitudinem
1261 607 1303 644 P.
1317 607 1343 644 1.
1357 607 1420 644 M.
1432 607 1482 645 25
1496 607 1696 645 Boream.
1714 607 1832 645 Hinc

188 659 226 697 &
238 671 291 697 ex
302 659 399 697 loco
412 659 610 698 Cometae
623 661 742 707 prius
755 660 869 703 dato,
887 661 964 697 erit
976 661 1021 696 in
1032 659 1271 707 Triangulo
1283 660 1377 697 AH
1386 660 1435 703 C,
1449 660 1581 698 Latus
1593 661 1700 704 AH,
1713 661 1756 698 P.
1768 660 1831 698 88.

188 712 251 750 M.
269 712 331 756 35,
348 712 442 757 AC,
459 713 502 750 P.
519 713 572 750 61.
590 713 653 750 M.
671 713 725 757 18,
742 712 944 760 Angulus
961 712 1107 756 HAC,
1125 713 1167 750 P.
1185 713 1247 750 82.
1266 713 1329 750 M.
1345 712 1408 756 27,
1426 713 1530 757 HC,
1547 714 1589 751 P.
1607 713 1669 751 82.
1687 714 1750 751 M.
1768 714 1830 757 42,

119 777 150 803 10
188 765 226 803 &
241 765 444 813 Angulus
460 765 613 809 AHC,
630 766 673 803 P.
690 766 743 803 61.
761 766 824 803 M.
843 766 918 805 1473.
941 765 1090 811 Quare
1106 768 1152 803 in
1168 765 1305 803 altero
1321 765 1559 813 Triangulo
1577 766 1732 809 DHK,
1754 768 1832 804 erit

187 820 319 856 etiam
334 819 537 866 Angulus
554 819 709 863 DHK,
726 819 769 856 P.
782 819 834 856 61.
849 819 912 856 M.
925 819 1005 862 1455
1023 830 1211 866 cumque
1228 818 1322 856 HK
1338 819 1384 856 fit
1399 819 1442 857 P.
1455 820 1481 857 l.
1495 819 1558 857 M.
1571 820 1633 863 25,
1652 821 1730 857 erit
1742 821 1831 857 An-

185 871 312 919 gulus
324 872 369 909 H
378 872 479 916 DK,
496 872 538 909 P.
552 872 614 910 28.
628 872 691 910 M.
704 872 766 916 47,
784 874 859 919 qui
876 872 931 909 est
942 872 1144 919 Angulus
1157 872 1457 910 Inclinationis
1469 874 1620 919 capitis
1633 872 1831 911 Cometae

186 925 224 962 &
240 925 384 963 Stellae
401 925 584 963 Veneris
601 925 656 963 ad
673 925 938 972 Eclipticam,
960 924 1109 962 saltem
1130 925 1302 963 duobus
1322 925 1532 972 scrupulis
1553 925 1758 964 differens
1776 926 1830 964 ab

185 990 250 1022 eo,
268 990 400 1025 quem
416 978 557 1016 cauda
573 984 790 1025 caputque
807 978 862 1016 ad
879 978 1066 1016 eandem
1083 977 1276 1016 effecere.
1293 979 1351 1016 At
1367 981 1413 1016 in
1429 978 1529 1016 Sole
1545 979 1673 1026 longe
1689 981 1831 1017 maior

117 1043 147 1069 15
186 1033 264 1069 erit
287 1032 488 1075 excessus;
512 1031 647 1079 pofito
671 1033 788 1069 enim
811 1031 908 1069 loco
930 1033 1024 1069 eius
1046 1033 1091 1069 in
1111 1031 1154 1069 P.
1173 1032 1225 1069 19.
1244 1032 1307 1069 Μ.
1325 1032 1365 1069 15
1387 1037 1426 1075 z,
1450 1034 1653 1079 prouenit
1673 1035 1718 1070 in
1738 1032 1830 1070 Tri-

184 1084 347 1132 angulo
364 1084 477 1128 FIC,
495 1085 629 1122 Latus
645 1084 713 1128 FI,
730 1084 773 1122 P.
786 1085 848 1122 49.
865 1084 928 1122 M.
941 1085 1003 1128 59,
1021 1084 1110 1128 FC,
1127 1085 1170 1122 P.
1182 1084 1245 1122 28.
1258 1085 1322 1122 M.
1335 1085 1397 1129 42,
1415 1085 1602 1132 ideoque
1619 1085 1694 1129 IC,
1711 1086 1753 1124 P.
1766 1087 1828 1124 55.

184 1138 247 1176 M.
262 1138 325 1181 40,
342 1137 545 1185 Angulus
560 1149 666 1175 vero
683 1137 983 1175 Inclinationis
1000 1137 1113 1181 CIF,
1131 1138 1173 1175 P.
1191 1138 1254 1176 35.
1272 1138 1335 1176 M.
1352 1138 1415 1181 34,
1433 1138 1607 1186 Septem
1622 1139 1829 1185 partibus,

183 1192 330 1229 minus
345 1192 378 1235 ὲ,
395 1191 623 1239 Angulum
639 1189 793 1229 ductus
810 1191 963 1228 caudae
980 1202 1239 1238 exuperans.

847 1273 872 1326 J
877 1273 1162 1317 ANVARII

112 1353 146 1379 20
900 1341 1000 1379 DIE
1021 1342 1115 1380 XII.

259 1403 301 1441 D
317 1402 436 1441 hunc
452 1403 626 1451 insuper
641 1403 724 1441 XII
741 1403 857 1442 diem
874 1404 1080 1452 Ianuarij,
1098 1404 1286 1442 caudam
1301 1404 1512 1448 Cometae,
1531 1416 1619 1451 quo
1635 1404 1690 1443 ad
1707 1404 1830 1442 suam

294 1456 641 1500 Inclinationem,
659 1456 1024 1501 examinabimus,
1042 1463 1085 1495 vt
1102 1459 1233 1495 etiam
1250 1458 1441 1496 constare
1458 1459 1588 1505 possit,
1606 1458 1830 1505 quomodo

182 1511 218 1547 is
243 1512 355 1548 circa
377 1510 580 1548 vltimum
604 1510 692 1548 fere
718 1509 806 1548 suae
829 1513 1116 1558 apparitionis
1139 1510 1286 1555 finem,
1312 1511 1352 1549 se
1375 1523 1452 1558 per
1475 1512 1628 1549 caudae
1651 1510 1829 1549 ductum

181 1563 352 1611 gesserit‚
371 1563 409 1601 8(
425 1575 483 1601 an
499 1563 709 1601 consimili
725 1563 871 1607 modo,
889 1575 977 1611 quo
994 1566 1115 1602 iuxta
1129 1564 1205 1601 sua
1216 1566 1359 1611 prima
1371 1565 1563 1607 exordia,
1580 1564 1828 1612 progressus-

111 1628 144 1654 25
183 1628 268 1663 que
285 1617 566 1654 intermedios
583 1616 718 1663 (velut
733 1615 944 1655 haetenus
961 1617 1261 1664 patefecimus)
1278 1619 1323 1655 in
1336 1618 1464 1661 illius,
1481 1617 1672 1665 respectu
1684 1617 1829 1656 Stellae

187 1673 229 1713 Q,
247 1669 285 1707 8(
301 1681 586 1717 nequaquam
602 1669 748 1707 versus
765 1669 913 1708 Solem
928 1670 1214 1717 protensione,
1236 1670 1591 1718 perseuerauerit.
1614 1671 1763 1718 Quare
1782 1671 1828 1708 fi-

183 1723 361 1770 quidem
373 1735 426 1761 ex
438 1722 828 1761 Obseruationibus
844 1725 986 1771 primo
999 1724 1153 1771 Capite
1170 1724 1385 1762 recensitis
1397 1730 1525 1772 patet,
1542 1725 1730 1762 caudam
1743 1724 1827 1763 Co-

181 1781 310 1814 metae
333 1787 385 1814 eo
406 1776 475 1814 die
491 1776 638 1814 versus
660 1776 847 1814 eandem
868 1776 1120 1814 inferiorem
1136 1779 1181 1815 in
1197 1777 1437 1825 Triangulo
1459 1778 1514 1816 ad
1534 1778 1666 1825 pedes
1683 1778 1828 1825 Pegafi

181 1829 429 1877 protensam
449 1829 577 1873 fuisse,
599 1834 815 1876 quantum
835 1841 926 1877 prae
946 1832 1155 1868 tenuitate
1172 1830 1210 1868 8(
1226 1833 1400 1869 raritate
1418 1833 1511 1869 eius
1527 1831 1674 1869 videre
1695 1831 1827 1875 licuit,

111 1894 144 1920 30
182 1887 273 1920 erat
289 1885 436 1930 itaque
453 1883 536 1921 loci
552 1885 598 1920 in
615 1894 747 1929 quem
763 1883 853 1930 ipsa
864 1883 1078 1931 vergebat,
1096 1884 1250 1922 eadem
1263 1884 1509 1932 Longitudo
1522 1896 1622 1932 quae
1634 1884 1689 1922 est
1701 1883 1826 1922 <1161ae

181 1935 326 1974 Stellae
342 1936 474 1980 Fixae,
496 1936 538 1974 P.
556 1937 609 1974 17.
627 1936 690 1973 M.
707 1936 758 1973 24
781 1938 837 1981 )(,
860 1936 897 1974 8(
918 1936 1065 1974 similis
1082 1937 1285 1975 Latitudo
1302 1938 1390 1982 BE,
1410 1938 1452 1976 P.
1470 1938 1532 1976 29.
1551 1938 1614 1975 M.
1631 1938 1672 1981 0;
1694 1935 1826 1988 capi-ss

96 1994 156 2027 178
180 1991 232 2027 tis
248 2001 353 2027 vero
369 1989 616 2037 Longitudo
637 1989 764 2027 datur
780 1989 835 2027 ad
852 1989 970 2027 hunc
986 1990 1103 2028 diem
1121 1992 1167 2028 in
1183 1991 1225 2028 P.
1243 1991 1296 2029 15.
1314 1991 1377 2029 M.
1394 1991 1445 2029 37
1469 1993 1506 2035 )(
1517 2022 1525 2035 ,
1547 2003 1648 2029 cum
1664 1991 1825 2029 Latitu-

179 2042 280 2080 dine
297 2042 386 2087 CF,
407 2043 450 2081 P.
467 2043 530 2081 29.
548 2043 611 2080 Μ.
629 2042 682 2087 10,
705 2042 859 2081 Borea.
882 2042 1031 2089 Quare
1048 2045 1094 2081 in
1109 2043 1348 2091 Triangulo
1366 2044 1506 2088 ΕΑΒ,
1528 2046 1606 2082 erit
1622 2044 1825 2092 Angulus

180 2095 319 2140 CAB,
343 2096 385 2134 P.
403 2097 429 2133 1.
452 2096 515 2134 M.
533 2096 596 2141 47,
620 2096 753 2133 Latus
769 2096 863 2139 AC,
888 2096 929 2134 P.
947 2097 1009 2134 60.
1031 2097 1094 2134 M.
1112 2097 1174 2141 50,
1198 2098 1294 2141 AB,
1318 2098 1360 2135 P.
1378 2098 1432 2135 61.
1450 2098 1513 2136 M.
1530 2098 1566 2142 0,
1591 2098 1724 2135 Latus
1745 2097 1824 2136 BC

107 2160 141 2186 35
177 2150 428 2187 inuenietur
450 2149 493 2187 P.
511 2150 537 2187 1.
560 2149 623 2187 M.
640 2149 703 2193 35,
727 2149 1013 2197 Angulusque
1036 2150 1176 2194 ABG,
1200 2150 1243 2188 P.
1260 2151 1322 2189 83.
1346 2151 1409 2189 M.
1429 2151 1482 2195 31,
1508 2151 1545 2188 8(
1569 2152 1748 2189 demum
1771 2163 1825 2189 ex

177 2201 245 2240 his
262 2202 434 2240 dabitur
444 2202 647 2250 Angulus
659 2202 959 2240 Inclinationis
975 2205 1126 2250 capitis
1139 2203 1176 2241 8(
1189 2204 1341 2242 caudae
1354 2205 1409 2242 ad
1422 2204 1687 2252 Eclipticam,
1705 2204 1747 2241 P.
1760 2204 1823 2242 29.

176 2255 493 2303 Scrupulorum
513 2256 575 2294 39.
603 2255 749 2303 Quem
770 2256 825 2294 ad
846 2255 1030 2294 Veneris
1050 2256 1175 2294 situm
1195 2257 1224 2294 fi
1245 2258 1572 2302 contulerimus,
1594 2259 1823 2305 proueniet

177 2320 229 2346 ex
245 2308 343 2346 loco
363 2312 389 2352 Q
409 2321 461 2347 eo
477 2309 546 2347 die
564 2309 601 2347 8(
617 2309 741 2353 hora,
759 2321 846 2356 qua
858 2307 970 2347 faeta
982 2309 1037 2347 est
1048 2309 1144 2348 haec
1157 2310 1469 2355 Confideratio‚
1485 2314 1531 2349 in
1542 2311 1584 2349 P.
1598 2312 1633 2349 2.
1647 2311 1710 2348 M.
1723 2311 1764 2349 51
1781 2316 1821 2355 Z,

176 2373 277 2399 cum
293 2362 552 2408 Latitudine,
569 2363 612 2400 P.
625 2363 661 2401 0.
677 2362 741 2400 Μ.
754 2362 805 2400 56
821 2363 975 2407 Borea,
991 2363 1185 2401 Primum
1203 2366 1248 2402 in
1265 2364 1503 2412 Triangulo
1520 2364 1673 2408 AHC,
1690 2364 1823 2402 Latus

104 2426 139 2452 40
175 2414 283 2459 AH,
300 2415 342 2453 P.
355 2415 418 2453 89.
431 2415 495 2454 M.
507 2416 544 2459 4,
561 2415 656 2460 AC,
673 2416 715 2454 P.
729 2415 791 2454 60.
805 2415 868 2453 M.
881 2416 944 2460 50,
961 2416 1163 2464 Angulus
1177 2417 1325 2462 HAC,
1342 2418 1384 2455 P.
1398 2418 1460 2456 72.
1474 2418 1537 2455 M.
1550 2418 1612 2456 46.
1630 2417 1822 2464 Ideoque

174 2467 308 2506 Latus
329 2468 433 2514 HC,
456 2468 499 2507 P.
516 2469 579 2508 74.
602 2469 665 2507 Μ.
682 2468 768 2517 3241,
792 2468 830 2506 8(
850 2469 1053 2517 Angulus
1074 2470 1227 2515 AHC,
1251 2470 1293 2509 P.
1313 2471 1375 2509 59.
1397 2470 1459 2509 M.
1482 2471 1567 2515 551⁷,
1591 2472 1666 2518 qui
1690 2472 1822 2561 ettiam

1647 2535 1717 2561 me
1737 2536 1750 2561 1
1771 2535 1822 2561 ur
