<?xml version="1.0" encoding="UTF-8"?>
<!DOCTYPE html PUBLIC "-//W3C//DTD XHTML 1.0 Transitional//EN"
    "http://www.w3.org/TR/xhtml1/DTD/xhtml1-transitional.dtd">
<html xmlns="http://www.w3.org/1999/xhtml" xml:lang="en" lang="en">
 <head>
  <title>
</title>
<meta http-equiv="Content-Type" content="text/html;charset=utf-8" />
  <meta name='ocr-system' content='tesseract 3.04.00' />
  <meta name='ocr-capabilities' content='ocr_page ocr_carea ocr_par ocr_line ocrx_word'/>
</head>
<body>
  <div class='ocr_page' id='page_1' title='image "./operaomniaedidit04brahuoft_0164.png"; bbox 0 0 2209 3213; ppageno 0'>
   <div class='ocr_carea' id='block_1_1' title="bbox 378 219 1523 261">
    <p class='ocr_par' dir='ltr' id='par_1_1' title="bbox 378 219 1523 261">
     <span class='ocr_line' id='line_1_1' title="bbox 378 219 1523 261; baseline -0.003 -1"><span class='ocrx_word' id='word_1_1' title='bbox 378 224 445 261; x_wconf 94' lang='lat' dir='ltr'>l5O</span> <span class='ocrx_word' id='word_1_2' title='bbox 871 220 953 257; x_wconf 92' lang='lat' dir='ltr'>DE</span> <span class='ocrx_word' id='word_1_3' title='bbox 976 219 1201 257; x_wconf 90' lang='lat' dir='ltr'>MUNDI</span> <span class='ocrx_word' id='word_1_4' title='bbox 1221 219 1523 257; x_wconf 88' lang='lat' dir='ltr'>AETHEREI</span> 
     </span>
    </p>
   </div>
   <div class='ocr_carea' id='block_1_2' title="bbox 359 325 2016 2603">
    <p class='ocr_par' dir='ltr' id='par_1_2' title="bbox 369 325 2016 1277">
     <span class='ocr_line' id='line_1_2' title="bbox 376 325 2016 374; baseline -0.001 -8"><span class='ocrx_word' id='word_1_5' title='bbox 376 331 548 366; x_wconf 90' lang='lat' dir='ltr'>metitur</span> <span class='ocrx_word' id='word_1_6' title='bbox 564 327 789 374; x_wconf 82' lang='lat' dir='ltr'>Angulum</span> <span class='ocrx_word' id='word_1_7' title='bbox 811 326 965 369; x_wconf 83' lang='lat' dir='ltr'>DHK,</span> <span class='ocrx_word' id='word_1_8' title='bbox 987 328 1032 362; x_wconf 93' lang='lat' dir='ltr'>in</span> <span class='ocrx_word' id='word_1_9' title='bbox 1048 325 1286 372; x_wconf 85' lang='lat' dir='ltr'>Triangulo</span> <span class='ocrx_word' id='word_1_10' title='bbox 1308 325 1467 368; x_wconf 91' lang='lat' dir='ltr'>DHK;</span> <span class='ocrx_word' id='word_1_11' title='bbox 1490 336 1677 372; x_wconf 90' lang='lat' dir='ltr'>cumque</span> <span class='ocrx_word' id='word_1_12' title='bbox 1695 325 1827 363; x_wconf 89' lang='lat' dir='ltr'>Latus</span> <span class='ocrx_word' id='word_1_13' title='bbox 1844 325 1949 370; x_wconf 90' lang='lat' dir='ltr'>HK,</span> <span class='ocrx_word' id='word_1_14' title='bbox 1970 326 2016 364; x_wconf 88' lang='lat' dir='ltr'>fit</span> 
     </span>
     <span class='ocr_line' id='line_1_3' title="bbox 375 378 2014 425; baseline -0.001 -6"><span class='ocrx_word' id='word_1_15' title='bbox 375 382 534 419; x_wconf 80' lang='lat' dir='ltr'>ibidem</span> <span class='ocrx_word' id='word_1_16' title='bbox 556 380 605 418; x_wconf 79' lang='lat'>56</span> <span class='ocrx_word' id='word_1_17' title='bbox 626 382 908 421; x_wconf 86' lang='lat' dir='ltr'>minutorum,</span> <span class='ocrx_word' id='word_1_18' title='bbox 931 378 1077 416; x_wconf 88' lang='lat' dir='ltr'>euadit</span> <span class='ocrx_word' id='word_1_19' title='bbox 1093 378 1295 425; x_wconf 87' lang='lat' dir='ltr'>Angulus</span> <span class='ocrx_word' id='word_1_20' title='bbox 1316 378 1616 416; x_wconf 91' lang='lat' dir='ltr'>Inclinationis</span> <span class='ocrx_word' id='word_1_21' title='bbox 1637 380 1787 425; x_wconf 90' lang='lat' dir='ltr'>capitis</span> <span class='ocrx_word' id='word_1_22' title='bbox 1804 378 2014 424; x_wconf 87' lang='lat' dir='ltr'>Cometae,</span> 
     </span>
     <span class='ocr_line' id='line_1_4' title="bbox 375 431 2016 479; baseline 0 -8"><span class='ocrx_word' id='word_1_23' title='bbox 375 434 606 479; x_wconf 83' lang='lat' dir='ltr'>Stellaeque</span> <span class='ocrx_word' id='word_1_24' title='bbox 623 433 804 469; x_wconf 87' lang='lat' dir='ltr'>Veneris</span> <span class='ocrx_word' id='word_1_25' title='bbox 826 432 880 469; x_wconf 90' lang='lat' dir='ltr'>ad</span> <span class='ocrx_word' id='word_1_26' title='bbox 903 432 1168 478; x_wconf 87' lang='lat' dir='ltr'>Eclipticam,</span> <span class='ocrx_word' id='word_1_27' title='bbox 1189 431 1231 469; x_wconf 90' lang='grc' dir='ltr'>Ρ.</span> <span class='ocrx_word' id='word_1_28' title='bbox 1251 431 1313 469; x_wconf 87' lang='lat'>30.</span> <span class='ocrx_word' id='word_1_29' title='bbox 1336 431 1399 469; x_wconf 90' lang='lat' dir='ltr'>M.</span> <span class='ocrx_word' id='word_1_30' title='bbox 1421 432 1457 475; x_wconf 88' lang='lat'>5,</span> <span class='ocrx_word' id='word_1_31' title='bbox 1479 433 1554 478; x_wconf 93' lang='lat' dir='ltr'>qui</span> <span class='ocrx_word' id='word_1_32' title='bbox 1574 431 1625 469; x_wconf 82' lang='lat'>26</span> <span class='ocrx_word' id='word_1_33' title='bbox 1645 431 1854 479; x_wconf 83' lang='lat' dir='ltr'>scrupulis</span> <span class='ocrx_word' id='word_1_34' title='bbox 1875 432 2016 471; x_wconf 84' lang='lat' dir='ltr'>differt</span> 
     </span>
     <span class='ocr_line' id='line_1_5' title="bbox 375 484 2015 533; baseline -0.001 -9"><span class='ocrx_word' id='word_1_35' title='bbox 375 488 427 524; x_wconf 90' lang='lat' dir='ltr'>ab</span> <span class='ocrx_word' id='word_1_36' title='bbox 445 486 621 533; x_wconf 85' lang='lat' dir='ltr'>Angulo</span> <span class='ocrx_word' id='word_1_37' title='bbox 638 485 937 523; x_wconf 90' lang='lat' dir='ltr'>Inclinationis</span> <span class='ocrx_word' id='word_1_38' title='bbox 954 486 1104 531; x_wconf 90' lang='lat' dir='ltr'>capitis</span> <span class='ocrx_word' id='word_1_39' title='bbox 1122 484 1159 521; x_wconf 92' lang='grc'>8(</span> <span class='ocrx_word' id='word_1_40' title='bbox 1177 485 1329 522; x_wconf 85' lang='lat' dir='ltr'>caudae</span> <span class='ocrx_word' id='word_1_41' title='bbox 1350 485 1404 522; x_wconf 93' lang='lat' dir='ltr'>ad</span> <span class='ocrx_word' id='word_1_42' title='bbox 1424 485 1611 522; x_wconf 90' lang='lat' dir='ltr'>eandem</span> <span class='ocrx_word' id='word_1_43' title='bbox 1627 485 1892 532; x_wconf 88' lang='lat' dir='ltr'>Eclipticam,</span> <span class='ocrx_word' id='word_1_44' title='bbox 1915 497 2015 533; x_wconf 85' lang='lat' dir='ltr'>quae</span> 
     </span>
     <span class='ocr_line' id='line_1_6' title="bbox 374 537 2014 585; baseline -0.001 -8"><span class='ocrx_word' id='word_1_45' title='bbox 374 540 616 577; x_wconf 82' lang='lat' dir='ltr'>differentia</span> <span class='ocrx_word' id='word_1_46' title='bbox 628 538 803 581; x_wconf 88' lang='lat' dir='ltr'>nullius,</span> <span class='ocrx_word' id='word_1_47' title='bbox 822 550 909 584; x_wconf 91' lang='lat' dir='ltr'>quo</span> <span class='ocrx_word' id='word_1_48' title='bbox 922 538 976 575; x_wconf 92' lang='lat' dir='ltr'>ad</span> <span class='ocrx_word' id='word_1_49' title='bbox 989 537 1072 575; x_wconf 93' lang='lat' dir='ltr'>hoc</span> <span class='ocrx_word' id='word_1_50' title='bbox 1085 540 1320 585; x_wconf 83' lang='lat' dir='ltr'>negotium,</span> <span class='ocrx_word' id='word_1_51' title='bbox 1337 540 1548 575; x_wconf 84' lang='lat' dir='ltr'>momenti</span> <span class='ocrx_word' id='word_1_52' title='bbox 1561 539 1637 576; x_wconf 89' lang='lat' dir='ltr'>esse</span> <span class='ocrx_word' id='word_1_53' title='bbox 1649 537 1854 576; x_wconf 90' lang='lat' dir='ltr'>censetur.</span> <span class='ocrx_word' id='word_1_54' title='bbox 1872 538 2014 577; x_wconf 88' lang='lat' dir='ltr'>Facile</span> 
     </span>
     <span class='ocr_line' id='line_1_7' title="bbox 374 590 2014 638; baseline 0 -8"><span class='ocrx_word' id='word_1_55' title='bbox 374 595 490 630; x_wconf 90' lang='lat' dir='ltr'>enim</span> <span class='ocrx_word' id='word_1_56' title='bbox 507 592 590 629; x_wconf 91' lang='lat' dir='ltr'>hoc</span> <span class='ocrx_word' id='word_1_57' title='bbox 607 594 784 629; x_wconf 91' lang='lat' dir='ltr'>euenire</span> <span class='ocrx_word' id='word_1_58' title='bbox 801 596 980 638; x_wconf 89' lang='lat' dir='ltr'>poterat,</span> <span class='ocrx_word' id='word_1_59' title='bbox 999 602 1051 628; x_wconf 90' lang='lat' dir='ltr'>ex</span> <span class='ocrx_word' id='word_1_60' title='bbox 1067 590 1181 628; x_wconf 92' lang='lat' dir='ltr'>visus</span> <span class='ocrx_word' id='word_1_61' title='bbox 1197 591 1555 635; x_wconf 84' lang='lat' dir='ltr'>hallucinatione,</span> <span class='ocrx_word' id='word_1_62' title='bbox 1573 602 1625 628; x_wconf 89' lang='lat' dir='ltr'>eo</span> <span class='ocrx_word' id='word_1_63' title='bbox 1642 591 1760 638; x_wconf 93' lang='lat' dir='ltr'>quod</span> <span class='ocrx_word' id='word_1_64' title='bbox 1777 592 1918 630; x_wconf 90' lang='lat' dir='ltr'>cauda</span> <span class='ocrx_word' id='word_1_65' title='bbox 1930 592 2014 630; x_wconf 94' lang='lat' dir='ltr'>Co-</span> 
     </span>
     <span class='ocr_line' id='line_1_8' title="bbox 372 644 2014 689; baseline 0 -6"><span class='ocrx_word' id='word_1_66' title='bbox 372 652 499 683; x_wconf 87' lang='lat' dir='ltr'>metae</span> <span class='ocrx_word' id='word_1_67' title='bbox 520 657 610 682; x_wconf 88' lang='lat' dir='ltr'>non</span> <span class='ocrx_word' id='word_1_68' title='bbox 630 644 770 681; x_wconf 89' lang='lat' dir='ltr'>solum</span> <span class='ocrx_word' id='word_1_69' title='bbox 789 650 891 681; x_wconf 90' lang='lat' dir='ltr'>tunc</span> <span class='ocrx_word' id='word_1_70' title='bbox 913 644 1153 681; x_wconf 90' lang='lat' dir='ltr'>admodum</span> <span class='ocrx_word' id='word_1_71' title='bbox 1175 649 1296 682; x_wconf 90' lang='lat' dir='ltr'>curta</span> <span class='ocrx_word' id='word_1_72' title='bbox 1317 645 1421 689; x_wconf 91' lang='lat' dir='ltr'>esset‚</span> <span class='ocrx_word' id='word_1_73' title='bbox 1442 644 1512 682; x_wconf 92' lang='lat' dir='ltr'>sed</span> <span class='ocrx_word' id='word_1_74' title='bbox 1534 646 1662 682; x_wconf 91' lang='lat' dir='ltr'>etiam</span> <span class='ocrx_word' id='word_1_75' title='bbox 1685 644 1797 682; x_wconf 92' lang='lat' dir='ltr'>adeo</span> <span class='ocrx_word' id='word_1_76' title='bbox 1817 647 1960 683; x_wconf 90' lang='lat' dir='ltr'>tenuis</span> <span class='ocrx_word' id='word_1_77' title='bbox 1977 645 2014 683; x_wconf 99' lang='grc'>8(</span> 
     </span>
     <span class='ocr_line' id='line_1_9' title="bbox 372 697 2015 745; baseline 0 -9"><span class='ocrx_word' id='word_1_78' title='bbox 372 711 482 740; x_wconf 82' lang='lat' dir='ltr'>rara,</span> <span class='ocrx_word' id='word_1_79' title='bbox 493 703 535 735; x_wconf 88' lang='lat' dir='ltr'>vt</span> <span class='ocrx_word' id='word_1_80' title='bbox 546 697 752 744; x_wconf 84' lang='lat' dir='ltr'>quorsum</span> <span class='ocrx_word' id='word_1_81' title='bbox 762 697 850 744; x_wconf 89' lang='lat' dir='ltr'>ipsa</span> <span class='ocrx_word' id='word_1_82' title='bbox 861 697 1110 744; x_wconf 90' lang='lat' dir='ltr'>exquifitius</span> <span class='ocrx_word' id='word_1_83' title='bbox 1120 697 1325 741; x_wconf 86' lang='lat' dir='ltr'>tenderet,</span> <span class='ocrx_word' id='word_1_84' title='bbox 1338 699 1410 735; x_wconf 89' lang='lat' dir='ltr'>vix</span> <span class='ocrx_word' id='word_1_85' title='bbox 1420 697 1600 735; x_wconf 87' lang='lat' dir='ltr'>discerni</span> <span class='ocrx_word' id='word_1_86' title='bbox 1612 699 1812 744; x_wconf 89' lang='lat' dir='ltr'>potuerit,</span> <span class='ocrx_word' id='word_1_87' title='bbox 1826 697 1863 735; x_wconf 91' lang='grc'>8(</span> <span class='ocrx_word' id='word_1_88' title='bbox 1875 710 2015 745; x_wconf 89' lang='lat' dir='ltr'>parua</span> 
     </span>
     <span class='ocr_line' id='line_1_10' title="bbox 371 750 2012 798; baseline 0.001 -10"><span class='ocrx_word' id='word_1_89' title='bbox 371 752 598 793; x_wconf 83' lang='lat' dir='ltr'>aberratio,</span> <span class='ocrx_word' id='word_1_90' title='bbox 622 750 676 788; x_wconf 96' lang='lat' dir='ltr'>ob</span> <span class='ocrx_word' id='word_1_91' title='bbox 698 751 850 788; x_wconf 85' lang='lat' dir='ltr'>caudae</span> <span class='ocrx_word' id='word_1_92' title='bbox 873 751 932 797; x_wconf 90' lang='lat' dir='ltr'>(vt</span> <span class='ocrx_word' id='word_1_93' title='bbox 953 750 1058 796; x_wconf 85' lang='lat' dir='ltr'>dixi)</span> <span class='ocrx_word' id='word_1_94' title='bbox 1080 751 1351 795; x_wconf 86' lang='lat' dir='ltr'>breuitatem,</span> <span class='ocrx_word' id='word_1_95' title='bbox 1372 751 1561 788; x_wconf 89' lang='lat' dir='ltr'>multum</span> <span class='ocrx_word' id='word_1_96' title='bbox 1581 750 1808 798; x_wconf 87' lang='lat' dir='ltr'>Angulum</span> <span class='ocrx_word' id='word_1_97' title='bbox 1829 751 2012 789; x_wconf 90' lang='lat' dir='ltr'>Inclina-</span> 
     </span>
     <span class='ocr_line' id='line_1_11' title="bbox 370 803 2012 848; baseline 0 -6"><span class='ocrx_word' id='word_1_98' title='bbox 370 807 500 842; x_wconf 90' lang='lat' dir='ltr'>tionis</span> <span class='ocrx_word' id='word_1_99' title='bbox 511 805 724 847; x_wconf 86' lang='lat' dir='ltr'>variabat;</span> <span class='ocrx_word' id='word_1_100' title='bbox 741 810 784 841; x_wconf 90' lang='lat' dir='ltr'>vt</span> <span class='ocrx_word' id='word_1_101' title='bbox 801 804 855 841; x_wconf 96' lang='lat' dir='ltr'>ob</span> <span class='ocrx_word' id='word_1_102' title='bbox 873 804 915 841; x_wconf 94' lang='lat' dir='ltr'>id</span> <span class='ocrx_word' id='word_1_103' title='bbox 932 803 1114 841; x_wconf 91' lang='lat' dir='ltr'>dubium</span> <span class='ocrx_word' id='word_1_104' title='bbox 1130 815 1221 841; x_wconf 93' lang='lat' dir='ltr'>non</span> <span class='ocrx_word' id='word_1_105' title='bbox 1237 804 1294 848; x_wconf 87' lang='lat' dir='ltr'>fit,</span> <span class='ocrx_word' id='word_1_106' title='bbox 1312 816 1411 842; x_wconf 89' lang='lat' dir='ltr'>eam</span> <span class='ocrx_word' id='word_1_107' title='bbox 1428 806 1559 842; x_wconf 88' lang='lat' dir='ltr'>etiam</span> <span class='ocrx_word' id='word_1_108' title='bbox 1571 803 1654 841; x_wconf 93' lang='lat' dir='ltr'>hoc</span> <span class='ocrx_word' id='word_1_109' title='bbox 1666 804 1734 841; x_wconf 89' lang='lat' dir='ltr'>die</span> <span class='ocrx_word' id='word_1_110' title='bbox 1747 803 1895 842; x_wconf 73' lang='lat' dir='ltr'>exacte</span> <span class='ocrx_word' id='word_1_111' title='bbox 1908 804 2012 842; x_wconf 89' lang='lat' dir='ltr'>Stel-</span> 
     </span>
     <span class='ocr_line' id='line_1_12' title="bbox 371 857 2012 904; baseline 0.001 -10"><span class='ocrx_word' id='word_1_112' title='bbox 371 858 459 895; x_wconf 89' lang='lat' dir='ltr'>lam</span> <span class='ocrx_word' id='word_1_113' title='bbox 480 858 662 895; x_wconf 91' lang='lat' dir='ltr'>Veneris</span> <span class='ocrx_word' id='word_1_114' title='bbox 683 857 913 904; x_wconf 87' lang='lat' dir='ltr'>respexisse.</span> <span class='ocrx_word' id='word_1_115' title='bbox 939 857 1168 903; x_wconf 88' lang='lat' dir='ltr'>Quantum</span> <span class='ocrx_word' id='word_1_116' title='bbox 1188 869 1293 895; x_wconf 91' lang='lat' dir='ltr'>vero</span> <span class='ocrx_word' id='word_1_117' title='bbox 1315 869 1403 904; x_wconf 94' lang='lat' dir='ltr'>quo</span> <span class='ocrx_word' id='word_1_118' title='bbox 1424 857 1479 895; x_wconf 90' lang='lat' dir='ltr'>ad</span> <span class='ocrx_word' id='word_1_119' title='bbox 1501 857 1648 895; x_wconf 91' lang='lat' dir='ltr'>Solem</span> <span class='ocrx_word' id='word_1_120' title='bbox 1669 857 1865 901; x_wconf 85' lang='lat' dir='ltr'>deuiarit,</span> <span class='ocrx_word' id='word_1_121' title='bbox 1886 857 2012 895; x_wconf 85' lang='lat' dir='ltr'>facile</span> 
     </span>
     <span class='ocr_line' id='line_1_13' title="bbox 369 910 2013 958; baseline 0.001 -11"><span class='ocrx_word' id='word_1_122' title='bbox 369 910 543 957; x_wconf 90' lang='lat' dir='ltr'>patefiet</span> <span class='ocrx_word' id='word_1_123' title='bbox 561 923 613 948; x_wconf 90' lang='lat' dir='ltr'>ex</span> <span class='ocrx_word' id='word_1_124' title='bbox 630 911 726 947; x_wconf 86' lang='lat' dir='ltr'>loeo</span> <span class='ocrx_word' id='word_1_125' title='bbox 743 910 867 953; x_wconf 84' lang='lat' dir='ltr'>Solis,</span> <span class='ocrx_word' id='word_1_126' title='bbox 885 912 960 957; x_wconf 90' lang='lat' dir='ltr'>qui</span> <span class='ocrx_word' id='word_1_127' title='bbox 976 916 1078 947; x_wconf 92' lang='lat' dir='ltr'>tunc</span> <span class='ocrx_word' id='word_1_128' title='bbox 1096 915 1186 948; x_wconf 91' lang='lat' dir='ltr'>erat</span> <span class='ocrx_word' id='word_1_129' title='bbox 1202 912 1248 947; x_wconf 90' lang='lat' dir='ltr'>in</span> <span class='ocrx_word' id='word_1_130' title='bbox 1264 911 1306 948; x_wconf 93' lang='lat' dir='ltr'>P.</span> <span class='ocrx_word' id='word_1_131' title='bbox 1319 911 1345 948; x_wconf 94' lang='lat' dir='ltr'>l.</span> <span class='ocrx_word' id='word_1_132' title='bbox 1359 910 1422 948; x_wconf 92' lang='lat' dir='ltr'>M.</span> <span class='ocrx_word' id='word_1_133' title='bbox 1435 911 1486 948; x_wconf 90' lang='lat'>40</span> <span class='ocrx_word' id='word_1_134' title='bbox 1502 920 1560 948; x_wconf 56' lang='grc' dir='ltr'>κα.</span> <span class='ocrx_word' id='word_1_135' title='bbox 1578 910 1697 948; x_wconf 91' lang='lat' dir='ltr'>Nam</span> <span class='ocrx_word' id='word_1_136' title='bbox 1712 912 1758 947; x_wconf 90' lang='lat' dir='ltr'>in</span> <span class='ocrx_word' id='word_1_137' title='bbox 1774 910 2013 958; x_wconf 87' lang='lat' dir='ltr'>Triangulo</span> 
     </span>
     <span class='ocr_line' id='line_1_14' title="bbox 370 963 2013 1010; baseline 0.001 -9"><span class='ocrx_word' id='word_1_138' title='bbox 370 964 483 1005; x_wconf 81' lang='lat' dir='ltr'>FIC,</span> <span class='ocrx_word' id='word_1_139' title='bbox 505 964 637 1001; x_wconf 91' lang='lat' dir='ltr'>Latus</span> <span class='ocrx_word' id='word_1_140' title='bbox 658 964 726 1006; x_wconf 88' lang='lat' dir='ltr'>FI,</span> <span class='ocrx_word' id='word_1_141' title='bbox 749 963 895 1001; x_wconf 88' lang='lat' dir='ltr'>euadit</span> <span class='ocrx_word' id='word_1_142' title='bbox 916 963 958 1001; x_wconf 88' lang='lat' dir='ltr'>P.</span> <span class='ocrx_word' id='word_1_143' title='bbox 976 963 1038 1001; x_wconf 81' lang='lat'>43.</span> <span class='ocrx_word' id='word_1_144' title='bbox 1062 963 1124 1001; x_wconf 88' lang='grc' dir='ltr'>Μ.</span> <span class='ocrx_word' id='word_1_145' title='bbox 1142 964 1204 1007; x_wconf 85' lang='grc'>57,</span> <span class='ocrx_word' id='word_1_146' title='bbox 1227 963 1316 1007; x_wconf 92' lang='lat' dir='ltr'>FC,</span> <span class='ocrx_word' id='word_1_147' title='bbox 1338 964 1379 1001; x_wconf 90' lang='lat' dir='ltr'>P.</span> <span class='ocrx_word' id='word_1_148' title='bbox 1397 964 1459 1001; x_wconf 85' lang='lat'>29.</span> <span class='ocrx_word' id='word_1_149' title='bbox 1482 964 1545 1001; x_wconf 93' lang='lat' dir='ltr'>M.</span> <span class='ocrx_word' id='word_1_150' title='bbox 1567 964 1620 1008; x_wconf 89' lang='lat'>10,</span> <span class='ocrx_word' id='word_1_151' title='bbox 1643 964 1830 1010; x_wconf 92' lang='lat' dir='ltr'>ideoque</span> <span class='ocrx_word' id='word_1_152' title='bbox 1852 963 1913 1002; x_wconf 93' lang='lat' dir='ltr'>CI</span> <span class='ocrx_word' id='word_1_153' title='bbox 1935 966 2013 1002; x_wconf 90' lang='lat' dir='ltr'>erit</span> 
     </span>
     <span class='ocr_line' id='line_1_15' title="bbox 373 1016 2013 1064; baseline 0 -10"><span class='ocrx_word' id='word_1_154' title='bbox 373 1018 415 1054; x_wconf 86' lang='lat' dir='ltr'>P.</span> <span class='ocrx_word' id='word_1_155' title='bbox 432 1018 485 1055; x_wconf 83' lang='lat'>51.</span> <span class='ocrx_word' id='word_1_156' title='bbox 504 1018 566 1054; x_wconf 89' lang='lat' dir='ltr'>M.</span> <span class='ocrx_word' id='word_1_157' title='bbox 584 1017 642 1059; x_wconf 61' lang='lat'>2³5,</span> <span class='ocrx_word' id='word_1_158' title='bbox 667 1017 703 1054; x_wconf 92' lang='grc'>8(</span> <span class='ocrx_word' id='word_1_159' title='bbox 728 1016 929 1064; x_wconf 80' lang='lat' dir='ltr'>Angulus</span> <span class='ocrx_word' id='word_1_160' title='bbox 948 1017 1061 1061; x_wconf 93' lang='lat' dir='ltr'>CIF,</span> <span class='ocrx_word' id='word_1_161' title='bbox 1085 1017 1127 1054; x_wconf 90' lang='lat' dir='ltr'>P.</span> <span class='ocrx_word' id='word_1_162' title='bbox 1144 1017 1206 1054; x_wconf 87' lang='lat'>39.</span> <span class='ocrx_word' id='word_1_163' title='bbox 1224 1017 1287 1054; x_wconf 89' lang='grc' dir='ltr'>Μ.</span> <span class='ocrx_word' id='word_1_164' title='bbox 1306 1018 1359 1061; x_wconf 88' lang='lat'>14,</span> <span class='ocrx_word' id='word_1_165' title='bbox 1383 1019 1458 1064; x_wconf 91' lang='lat' dir='ltr'>qui</span> <span class='ocrx_word' id='word_1_166' title='bbox 1480 1018 1654 1055; x_wconf 89' lang='lat' dir='ltr'>metitur</span> <span class='ocrx_word' id='word_1_167' title='bbox 1678 1016 2013 1055; x_wconf 89' lang='lat' dir='ltr'>Inclinationem</span> 
     </span>
     <span class='ocr_line' id='line_1_16' title="bbox 373 1068 2012 1117; baseline 0 -9"><span class='ocrx_word' id='word_1_168' title='bbox 373 1073 522 1117; x_wconf 86' lang='lat' dir='ltr'>capitis</span> <span class='ocrx_word' id='word_1_169' title='bbox 536 1070 732 1108; x_wconf 86' lang='lat' dir='ltr'>Cometae</span> <span class='ocrx_word' id='word_1_170' title='bbox 749 1070 804 1107; x_wconf 91' lang='lat' dir='ltr'>ad</span> <span class='ocrx_word' id='word_1_171' title='bbox 817 1070 963 1107; x_wconf 90' lang='lat' dir='ltr'>Solem</span> <span class='ocrx_word' id='word_1_172' title='bbox 980 1068 1171 1117; x_wconf 64' lang='lat' dir='ltr'>respectu</span> <span class='ocrx_word' id='word_1_173' title='bbox 1183 1070 1413 1117; x_wconf 87' lang='lat' dir='ltr'>Eclipticae.</span> <span class='ocrx_word' id='word_1_174' title='bbox 1431 1070 1496 1108; x_wconf 88' lang='lat' dir='ltr'>Est</span> <span class='ocrx_word' id='word_1_175' title='bbox 1512 1075 1659 1108; x_wconf 85' lang='lat' dir='ltr'>autem</span> <span class='ocrx_word' id='word_1_176' title='bbox 1675 1071 1711 1107; x_wconf 88' lang='lat' dir='ltr'>is</span> <span class='ocrx_word' id='word_1_177' title='bbox 1727 1070 1854 1117; x_wconf 88' lang='lat' dir='ltr'>longe</span> <span class='ocrx_word' id='word_1_178' title='bbox 1871 1072 2012 1108; x_wconf 90' lang='lat' dir='ltr'>maior</span> 
     </span>
     <span class='ocr_line' id='line_1_17' title="bbox 373 1122 2012 1170; baseline 0.001 -10"><span class='ocrx_word' id='word_1_179' title='bbox 373 1135 436 1165; x_wconf 88' lang='lat' dir='ltr'>eo,</span> <span class='ocrx_word' id='word_1_180' title='bbox 457 1135 588 1170; x_wconf 90' lang='lat' dir='ltr'>quem</span> <span class='ocrx_word' id='word_1_181' title='bbox 606 1124 757 1161; x_wconf 86' lang='lat' dir='ltr'>caudae</span> <span class='ocrx_word' id='word_1_182' title='bbox 775 1122 927 1161; x_wconf 72' lang='lat' dir='ltr'>ductus</span> <span class='ocrx_word' id='word_1_183' title='bbox 944 1123 998 1160; x_wconf 89' lang='lat' dir='ltr'>ad</span> <span class='ocrx_word' id='word_1_184' title='bbox 1016 1128 1145 1170; x_wconf 85' lang='lat' dir='ltr'>caput</span> <span class='ocrx_word' id='word_1_185' title='bbox 1161 1123 1359 1161; x_wconf 88' lang='lat' dir='ltr'>Cometae</span> <span class='ocrx_word' id='word_1_186' title='bbox 1377 1124 1559 1161; x_wconf 90' lang='lat' dir='ltr'>collatus</span> <span class='ocrx_word' id='word_1_187' title='bbox 1576 1122 1800 1166; x_wconf 88' lang='lat' dir='ltr'>efficiebat,</span> <span class='ocrx_word' id='word_1_188' title='bbox 1821 1122 2012 1170; x_wconf 68' lang='lat' dir='ltr'>respectu</span> 
     </span>
     <span class='ocr_line' id='line_1_18' title="bbox 372 1176 2010 1224; baseline 0.001 -11"><span class='ocrx_word' id='word_1_189' title='bbox 372 1179 454 1214; x_wconf 81' lang='lat' dir='ltr'>viae</span> <span class='ocrx_word' id='word_1_190' title='bbox 472 1177 646 1219; x_wconf 86' lang='lat' dir='ltr'>Solaris,</span> <span class='ocrx_word' id='word_1_191' title='bbox 665 1181 961 1224; x_wconf 86' lang='lat' dir='ltr'>exuperatque</span> <span class='ocrx_word' id='word_1_192' title='bbox 979 1177 1180 1221; x_wconf 86' lang='lat' dir='ltr'>eundem,</span> <span class='ocrx_word' id='word_1_193' title='bbox 1200 1177 1242 1214; x_wconf 91' lang='lat' dir='ltr'>P.</span> <span class='ocrx_word' id='word_1_194' title='bbox 1260 1177 1295 1214; x_wconf 92' lang='lat'>9.</span> <span class='ocrx_word' id='word_1_195' title='bbox 1314 1177 1376 1215; x_wconf 87' lang='lat' dir='ltr'>M.</span> <span class='ocrx_word' id='word_1_196' title='bbox 1394 1177 1456 1215; x_wconf 86' lang='lat'>35.</span> <span class='ocrx_word' id='word_1_197' title='bbox 1478 1177 1777 1224; x_wconf 88' lang='lat' dir='ltr'>Nequaquam</span> <span class='ocrx_word' id='word_1_198' title='bbox 1793 1178 1920 1224; x_wconf 87' lang='lat' dir='ltr'>igitur</span> <span class='ocrx_word' id='word_1_199' title='bbox 1936 1176 2010 1215; x_wconf 90' lang='lat' dir='ltr'>So-</span> 
     </span>
     <span class='ocr_line' id='line_1_19' title="bbox 372 1229 1837 1277; baseline 0.001 -11"><span class='ocrx_word' id='word_1_200' title='bbox 372 1230 457 1267; x_wconf 91' lang='lat' dir='ltr'>lem</span> <span class='ocrx_word' id='word_1_201' title='bbox 474 1231 614 1268; x_wconf 87' lang='lat' dir='ltr'>cauda</span> <span class='ocrx_word' id='word_1_202' title='bbox 631 1230 811 1276; x_wconf 85' lang='lat' dir='ltr'>respexit</span> <span class='ocrx_word' id='word_1_203' title='bbox 829 1229 1040 1273; x_wconf 88' lang='lat' dir='ltr'>Cometae,</span> <span class='ocrx_word' id='word_1_204' title='bbox 1057 1230 1127 1267; x_wconf 88' lang='lat' dir='ltr'>sed</span> <span class='ocrx_word' id='word_1_205' title='bbox 1142 1230 1270 1277; x_wconf 87' lang='lat' dir='ltr'>longe</span> <span class='ocrx_word' id='word_1_206' title='bbox 1286 1232 1432 1267; x_wconf 87' lang='lat' dir='ltr'>verius</span> <span class='ocrx_word' id='word_1_207' title='bbox 1448 1230 1627 1268; x_wconf 86' lang='lat' dir='ltr'>Stellam</span> <span class='ocrx_word' id='word_1_208' title='bbox 1643 1229 1837 1267; x_wconf 88' lang='lat' dir='ltr'>Veneris.</span> 
     </span>
    </p>

    <p class='ocr_par' dir='ltr' id='par_1_3' title="bbox 366 1282 2009 1756">
     <span class='ocr_line' id='line_1_20' title="bbox 424 1282 2009 1330; baseline 0.001 -10"><span class='ocrx_word' id='word_1_209' title='bbox 424 1284 487 1320; x_wconf 88' lang='lat' dir='ltr'>Ex</span> <span class='ocrx_word' id='word_1_210' title='bbox 508 1283 575 1320; x_wconf 90' lang='lat' dir='ltr'>his</span> <span class='ocrx_word' id='word_1_211' title='bbox 596 1286 741 1330; x_wconf 89' lang='lat' dir='ltr'>itaque</span> <span class='ocrx_word' id='word_1_212' title='bbox 762 1283 859 1320; x_wconf 91' lang='lat' dir='ltr'>satis</span> <span class='ocrx_word' id='word_1_213' title='bbox 881 1283 1106 1321; x_wconf 89' lang='lat' dir='ltr'>euidenter</span> <span class='ocrx_word' id='word_1_214' title='bbox 1127 1283 1397 1330; x_wconf 88' lang='lat' dir='ltr'>copioseque,</span> <span class='ocrx_word' id='word_1_215' title='bbox 1421 1295 1497 1330; x_wconf 92' lang='lat' dir='ltr'>per</span> <span class='ocrx_word' id='word_1_216' title='bbox 1519 1283 1560 1320; x_wconf 86' lang='lat'>12</span> <span class='ocrx_word' id='word_1_217' title='bbox 1583 1282 1932 1327; x_wconf 86' lang='lat' dir='ltr'>Obseruationes,</span> <span class='ocrx_word' id='word_1_218' title='bbox 1956 1283 2009 1321; x_wconf 88' lang='lat' dir='ltr'>ab</span> 
     </span>
     <span class='ocr_line' id='line_1_21' title="bbox 369 1332 2009 1385; baseline 0 -12"><span class='ocrx_word' id='word_1_219' title='bbox 369 1338 492 1373; x_wconf 93' lang='lat' dir='ltr'>initio</span> <span class='ocrx_word' id='word_1_220' title='bbox 504 1336 634 1383; x_wconf 91' lang='lat' dir='ltr'>vsque</span> <span class='ocrx_word' id='word_1_221' title='bbox 652 1336 706 1374; x_wconf 89' lang='lat' dir='ltr'>ad</span> <span class='ocrx_word' id='word_1_222' title='bbox 723 1336 857 1373; x_wconf 89' lang='lat' dir='ltr'>finem</span> <span class='ocrx_word' id='word_1_223' title='bbox 874 1338 1159 1383; x_wconf 88' lang='lat' dir='ltr'>apparitionis</span> <span class='ocrx_word' id='word_1_224' title='bbox 1171 1336 1382 1381; x_wconf 87' lang='lat' dir='ltr'>Cometae,</span> <span class='ocrx_word' id='word_1_225' title='bbox 1400 1337 1624 1384; x_wconf 84' lang='lat' dir='ltr'>diligenter</span> <span class='ocrx_word' id='word_1_226' title='bbox 1640 1332 1654 1385; x_wconf 90' lang='grc' dir='ltr'>ΙΙ</span> <span class='ocrx_word' id='word_1_227' title='bbox 1671 1335 1854 1379; x_wconf 82' lang='lat' dir='ltr'>habitas,</span> <span class='ocrx_word' id='word_1_228' title='bbox 1871 1338 2009 1374; x_wconf 88' lang='lat' dir='ltr'>mani-</span> 
     </span>
     <span class='ocr_line' id='line_1_22' title="bbox 369 1388 2009 1437; baseline 0.001 -11"><span class='ocrx_word' id='word_1_229' title='bbox 369 1389 624 1427; x_wconf 86' lang='lat' dir='ltr'>festissimum</span> <span class='ocrx_word' id='word_1_230' title='bbox 642 1390 799 1431; x_wconf 88' lang='lat' dir='ltr'>euadit.</span> <span class='ocrx_word' id='word_1_231' title='bbox 817 1390 970 1427; x_wconf 86' lang='lat' dir='ltr'>caudae</span> <span class='ocrx_word' id='word_1_232' title='bbox 985 1390 1113 1437; x_wconf 88' lang='lat' dir='ltr'>ipfius</span> <span class='ocrx_word' id='word_1_233' title='bbox 1125 1388 1302 1428; x_wconf 68' lang='lat' dir='ltr'>ductum</span> <span class='ocrx_word' id='word_1_234' title='bbox 1314 1402 1405 1428; x_wconf 91' lang='lat' dir='ltr'>non</span> <span class='ocrx_word' id='word_1_235' title='bbox 1418 1389 1622 1437; x_wconf 86' lang='lat' dir='ltr'>exquifite</span> <span class='ocrx_word' id='word_1_236' title='bbox 1634 1391 1679 1426; x_wconf 91' lang='lat' dir='ltr'>in</span> <span class='ocrx_word' id='word_1_237' title='bbox 1692 1388 1907 1436; x_wconf 81' lang='lat' dir='ltr'>oppositas</span> <span class='ocrx_word' id='word_1_238' title='bbox 1919 1389 2009 1427; x_wconf 92' lang='lat' dir='ltr'>Soli</span> 
     </span>
     <span class='ocr_line' id='line_1_23' title="bbox 369 1442 2008 1490; baseline 0 -10"><span class='ocrx_word' id='word_1_239' title='bbox 369 1449 523 1489; x_wconf 85' lang='lat' dir='ltr'>partes,</span> <span class='ocrx_word' id='word_1_240' title='bbox 545 1443 794 1490; x_wconf 88' lang='lat' dir='ltr'>protensum</span> <span class='ocrx_word' id='word_1_241' title='bbox 815 1442 942 1486; x_wconf 87' lang='lat' dir='ltr'>fuisse,</span> <span class='ocrx_word' id='word_1_242' title='bbox 964 1443 1034 1480; x_wconf 92' lang='lat' dir='ltr'>sed</span> <span class='ocrx_word' id='word_1_243' title='bbox 1054 1443 1295 1490; x_wconf 89' lang='lat' dir='ltr'>plurimum</span> <span class='ocrx_word' id='word_1_244' title='bbox 1311 1443 1413 1480; x_wconf 93' lang='lat' dir='ltr'>hinc</span> <span class='ocrx_word' id='word_1_245' title='bbox 1429 1443 1574 1480; x_wconf 89' lang='lat' dir='ltr'>versus</span> <span class='ocrx_word' id='word_1_246' title='bbox 1590 1442 1797 1480; x_wconf 86' lang='lat' dir='ltr'>Austrum</span> <span class='ocrx_word' id='word_1_247' title='bbox 1813 1442 2008 1487; x_wconf 86' lang='lat' dir='ltr'>deuiasse,</span> 
     </span>
     <span class='ocr_line' id='line_1_24' title="bbox 368 1495 2008 1543; baseline 0 -10"><span class='ocrx_word' id='word_1_248' title='bbox 368 1496 603 1542; x_wconf 83' lang='lat' dir='ltr'>praesertim</span> <span class='ocrx_word' id='word_1_249' title='bbox 624 1498 669 1533; x_wconf 92' lang='lat' dir='ltr'>in</span> <span class='ocrx_word' id='word_1_250' title='bbox 689 1498 902 1543; x_wconf 91' lang='lat' dir='ltr'>principio</span> <span class='ocrx_word' id='word_1_251' title='bbox 924 1495 961 1533; x_wconf 92' lang='grc'>8(</span> <span class='ocrx_word' id='word_1_252' title='bbox 982 1496 1069 1533; x_wconf 89' lang='lat' dir='ltr'>fine</span> <span class='ocrx_word' id='word_1_253' title='bbox 1088 1496 1176 1534; x_wconf 85' lang='lat' dir='ltr'>suae</span> <span class='ocrx_word' id='word_1_254' title='bbox 1193 1498 1495 1543; x_wconf 89' lang='lat' dir='ltr'>apparitionis;</span> <span class='ocrx_word' id='word_1_255' title='bbox 1518 1495 1649 1543; x_wconf 93' lang='lat' dir='ltr'>Quod</span> <span class='ocrx_word' id='word_1_256' title='bbox 1666 1500 1814 1533; x_wconf 86' lang='lat' dir='ltr'>autem</span> <span class='ocrx_word' id='word_1_257' title='bbox 1830 1495 2008 1533; x_wconf 87' lang='lat' dir='ltr'>Stellam</span> 
     </span>
     <span class='ocr_line' id='line_1_25' title="bbox 367 1548 2007 1596; baseline 0 -10"><span class='ocrx_word' id='word_1_258' title='bbox 367 1549 549 1587; x_wconf 91' lang='lat' dir='ltr'>Veneris</span> <span class='ocrx_word' id='word_1_259' title='bbox 569 1549 728 1596; x_wconf 89' lang='lat' dir='ltr'>vbique</span> <span class='ocrx_word' id='word_1_260' title='bbox 749 1554 839 1586; x_wconf 89' lang='lat' dir='ltr'>toto</span> <span class='ocrx_word' id='word_1_261' title='bbox 862 1549 1105 1587; x_wconf 84' lang='lat' dir='ltr'>durationis</span> <span class='ocrx_word' id='word_1_262' title='bbox 1127 1555 1335 1596; x_wconf 87' lang='lat' dir='ltr'>tempore,</span> <span class='ocrx_word' id='word_1_263' title='bbox 1359 1549 1433 1588; x_wconf 93' lang='lat' dir='ltr'>sub</span> <span class='ocrx_word' id='word_1_264' title='bbox 1454 1561 1543 1587; x_wconf 92' lang='lat' dir='ltr'>vno</span> <span class='ocrx_word' id='word_1_265' title='bbox 1564 1549 1808 1595; x_wconf 90' lang='lat' dir='ltr'>eodemque</span> <span class='ocrx_word' id='word_1_266' title='bbox 1830 1548 2007 1587; x_wconf 88' lang='lat' dir='ltr'>Circulo</span> 
     </span>
     <span class='ocr_line' id='line_1_26' title="bbox 366 1601 2007 1650; baseline 0 -10"><span class='ocrx_word' id='word_1_267' title='bbox 366 1614 539 1649; x_wconf 85' lang='lat' dir='ltr'>magno,</span> <span class='ocrx_word' id='word_1_268' title='bbox 562 1614 638 1649; x_wconf 90' lang='lat' dir='ltr'>per</span> <span class='ocrx_word' id='word_1_269' title='bbox 659 1609 788 1649; x_wconf 89' lang='lat' dir='ltr'>caput</span> <span class='ocrx_word' id='word_1_270' title='bbox 808 1605 853 1640; x_wconf 90' lang='lat' dir='ltr'>in</span> <span class='ocrx_word' id='word_1_271' title='bbox 874 1603 1092 1640; x_wconf 89' lang='lat' dir='ltr'>Venerem</span> <span class='ocrx_word' id='word_1_272' title='bbox 1113 1601 1253 1646; x_wconf 65' lang='lat' dir='ltr'>ducto,</span> <span class='ocrx_word' id='word_1_273' title='bbox 1277 1603 1519 1650; x_wconf 87' lang='lat' dir='ltr'>respexerit,</span> <span class='ocrx_word' id='word_1_274' title='bbox 1544 1604 1648 1640; x_wconf 91' lang='lat' dir='ltr'>citra</span> <span class='ocrx_word' id='word_1_275' title='bbox 1671 1613 1802 1639; x_wconf 89' lang='lat' dir='ltr'>omne</span> <span class='ocrx_word' id='word_1_276' title='bbox 1824 1601 2007 1640; x_wconf 87' lang='lat' dir='ltr'>dubium</span> 
     </span>
     <span class='ocr_line' id='line_1_27' title="bbox 367 1654 2007 1703; baseline 0 -11"><span class='ocrx_word' id='word_1_277' title='bbox 367 1657 497 1693; x_wconf 90' lang='lat' dir='ltr'>etiam</span> <span class='ocrx_word' id='word_1_278' title='bbox 514 1656 850 1703; x_wconf 84' lang='lat' dir='ltr'>quamplurimis</span> <span class='ocrx_word' id='word_1_279' title='bbox 867 1656 1255 1694; x_wconf 86' lang='lat' dir='ltr'>Obseruationibus</span> <span class='ocrx_word' id='word_1_280' title='bbox 1273 1656 1497 1693; x_wconf 91' lang='lat' dir='ltr'>euidenter</span> <span class='ocrx_word' id='word_1_281' title='bbox 1518 1655 1850 1702; x_wconf 89' lang='lat' dir='ltr'>comprobatum</span> <span class='ocrx_word' id='word_1_282' title='bbox 1871 1654 1941 1699; x_wconf 84' lang='lat' dir='ltr'>est;</span> <span class='ocrx_word' id='word_1_283' title='bbox 1964 1655 2007 1693; x_wconf 88' lang='lat' dir='ltr'>id</span> 
     </span>
     <span class='ocr_line' id='line_1_28' title="bbox 366 1708 1925 1756; baseline -0.001 -10"><span class='ocrx_word' id='word_1_284' title='bbox 366 1709 483 1754; x_wconf 92' lang='lat' dir='ltr'>quod</span> <span class='ocrx_word' id='word_1_285' title='bbox 499 1709 553 1746; x_wconf 92' lang='lat' dir='ltr'>ab</span> <span class='ocrx_word' id='word_1_286' title='bbox 570 1711 692 1746; x_wconf 90' lang='lat' dir='ltr'>initio</span> <span class='ocrx_word' id='word_1_287' title='bbox 709 1709 1086 1756; x_wconf 87' lang='lat' dir='ltr'>peruestigandum</span> <span class='ocrx_word' id='word_1_288' title='bbox 1103 1709 1591 1756; x_wconf 86' lang='lat' dir='ltr'>Demonstrandumque</span> <span class='ocrx_word' id='word_1_289' title='bbox 1607 1708 1925 1755; x_wconf 89' lang='lat' dir='ltr'>proposuimus.</span> 
     </span>
    </p>

    <p class='ocr_par' dir='ltr' id='par_1_4' title="bbox 359 1761 2006 2551">
     <span class='ocr_line' id='line_1_29' title="bbox 419 1761 2006 1809; baseline -0.001 -10"><span class='ocrx_word' id='word_1_290' title='bbox 419 1761 696 1808; x_wconf 88' lang='lat' dir='ltr'>Quapropter</span> <span class='ocrx_word' id='word_1_291' title='bbox 712 1763 941 1800; x_wconf 84' lang='lat' dir='ltr'>necessario</span> <span class='ocrx_word' id='word_1_292' title='bbox 959 1774 1011 1800; x_wconf 90' lang='lat' dir='ltr'>ex</span> <span class='ocrx_word' id='word_1_293' title='bbox 1027 1762 1095 1800; x_wconf 91' lang='lat' dir='ltr'>his</span> <span class='ocrx_word' id='word_1_294' title='bbox 1110 1762 1259 1800; x_wconf 89' lang='lat' dir='ltr'>inferri</span> <span class='ocrx_word' id='word_1_295' title='bbox 1279 1762 1568 1809; x_wconf 86' lang='lat' dir='ltr'>concludique</span> <span class='ocrx_word' id='word_1_296' title='bbox 1590 1773 1745 1799; x_wconf 90' lang='lat' dir='ltr'>reuera</span> <span class='ocrx_word' id='word_1_297' title='bbox 1764 1763 1931 1808; x_wconf 90' lang='lat' dir='ltr'>poterit,</span> <span class='ocrx_word' id='word_1_298' title='bbox 1953 1773 2006 1799; x_wconf 88' lang='lat' dir='ltr'>ea</span> 
     </span>
     <span class='ocr_line' id='line_1_30' title="bbox 366 1814 2004 1862; baseline -0.001 -10"><span class='ocrx_word' id='word_1_299' title='bbox 366 1826 464 1861; x_wconf 82' lang='lat' dir='ltr'>quae</span> <span class='ocrx_word' id='word_1_300' title='bbox 486 1815 700 1853; x_wconf 88' lang='lat' dir='ltr'>PETRVS</span> <span class='ocrx_word' id='word_1_301' title='bbox 720 1815 988 1859; x_wconf 85' lang='lat' dir='ltr'>APIANVS,</span> <span class='ocrx_word' id='word_1_302' title='bbox 1013 1827 1203 1862; x_wconf 88' lang='lat' dir='ltr'>eumque</span> <span class='ocrx_word' id='word_1_303' title='bbox 1227 1818 1445 1853; x_wconf 88' lang='lat' dir='ltr'>imitantes</span> <span class='ocrx_word' id='word_1_304' title='bbox 1467 1815 1728 1858; x_wconf 88' lang='lat' dir='ltr'>successores,</span> <span class='ocrx_word' id='word_1_305' title='bbox 1753 1814 1822 1861; x_wconf 87' lang='lat' dir='ltr'>(de</span> <span class='ocrx_word' id='word_1_306' title='bbox 1846 1814 2004 1861; x_wconf 88' lang='lat' dir='ltr'>quibus</span> 
     </span>
     <span class='ocr_line' id='line_1_31' title="bbox 362 1867 2005 1914; baseline -0.001 -9"><span class='ocrx_word' id='word_1_307' title='bbox 362 1870 481 1914; x_wconf 90' lang='lat' dir='ltr'>prius</span> <span class='ocrx_word' id='word_1_308' title='bbox 498 1868 703 1914; x_wconf 89' lang='lat' dir='ltr'>diximus)</span> <span class='ocrx_word' id='word_1_309' title='bbox 722 1871 834 1906; x_wconf 89' lang='lat' dir='ltr'>circa</span> <span class='ocrx_word' id='word_1_310' title='bbox 851 1869 1138 1907; x_wconf 87' lang='lat' dir='ltr'>Cometarum</span> <span class='ocrx_word' id='word_1_311' title='bbox 1154 1869 1329 1911; x_wconf 82' lang='lat' dir='ltr'>caudas,</span> <span class='ocrx_word' id='word_1_312' title='bbox 1350 1868 1390 1906; x_wconf 89' lang='lat' dir='ltr'>se</span> <span class='ocrx_word' id='word_1_313' title='bbox 1407 1868 1765 1912; x_wconf 89' lang='lat' dir='ltr'>animaduertisse,</span> <span class='ocrx_word' id='word_1_314' title='bbox 1787 1867 1912 1905; x_wconf 91' lang='lat' dir='ltr'>nobis</span> <span class='ocrx_word' id='word_1_315' title='bbox 1928 1879 2005 1914; x_wconf 90' lang='lat' dir='ltr'>per</span> 
     </span>
     <span class='ocr_line' id='line_1_32' title="bbox 363 1920 2003 1968; baseline 0.001 -11"><span class='ocrx_word' id='word_1_316' title='bbox 363 1920 527 1967; x_wconf 89' lang='lat' dir='ltr'>Scripta</span> <span class='ocrx_word' id='word_1_317' title='bbox 548 1921 829 1963; x_wconf 86' lang='lat' dir='ltr'>tradiderunt.</span> <span class='ocrx_word' id='word_1_318' title='bbox 852 1934 925 1960; x_wconf 90' lang='lat' dir='ltr'>eas</span> <span class='ocrx_word' id='word_1_319' title='bbox 942 1922 1140 1959; x_wconf 89' lang='lat' dir='ltr'>videlicet</span> <span class='ocrx_word' id='word_1_320' title='bbox 1156 1924 1201 1959; x_wconf 89' lang='lat' dir='ltr'>in</span> <span class='ocrx_word' id='word_1_321' title='bbox 1218 1923 1483 1960; x_wconf 85' lang='lat' dir='ltr'>contrariam</span> <span class='ocrx_word' id='word_1_322' title='bbox 1499 1921 1589 1960; x_wconf 92' lang='lat' dir='ltr'>Soli</span> <span class='ocrx_word' id='word_1_323' title='bbox 1604 1927 1773 1968; x_wconf 88' lang='lat' dir='ltr'>partem</span> <span class='ocrx_word' id='word_1_324' title='bbox 1791 1920 2003 1967; x_wconf 88' lang='lat' dir='ltr'>protendi,</span> 
     </span>
     <span class='ocr_line' id='line_1_33' title="bbox 362 1974 2003 2021; baseline -0.001 -10"><span class='ocrx_word' id='word_1_325' title='bbox 362 1985 645 2021; x_wconf 89' lang='lat' dir='ltr'>nequaquam</span> <span class='ocrx_word' id='word_1_326' title='bbox 657 1974 956 2012; x_wconf 89' lang='lat' dir='ltr'>vniuersaliter</span> <span class='ocrx_word' id='word_1_327' title='bbox 972 1977 1031 2013; x_wconf 87' lang='lat' dir='ltr'>ita</span> <span class='ocrx_word' id='word_1_328' title='bbox 1042 1975 1082 2012; x_wconf 89' lang='lat' dir='ltr'>se</span> <span class='ocrx_word' id='word_1_329' title='bbox 1094 1975 1269 2020; x_wconf 89' lang='lat' dir='ltr'>habere,</span> <span class='ocrx_word' id='word_1_330' title='bbox 1287 1975 1325 2012; x_wconf 92' lang='grc'>8(</span> <span class='ocrx_word' id='word_1_331' title='bbox 1341 1975 1528 2013; x_wconf 89' lang='lat' dir='ltr'>dubitari</span> <span class='ocrx_word' id='word_1_332' title='bbox 1541 1976 1672 2012; x_wconf 90' lang='lat' dir='ltr'>etiarn</span> <span class='ocrx_word' id='word_1_333' title='bbox 1683 1986 1774 2012; x_wconf 90' lang='lat' dir='ltr'>non</span> <span class='ocrx_word' id='word_1_334' title='bbox 1786 1975 2003 2011; x_wconf 88' lang='lat' dir='ltr'>immerito</span> 
     </span>
     <span class='ocr_line' id='line_1_34' title="bbox 361 2027 2002 2075; baseline 0 -11"><span class='ocrx_word' id='word_1_335' title='bbox 361 2028 483 2073; x_wconf 87' lang='lat' dir='ltr'>posse,</span> <span class='ocrx_word' id='word_1_336' title='bbox 496 2039 554 2064; x_wconf 92' lang='lat' dir='ltr'>an</span> <span class='ocrx_word' id='word_1_337' title='bbox 567 2027 904 2065; x_wconf 89' lang='lat' dir='ltr'>Obseruationes</span> <span class='ocrx_word' id='word_1_338' title='bbox 916 2028 1119 2075; x_wconf 87' lang='lat' dir='ltr'>ipsorum,</span> <span class='ocrx_word' id='word_1_339' title='bbox 1135 2030 1248 2066; x_wconf 89' lang='lat' dir='ltr'>circa</span> <span class='ocrx_word' id='word_1_340' title='bbox 1260 2028 1432 2066; x_wconf 92' lang='lat' dir='ltr'>eosdem</span> <span class='ocrx_word' id='word_1_341' title='bbox 1445 2028 1652 2066; x_wconf 88' lang='lat' dir='ltr'>Cometas</span> <span class='ocrx_word' id='word_1_342' title='bbox 1663 2027 1838 2071; x_wconf 69' lang='lat' dir='ltr'>habitae,</span> <span class='ocrx_word' id='word_1_343' title='bbox 1852 2028 1898 2064; x_wconf 91' lang='lat' dir='ltr'>in</span> <span class='ocrx_word' id='word_1_344' title='bbox 1911 2028 2002 2074; x_wconf 92' lang='lat' dir='ltr'>qui-</span> 
     </span>
     <span class='ocr_line' id='line_1_35' title="bbox 361 2079 2002 2128; baseline 0.001 -12"><span class='ocrx_word' id='word_1_345' title='bbox 361 2079 442 2116; x_wconf 89' lang='lat' dir='ltr'>bus</span> <span class='ocrx_word' id='word_1_346' title='bbox 462 2080 775 2117; x_wconf 89' lang='lat' dir='ltr'>Testimonium</span> <span class='ocrx_word' id='word_1_347' title='bbox 798 2081 899 2118; x_wconf 89' lang='lat' dir='ltr'>huic</span> <span class='ocrx_word' id='word_1_348' title='bbox 922 2083 984 2118; x_wconf 92' lang='lat' dir='ltr'>rei</span> <span class='ocrx_word' id='word_1_349' title='bbox 1004 2081 1160 2125; x_wconf 90' lang='lat' dir='ltr'>ferunt,</span> <span class='ocrx_word' id='word_1_350' title='bbox 1184 2081 1358 2128; x_wconf 85' lang='lat' dir='ltr'>praecise</span> <span class='ocrx_word' id='word_1_351' title='bbox 1379 2083 1484 2119; x_wconf 87' lang='lat' dir='ltr'>citra</span> <span class='ocrx_word' id='word_1_352' title='bbox 1505 2092 1683 2118; x_wconf 91' lang='lat' dir='ltr'>omnem</span> <span class='ocrx_word' id='word_1_353' title='bbox 1705 2081 2002 2118; x_wconf 89' lang='lat' dir='ltr'>deuiationem</span> 
     </span>
     <span class='ocr_line' id='line_1_36' title="bbox 362 2132 2002 2182; baseline 0.001 -13"><span class='ocrx_word' id='word_1_354' title='bbox 362 2132 636 2170; x_wconf 86' lang='lat' dir='ltr'>exhibuerint</span> <span class='ocrx_word' id='word_1_355' title='bbox 652 2133 691 2170; x_wconf 90' lang='lat' dir='ltr'>se</span> <span class='ocrx_word' id='word_1_356' title='bbox 708 2136 779 2175; x_wconf 86' lang='lat' dir='ltr'>ita.</span> <span class='ocrx_word' id='word_1_357' title='bbox 796 2140 924 2180; x_wconf 88' lang='lat' dir='ltr'>prout</span> <span class='ocrx_word' id='word_1_358' title='bbox 940 2140 1224 2178; x_wconf 90' lang='lat' dir='ltr'>annotarunt;</span> <span class='ocrx_word' id='word_1_359' title='bbox 1241 2134 1452 2182; x_wconf 81' lang='lat' dir='ltr'>siquidem</span> <span class='ocrx_word' id='word_1_360' title='bbox 1463 2133 1557 2172; x_wconf 90' lang='lat' dir='ltr'>fieri</span> <span class='ocrx_word' id='word_1_361' title='bbox 1568 2139 1747 2181; x_wconf 90' lang='lat' dir='ltr'>poterat,</span> <span class='ocrx_word' id='word_1_362' title='bbox 1764 2138 1808 2170; x_wconf 92' lang='lat' dir='ltr'>vt</span> <span class='ocrx_word' id='word_1_363' title='bbox 1822 2133 2002 2180; x_wconf 88' lang='lat' dir='ltr'>quidam</span> 
     </span>
     <span class='ocr_line' id='line_1_37' title="bbox 362 2186 2002 2233; baseline 0.001 -11"><span class='ocrx_word' id='word_1_364' title='bbox 362 2197 515 2223; x_wconf 89' lang='lat' dir='ltr'>eorum</span> <span class='ocrx_word' id='word_1_365' title='bbox 537 2186 834 2229; x_wconf 89' lang='lat' dir='ltr'>Cometarum‚</span> <span class='ocrx_word' id='word_1_366' title='bbox 857 2189 931 2233; x_wconf 87' lang='lat' dir='ltr'>qui</span> <span class='ocrx_word' id='word_1_367' title='bbox 953 2188 1006 2225; x_wconf 90' lang='lat' dir='ltr'>ab</span> <span class='ocrx_word' id='word_1_368' title='bbox 1028 2187 1111 2225; x_wconf 91' lang='lat' dir='ltr'>illis</span> <span class='ocrx_word' id='word_1_369' title='bbox 1133 2187 1347 2226; x_wconf 89' lang='lat' dir='ltr'>obseruati</span> <span class='ocrx_word' id='word_1_370' title='bbox 1367 2187 1475 2231; x_wconf 92' lang='lat' dir='ltr'>sunt,</span> <span class='ocrx_word' id='word_1_371' title='bbox 1497 2189 1629 2225; x_wconf 90' lang='lat' dir='ltr'>etiam</span> <span class='ocrx_word' id='word_1_372' title='bbox 1650 2186 1837 2224; x_wconf 88' lang='lat' dir='ltr'>caudam</span> <span class='ocrx_word' id='word_1_373' title='bbox 1856 2187 2002 2232; x_wconf 87' lang='lat' dir='ltr'>potius</span> 
     </span>
     <span class='ocr_line' id='line_1_38' title="bbox 361 2237 2001 2286; baseline 0.001 -11"><span class='ocrx_word' id='word_1_374' title='bbox 361 2237 550 2285; x_wconf 64' lang='lat' dir='ltr'>respectu</span> <span class='ocrx_word' id='word_1_375' title='bbox 566 2239 760 2281; x_wconf 80' lang='lat' dir='ltr'>Veneris,</span> <span class='ocrx_word' id='word_1_376' title='bbox 783 2252 916 2286; x_wconf 91' lang='lat' dir='ltr'>quam</span> <span class='ocrx_word' id='word_1_377' title='bbox 933 2240 1044 2278; x_wconf 87' lang='lat' dir='ltr'>Solis</span> <span class='ocrx_word' id='word_1_378' title='bbox 1061 2241 1308 2285; x_wconf 87' lang='lat' dir='ltr'>direxerint,</span> <span class='ocrx_word' id='word_1_379' title='bbox 1326 2252 1401 2278; x_wconf 89' lang='lat' dir='ltr'>eos</span> <span class='ocrx_word' id='word_1_380' title='bbox 1415 2246 1564 2278; x_wconf 91' lang='lat' dir='ltr'>tamen</span> <span class='ocrx_word' id='word_1_381' title='bbox 1579 2239 1694 2277; x_wconf 89' lang='lat' dir='ltr'>hanc</span> <span class='ocrx_word' id='word_1_382' title='bbox 1711 2239 2001 2277; x_wconf 85' lang='lat' dir='ltr'>differentiam</span> 
     </span>
     <span class='ocr_line' id='line_1_39' title="bbox 361 2291 1999 2338; baseline 0 -10"><span class='ocrx_word' id='word_1_383' title='bbox 361 2303 451 2328; x_wconf 92' lang='lat' dir='ltr'>non</span> <span class='ocrx_word' id='word_1_384' title='bbox 471 2291 569 2328; x_wconf 88' lang='lat' dir='ltr'>satis</span> <span class='ocrx_word' id='word_1_385' title='bbox 586 2292 790 2338; x_wconf 83' lang='lat' dir='ltr'>exquisite</span> <span class='ocrx_word' id='word_1_386' title='bbox 808 2293 1094 2337; x_wconf 86' lang='lat' dir='ltr'>confiderasse,</span> <span class='ocrx_word' id='word_1_387' title='bbox 1116 2299 1342 2331; x_wconf 92' lang='lat' dir='ltr'>contentos</span> <span class='ocrx_word' id='word_1_388' title='bbox 1358 2294 1501 2331; x_wconf 90' lang='lat' dir='ltr'>latiori</span> <span class='ocrx_word' id='word_1_389' title='bbox 1517 2293 1592 2331; x_wconf 92' lang='lat' dir='ltr'>illa</span> <span class='ocrx_word' id='word_1_390' title='bbox 1607 2291 1999 2334; x_wconf 80' lang='lat' dir='ltr'>animaduersione,</span> 
     </span>
     <span class='ocr_line' id='line_1_40' title="bbox 361 2344 1999 2394; baseline 0 -13"><span class='ocrx_word' id='word_1_391' title='bbox 361 2344 478 2391; x_wconf 90' lang='lat' dir='ltr'>quod</span> <span class='ocrx_word' id='word_1_392' title='bbox 495 2344 661 2382; x_wconf 90' lang='lat' dir='ltr'>oculari</span> <span class='ocrx_word' id='word_1_393' title='bbox 677 2346 847 2386; x_wconf 88' lang='lat' dir='ltr'>intuitu,</span> <span class='ocrx_word' id='word_1_394' title='bbox 865 2345 977 2383; x_wconf 92' lang='lat' dir='ltr'>Solis</span> <span class='ocrx_word' id='word_1_395' title='bbox 994 2346 1113 2393; x_wconf 82' lang='lat' dir='ltr'>quasi</span> <span class='ocrx_word' id='word_1_396' title='bbox 1129 2346 1344 2394; x_wconf 82' lang='lat' dir='ltr'>oppositas</span> <span class='ocrx_word' id='word_1_397' title='bbox 1360 2352 1503 2393; x_wconf 87' lang='lat' dir='ltr'>partes</span> <span class='ocrx_word' id='word_1_398' title='bbox 1519 2346 1659 2384; x_wconf 89' lang='lat' dir='ltr'>cauda</span> <span class='ocrx_word' id='word_1_399' title='bbox 1675 2345 1922 2392; x_wconf 91' lang='lat' dir='ltr'>respexerit;</span> <span class='ocrx_word' id='word_1_400' title='bbox 1939 2345 1999 2382; x_wconf 91' lang='lat' dir='ltr'>id-</span> 
     </span>
     <span class='ocr_line' id='line_1_41' title="bbox 360 2397 1998 2446; baseline 0 -12"><span class='ocrx_word' id='word_1_401' title='bbox 360 2409 444 2444; x_wconf 90' lang='lat' dir='ltr'>que</span> <span class='ocrx_word' id='word_1_402' title='bbox 463 2397 699 2444; x_wconf 82' lang='lat' dir='ltr'>praesertim</span> <span class='ocrx_word' id='word_1_403' title='bbox 719 2400 865 2435; x_wconf 89' lang='lat' dir='ltr'>minus</span> <span class='ocrx_word' id='word_1_404' title='bbox 886 2399 1065 2436; x_wconf 90' lang='lat' dir='ltr'>discerni</span> <span class='ocrx_word' id='word_1_405' title='bbox 1085 2405 1264 2446; x_wconf 90' lang='lat' dir='ltr'>poterat,</span> <span class='ocrx_word' id='word_1_406' title='bbox 1286 2399 1416 2437; x_wconf 87' lang='lat' dir='ltr'>ficubi</span> <span class='ocrx_word' id='word_1_407' title='bbox 1432 2399 1614 2437; x_wconf 90' lang='lat' dir='ltr'>Veneris</span> <span class='ocrx_word' id='word_1_408' title='bbox 1635 2398 1768 2436; x_wconf 87' lang='lat' dir='ltr'>Stella</span> <span class='ocrx_word' id='word_1_409' title='bbox 1783 2397 1873 2436; x_wconf 94' lang='lat' dir='ltr'>Soli</span> <span class='ocrx_word' id='word_1_410' title='bbox 1893 2403 1998 2434; x_wconf 91' lang='lat' dir='ltr'>tem—</span> 
     </span>
     <span class='ocr_line' id='line_1_42' title="bbox 360 2450 1998 2498; baseline 0.001 -11"><span class='ocrx_word' id='word_1_411' title='bbox 360 2462 464 2497; x_wconf 90' lang='lat' dir='ltr'>pore</span> <span class='ocrx_word' id='word_1_412' title='bbox 489 2453 774 2498; x_wconf 88' lang='lat' dir='ltr'>apparitionis</span> <span class='ocrx_word' id='word_1_413' title='bbox 800 2452 1009 2495; x_wconf 83' lang='lat' dir='ltr'>Cometae‚</span> <span class='ocrx_word' id='word_1_414' title='bbox 1036 2454 1219 2490; x_wconf 87' lang='lat' dir='ltr'>vicinior</span> <span class='ocrx_word' id='word_1_415' title='bbox 1242 2452 1333 2490; x_wconf 85' lang='lat' dir='ltr'>fuit.</span> <span class='ocrx_word' id='word_1_416' title='bbox 1363 2453 1413 2490; x_wconf 90' lang='lat' dir='ltr'>Et</span> <span class='ocrx_word' id='word_1_417' title='bbox 1438 2452 1539 2490; x_wconf 92' lang='lat' dir='ltr'>huic</span> <span class='ocrx_word' id='word_1_418' title='bbox 1565 2452 1823 2489; x_wconf 90' lang='lat' dir='ltr'>dubitationi</span> <span class='ocrx_word' id='word_1_419' title='bbox 1849 2450 1998 2488; x_wconf 85' lang='lat' dir='ltr'>ansam</span> 
     </span>
     <span class='ocr_line' id='line_1_43' title="bbox 359 2503 1998 2551; baseline 0 -10"><span class='ocrx_word' id='word_1_420' title='bbox 359 2503 521 2550; x_wconf 83' lang='lat' dir='ltr'>praebet</span> <span class='ocrx_word' id='word_1_421' title='bbox 542 2515 631 2541; x_wconf 92' lang='lat' dir='ltr'>non</span> <span class='ocrx_word' id='word_1_422' title='bbox 653 2503 809 2542; x_wconf 86' lang='lat' dir='ltr'>leuem.</span> <span class='ocrx_word' id='word_1_423' title='bbox 832 2505 949 2551; x_wconf 88' lang='lat' dir='ltr'>quod</span> <span class='ocrx_word' id='word_1_424' title='bbox 967 2505 1198 2543; x_wconf 75' lang='lat' dir='ltr'>GEMMA</span> <span class='ocrx_word' id='word_1_425' title='bbox 1215 2505 1427 2544; x_wconf 85' lang='lat' dir='ltr'>FRISIVS</span> <span class='ocrx_word' id='word_1_426' title='bbox 1445 2507 1490 2542; x_wconf 91' lang='lat' dir='ltr'>in</span> <span class='ocrx_word' id='word_1_427' title='bbox 1506 2504 1750 2542; x_wconf 84' lang='lat' dir='ltr'>Astrolabio</span> <span class='ocrx_word' id='word_1_428' title='bbox 1767 2503 1998 2542; x_wconf 88' lang='lat' dir='ltr'>Catholico</span> 
     </span>
    </p>

    <p class='ocr_par' dir='ltr' id='par_1_5' title="bbox 1906 2556 1997 2603">
     <span class='ocr_line' id='line_1_44' title="bbox 1906 2556 1997 2603; baseline 0 -10"><span class='ocrx_word' id='word_1_429' title='bbox 1906 2556 1997 2603; x_wconf 86' lang='lat' dir='ltr'>(qui</span> 
     </span>
    </p>
   </div>
   <div class='ocr_carea' id='block_1_3' title="bbox 2054 816 2084 841">
    <p class='ocr_par' dir='ltr' id='par_1_6' title="bbox 2054 816 2084 841">
     <span class='ocr_line' id='line_1_45' title="bbox 2054 816 2084 841; baseline 0 0"><span class='ocrx_word' id='word_1_430' title='bbox 2054 816 2084 841; x_wconf 87' lang='grc'>10</span> 
     </span>
    </p>
   </div>
   <div class='ocr_carea' id='block_1_4' title="bbox 2053 1082 2083 1107">
    <p class='ocr_par' dir='ltr' id='par_1_7' title="bbox 2053 1082 2083 1107">
     <span class='ocr_line' id='line_1_46' title="bbox 2053 1082 2083 1107; baseline 0.033 -1"><span class='ocrx_word' id='word_1_431' title='bbox 2053 1082 2083 1107; x_wconf 84' lang='grc'>15</span> 
     </span>
    </p>
   </div>
   <div class='ocr_carea' id='block_1_5' title="bbox 2038 1342 2100 1373">
    <p class='ocr_par' dir='ltr' id='par_1_8' title="bbox 2038 1342 2100 1373">
     <span class='ocr_line' id='line_1_47' title="bbox 2038 1342 2100 1373; baseline 0.016 -1"><span class='ocrx_word' id='word_1_432' title='bbox 2038 1342 2100 1373; x_wconf 88' lang='grc'>179</span> 
     </span>
    </p>
   </div>
   <div class='ocr_carea' id='block_1_6' title="bbox 2045 1613 2078 1638">
    <p class='ocr_par' dir='ltr' id='par_1_9' title="bbox 2045 1613 2078 1638">
     <span class='ocr_line' id='line_1_48' title="bbox 2045 1613 2078 1638; baseline 0 0"><span class='ocrx_word' id='word_1_433' title='bbox 2045 1613 2078 1638; x_wconf 86' lang='grc'>25</span> 
     </span>
    </p>
   </div>
   <div class='ocr_carea' id='block_1_7' title="bbox 2042 1878 2076 1904">
    <p class='ocr_par' dir='ltr' id='par_1_10' title="bbox 2042 1878 2076 1904">
     <span class='ocr_line' id='line_1_49' title="bbox 2042 1878 2076 1904; baseline -0.029 0"><span class='ocrx_word' id='word_1_434' title='bbox 2042 1878 2076 1904; x_wconf 90' lang='grc'>30</span> 
     </span>
    </p>
   </div>
   <div class='ocr_carea' id='block_1_8' title="bbox 2039 2143 2072 2169">
    <p class='ocr_par' dir='ltr' id='par_1_11' title="bbox 2039 2143 2072 2169">
     <span class='ocr_line' id='line_1_50' title="bbox 2039 2143 2072 2169; baseline 0 0"><span class='ocrx_word' id='word_1_435' title='bbox 2039 2143 2072 2169; x_wconf 86' lang='grc'>35</span> 
     </span>
    </p>
   </div>
   <div class='ocr_carea' id='block_1_9' title="bbox 2037 2408 2070 2433">
    <p class='ocr_par' dir='ltr' id='par_1_12' title="bbox 2037 2408 2070 2433">
     <span class='ocr_line' id='line_1_51' title="bbox 2037 2408 2070 2433; baseline 0 0"><span class='ocrx_word' id='word_1_436' title='bbox 2037 2408 2070 2433; x_wconf 83' lang='grc'>40</span> 
     </span>
    </p>
   </div>
  </div>
 </body>
</html>
