2209 3213
369 230 437 268 170
671 227 753 264 DE
775 225 1000 264 MUNDI
1021 224 1184 262 AETH.
1207 222 1473 261 RECENT.
1495 223 1705 261 PHAEN.

367 340 434 371 tus
450 334 531 370 AB
549 333 603 370 est
619 332 784 378 semper
800 336 906 377 part.
923 331 1012 374 360,
1029 329 1228 377 qualium
1245 328 1328 366 BD
1345 328 1478 372 10000,
1496 329 1642 367 euadit
1658 330 1748 367 AD
1766 330 2006 368 earundem

366 392 471 433 part.
485 386 599 429 9692,
613 385 650 422 &
662 384 863 431 Angulus
874 384 914 420 A
923 383 965 420 D
974 384 1007 421 B
1019 388 1126 430 part.
1138 383 1164 420 1.
1174 382 1372 419 minut.5.
1386 381 1558 419 Deinde
1570 384 1615 420 in
1626 382 1865 431 Triangulo
1878 383 2007 420 DAK

365 439 523 476 constat
533 437 733 484 Angulus
743 437 871 474 ADK
883 436 965 474 hac
976 438 1159 474 ratione.
1172 435 1290 481 Quia
1301 434 1538 472 secundum
1550 436 1850 474 assumtionem
1861 441 2006 474 motus

365 492 561 529 Cometae
578 493 622 527 in
637 490 711 527 suo
725 489 853 534 Orbe,
871 491 1074 527 circuitus
1085 501 1112 526 a
1123 488 1302 535 simplici
1314 487 1426 525 Solis
1438 487 1525 526 fiue
1537 488 1730 536 Perigaeo
1741 489 1888 527 medio
1901 489 2006 527 eius-

364 545 462 581 dem
480 544 620 587 Orbis,
642 547 910 585 numeratus,
933 542 988 579 est
1004 542 1046 580 P.
1063 542 1125 580 96.
1143 541 1207 578 M.
1225 541 1278 585 14,
1295 546 1424 588 prout
1440 539 1611 579 Tabula
1626 541 1771 589 postea
1786 542 2005 586 indicabit,
2044 555 2059 580 5

363 598 488 634 datur
500 597 601 634 hinc
611 595 812 643 Angulus
824 595 912 632 KD
921 595 968 639 B,
982 597 1051 632 cui
1062 595 1091 632 fi
1103 594 1288 632 addatur
1296 593 1499 641 Angulus
1508 594 1598 632 AD
1607 595 1640 632 B
1652 595 1786 632 modo
1797 600 2005 642 repertus,

362 650 575 687 conflatur
592 651 626 686 is
643 660 775 695 quem
792 650 1031 695 quaerimus
1048 648 1194 691 KDA,
1211 647 1253 685 P.
1268 647 1331 685 97.
1349 647 1412 684 M.
1430 647 1483 691 19,
1501 649 1625 685 cuius
1640 647 1745 685 bina
1760 648 2006 686 adiacentia

361 704 516 740 Latera
537 708 641 739 nota
660 702 767 745 sunt,
790 701 880 738 AD
896 701 1000 739 9692
1016 713 1107 739 una
1122 703 1168 738 in
1184 702 1318 748 priori
1334 699 1574 747 Triangulo
1590 702 1834 745 inuentum,
1857 701 1895 739 &
1916 701 2005 739 DK

360 756 689 793 Semidiameter
702 754 830 792 Orbis
843 754 1040 792 Cometae
1052 754 1173 797 8405;
1190 754 1378 800 ideoque
1394 755 1569 791 tertium
1581 754 1714 791 Latus
1728 766 1819 792 non
1834 756 2003 802 ignora-

360 809 472 846 bitur
488 808 575 845 AK
595 808 718 851 13612‚
740 807 1025 854 respondente
1046 806 1148 845 huic
1170 806 1368 844 distantia
1384 806 1583 844 Cometae
1599 809 1645 844 in
1661 807 2003 845 Semidiametris
2044 821 2075 846 ιο

359 862 505 899 Terrae
522 861 629 904 1554,
647 860 860 907 simulque
877 860 1101 898 innotescit
1116 860 1319 907 Angulus
1336 859 1422 897 DA
1430 860 1481 904 K,
1499 860 1541 897 P.
1559 860 1621 898 37.
1639 860 1702 898 M.
1719 861 1782 904 46,
1800 863 1869 898 cui
1885 861 1914 898 fi
1930 861 2002 899 ad-

359 915 484 952 datur
500 914 701 961 Angulus
718 914 844 951 DAL
861 914 1045 960 aequalis
1061 913 1194 951 ADB
1211 918 1342 951 antea
1359 915 1556 957 inuento,
1577 913 1873 951 manifestatur
1888 919 2003 952 totus

358 968 558 1015 Angulus
580 967 720 1009 KAL‚
743 967 784 1005 P.
806 966 869 1004 38.
892 967 954 1004 Μ.
976 967 1030 1011 51,
1053 968 1127 1014 qui
1151 966 1428 1013 repraesentat
1449 966 1693 1004 distantiam
1710 967 1907 1005 Cometae
1929 979 2002 1014 ap-

357 1026 582 1067 parentem
603 1032 629 1058 a
650 1020 827 1067 simplici
844 1020 957 1058 Solis
978 1022 1022 1057 in
1043 1019 1132 1067 ipso
1150 1019 1328 1057 Circulo
1346 1019 1557 1063 Cometae,
1580 1019 1617 1056 8(
1638 1022 1937 1067 aequiparatur
1957 1023 2002 1057 in

356 1076 525 1111 minore
542 1074 819 1120 Figuratione
841 1072 1145 1111 habitudinem
1165 1074 1349 1110 tramitis
1367 1072 1565 1110 Cometae
1584 1073 1639 1110 ad
1656 1073 1909 1120 Eclipticam
1931 1085 2001 1111 ex-
2043 1087 2073 1111 15

357 1126 544 1171 hibente,
562 1138 650 1173 qua
666 1128 786 1173 prius
803 1125 864 1164 ufi
880 1126 1039 1170 sumus,
1057 1127 1192 1164 Arcui
1211 1125 1324 1164 GM.
1341 1121 1356 1175 ΙΙ

409 1180 557 1225 Quare
575 1191 675 1217 cum
691 1182 736 1216 in
753 1191 805 1217 ea
820 1181 939 1226 prius
956 1179 1090 1227 pofita
1105 1181 1276 1216 minore
1293 1179 1462 1226 Figura,
1481 1178 1581 1216 GM
1604 1178 1667 1225 (ut
1682 1179 1816 1217 modo
1832 1179 1937 1226 dixi)
1954 1179 2000 1217 fit
2024 1187 2089 1218 200

359 1238 465 1279 part.
483 1233 544 1271 38.
562 1234 664 1270 min.
682 1233 736 1276 51,
753 1233 791 1270 &
806 1232 894 1270 AG
910 1234 955 1270 in
972 1233 1126 1271 eadem
1142 1232 1271 1279 supra
1286 1234 1523 1269 innotuerit
1539 1232 1582 1269 P.
1599 1232 1661 1270 47.
1679 1232 1742 1270 M.
1758 1232 1822 1277 32,
1843 1232 1873 1269 fi
1888 1235 1999 1270 inui-

360 1297 453 1323 cem
474 1286 690 1323 addantur
710 1285 755 1322 hi
776 1286 864 1323 duo
885 1286 1038 1330 Arcus,
1063 1287 1340 1333 componitur
1359 1291 1474 1322 totus
1494 1284 1606 1329 AM,
1630 1287 1705 1332 qui
1724 1290 1894 1323 motum
1915 1286 1999 1324 Co-

358 1344 485 1376 metae
509 1341 553 1376 in
576 1339 651 1376 suo
674 1341 850 1386 proprio
873 1341 1043 1377 tramite
1064 1339 1118 1377 ab
1140 1336 1442 1376 Intersec'tione
1463 1350 1563 1376 cum
1584 1338 1791 1385 Ecliptica
1814 1339 1998 1383 exhibet,
2037 1352 2070 1377 20

357 1392 399 1429 P.
417 1392 478 1429 86.
497 1392 558 1429 Μ.
576 1392 638 1430 23.
660 1392 779 1429 Huic
800 1393 852 1429 de
874 1392 1081 1439 Ecliptica
1101 1392 1328 1439 respondet
1343 1392 1485 1429 Arcus
1501 1391 1598 1437 AQ‚
1619 1391 1662 1429 P.
1679 1391 1742 1430 85.
1759 1392 1822 1429 M.
1839 1392 1902 1436 52,
1924 1394 1999 1439 qui

356 1444 385 1481 fi
406 1445 590 1482 addatur
611 1445 665 1482 ad
686 1446 727 1482 A
747 1445 894 1483 locum
915 1444 1228 1484 Intersec'tionis
1248 1447 1293 1482 in
1313 1449 1420 1492 part.
1441 1444 1504 1482 20.
1525 1447 1630 1482 min.
1646 1445 1697 1483 55
1719 1449 1775 1489 β,
1797 1445 1999 1492 patefacit

357 1497 692 1545 Longitudinem
709 1498 906 1536 Cometae
926 1510 1014 1545 quo
1033 1499 1088 1536 ad
1105 1498 1358 1546 Eclipticam
1375 1497 1415 1544 Q
1431 1499 1477 1535 in
1492 1502 1599 1545 part.
1617 1498 1670 1535 16.
1687 1500 1792 1536 min.
1809 1499 1860 1536 47
1882 1500 1938 1542 )(,
1960 1498 1998 1536 8(

356 1562 431 1597 per
447 1552 613 1588 Arcum
629 1551 728 1597 MQ
744 1552 871 1589 datur
886 1552 1088 1590 Latitudo
1105 1551 1296 1589 eiusdem
1312 1556 1419 1598 part.
1436 1551 1499 1588 29.
1516 1553 1621 1588 min.
1638 1551 1683 1595 11,
1705 1563 1805 1598 quae
1826 1552 1914 1589 duo
1935 1554 1996 1589 in-

355 1604 603 1651 uestiganda
620 1610 754 1642 erant.
772 1605 887 1642 Licet
904 1616 1011 1643 uero
1023 1605 1269 1652 Longitudo
1283 1616 1360 1651 per
1371 1603 1646 1652 Hypothefin
1662 1610 1832 1651 reperta
1847 1605 1871 1642 9
1887 1604 1996 1643 scru—
2035 1618 2068 1643 25

354 1657 467 1704 pulis
483 1659 627 1695 minor
643 1657 688 1695 fit
705 1669 757 1695 ea
773 1669 907 1705 quam
924 1658 1181 1704 Ephemeris
1197 1660 1243 1695 in
1259 1657 1347 1695 fine
1364 1657 1531 1704 Capitis
1544 1657 1697 1703 Quinti
1714 1669 1767 1695 ex
1784 1657 1996 1696 Obserua-

354 1711 543 1748 tionibus
564 1710 748 1754 diducta,
771 1710 984 1749 exhibuit:
1006 1717 1154 1749 tamen
1174 1710 1271 1749 haec
1290 1710 1511 1748 minutula
1526 1710 1810 1758 discrepantia
1826 1722 1918 1749 non
1933 1722 1996 1748 re—

354 1764 549 1810 putanda
570 1766 701 1801 uenit.
724 1764 881 1811 Neque
903 1767 1021 1802 enim
1038 1767 1151 1802 circa
1166 1764 1444 1802 medietatem
1461 1764 1653 1811 Ianuarij
1672 1763 1783 1802 adeo
1800 1763 1997 1803 exatstam

356 1816 717 1854 Obseruationem
729 1819 774 1854 in
787 1817 985 1861 Cometa,
998 1818 1052 1856 ob
1065 1820 1250 1856 nimiam
1262 1819 1355 1855 eius
1367 1818 1635 1861 tenuitatem,
1649 1817 1875 1864 Lunaeque
1886 1829 1995 1864 prae-

354 1869 546 1913 sentiam,
564 1870 758 1907 obtinere
774 1870 905 1913 licuit,
923 1873 1030 1917 quin
1046 1872 1091 1908 in
1107 1871 1224 1909 sexta
1239 1875 1360 1918 parte
1377 1872 1509 1908 unius
1524 1870 1683 1917 gradus
1699 1870 1891 1908 deuiatio
1906 1882 1997 1908 non
2034 1883 2068 1908 30

354 1922 593 1959 admodum
609 1923 812 1960 senfibilis
829 1924 1037 1971 obrepere
1057 1926 1256 1971 potuerit.
1278 1923 1481 1961 Latitudo
1502 1929 1650 1960 autem
1671 1923 1901 1970 utrobique
1922 1935 1995 1971 ap-

353 1977 490 2021 prime
508 1975 726 2019 consentit,
744 1976 987 2014 differentia
1003 1977 1151 2015 saltem
1168 1979 1300 2014 unius
1316 1978 1474 2014 minuti
1491 1976 1718 2014 incidente.
1737 1973 1752 2026 ΙΙ

407 2028 694 2074 Exposuimus
711 2027 922 2067 hacienus
938 2031 1072 2068 tribus
1089 2030 1300 2077 exemplis
1312 2030 1367 2067 ad
1379 2031 1461 2067 tria
1473 2029 1642 2067 diuersa
1656 2034 1866 2076 tempora,
1878 2029 1994 2067 vide·
2019 2036 2079 2068 201

353 2080 449 2118 licet
464 2092 599 2128 prope
616 2083 800 2125 initium,
818 2083 1024 2127 medium,
1042 2083 1080 2120 8(
1096 2083 1231 2121 finem
1242 2084 1544 2130 Apparitionis
1557 2082 1755 2120 Cometae
1772 2083 1994 2127 ordinatis,

353 2134 777 2180 correspondentiam
789 2135 1053 2183 Hypothefis
1065 2136 1219 2174 nostrae
1231 2147 1331 2173 cum
1343 2136 1449 2173 locis
1461 2135 1631 2173 coelitus
1644 2135 1905 2173 Obseruatis.
1919 2137 1993 2173 At·
2033 2149 2065 2174 35

353 2198 437 2232 que
461 2187 543 2224 hac
565 2187 779 2225 Methodo
803 2189 857 2225 ad
881 2188 1068 2236 singulos
1092 2190 1182 2227 dies
1204 2201 1281 2236 per
1301 2193 1437 2226 totam
1460 2190 1554 2226 eius
1577 2188 1866 2233 durationem,
1888 2200 1914 2226 a
1934 2188 1996 2226 IX

354 2239 622 2277 Nouembris
645 2240 775 2287 vsque
799 2243 844 2278 in
866 2241 1011 2279 XXVI
1035 2242 1241 2290 Ianuarij‚
1267 2241 1486 2279 calculum
1508 2240 1712 2278 Theoriae
1737 2241 1995 2289 praescriptae

354 2294 555 2330 innixum
579 2293 874 2337 subduximus,
898 2300 941 2331 vt
964 2295 1155 2333 constare
1179 2295 1308 2342 possit,
1335 2306 1423 2341 quo
1445 2294 1579 2331 modo
1602 2296 1637 2331 is
1661 2306 1760 2331 cum
1784 2306 1836 2332 eo
1858 2300 1993 2337 motu,

405 2357 537 2391 quem
554 2357 605 2382 ex
619 2346 1007 2385 Obseruationibus
1021 2350 1066 2385 in
1081 2348 1370 2395 Ephemeride
1383 2347 1528 2394 Capiti
1540 2346 1706 2392 Quinto
1722 2347 1940 2385 subiunxi-

456 2410 565 2441 mus,
588 2399 835 2437 consentiat.
857 2400 1108 2448 Omniaque
1124 2401 1211 2439 huc
1226 2400 1431 2438 facientia
1446 2402 1492 2437 in
1507 2399 1725 2437 Tabulam
1742 2400 1885 2438 debito
2030 2415 2063 2439 40

572 2452 723 2489 ordine
741 2453 1031 2499 congessimus,
1049 2466 1183 2500 quam
1199 2454 1255 2491 ad
1270 2453 1406 2491 finem
1422 2455 1527 2496 eius,
1545 2453 1663 2499 quod
1679 2455 1768 2491 iarn

813 2505 1024 2552 sequetur,
1042 2507 1220 2554 Capitis,
1237 2517 1524 2554 apponemus.

1796 2560 1989 2598 CAPVT
