2209 3213
96 808 125 832 10

95 1073 124 1097 15

92 1338 125 1363 20

92 1603 124 1628 25

92 1869 125 1894 30

92 2134 124 2159 35

92 2400 125 2424 40

415 210 506 248 AD
528 208 839 248 CRAIGUM
861 208 1134 248 SCOTUM
1157 209 1240 248 DE
1262 209 1552 249 COMETIS
1728 209 1805 247 423

163 316 394 365 ceptibiles,
416 327 513 364 qvae
534 321 683 354 tamen
703 316 845 354 nostra
864 316 1146 354 instrumenta
1162 328 1254 354 non
1269 316 1595 364 supterfugiunt,
1617 316 1727 354 nihil
1743 316 1803 354 di-

163 369 276 417 cam)
292 369 544 408 nullatenus
561 371 679 407 enim
696 369 791 407 fieri
807 369 951 417 potest,
968 376 1014 407 ut
1027 381 1184 417 corpus
1195 370 1373 417 aliqvod
1385 369 1575 407 evidenti
1586 369 1805 407 Parallaxi

162 424 404 461 obnoxium
427 421 518 469 [fit]‚
540 422 568 459 fi
589 424 633 459 in
655 422 883 460 altitudine
904 424 1094 469 partium
1110 423 1172 461 35.
1190 423 1252 460 30.
1270 423 1333 461 25.
1350 423 1412 460 20.
1431 423 1483 460 15.
1501 422 1554 460 10.
1572 423 1608 460 5.
1631 428 1706 460 aut
1725 425 1802 460 cir-

162 479 264 514 citer
282 475 449 513 diverso
469 480 665 522 tempore
686 475 978 513 instrumentis
999 477 1248 523 accipiatur,
1272 481 1312 513 et
1333 476 1623 513 nihilominus
1644 476 1804 523 ubiqve

161 529 235 567 sub
252 529 408 567 eodem
424 528 601 566 translre
618 528 780 566 circulo
796 530 992 566 maximo
1010 528 1374 576 deprehendatur,
1392 529 1507 576 qvod
1518 528 1666 566 Terrae
1682 529 1804 567 serni-

162 583 372 621 diameter
388 582 443 619 ad
460 583 554 629 ejus
570 581 815 619 distantiam
831 581 1071 619 sensibilem
1088 582 1284 619 obtinere
1301 583 1417 629 possit
1435 583 1731 629 qvantitatem.
1755 582 1805 620 Et

161 647 238 683 per
259 635 527 682 conseqvens
549 634 619 672 vel
642 634 766 672 nulla
786 634 856 672 vel
878 636 1064 672 minima
1088 637 1166 672 erit
1188 635 1441 678 Parallaxis,
1468 635 1653 682 ideoqve
1676 635 1804 683 longe

161 688 287 736 supra
304 689 477 726 Lunam
495 688 725 725 necessario
743 687 849 725 illud
862 687 1196 725 Phaenomenon
1213 689 1532 726 removendum
1549 690 1678 726 venit.
1697 688 1805 734 Qvis

162 741 488 779 Mathematum
504 745 544 778 et
561 740 944 779 Geometricarum
961 740 1282 778 dimensionum
1303 742 1466 788 peritus
1482 741 1577 778 haec
1594 743 1656 778 ire
1672 741 1804 788 potest

161 793 356 832 inficias?

213 847 257 885 Si
278 853 324 885 tu
345 847 489 885 adhuc
510 846 693 891 haefitas‚
715 846 782 884 fac
804 846 953 884 saltem
970 848 1015 884 in
1031 847 1121 894 ipsa
1137 847 1264 885 Luna
1282 847 1527 894 periculum
1544 846 1582 884 &
1597 847 1727 894 ipfius
1743 847 1803 885 lo-

161 912 260 938 cum
276 902 458 947 inqvire‚
476 911 576 937 cum
593 902 639 937 in
654 911 816 947 magna
832 899 980 947 aliqva
996 900 1225 938 altitudine
1242 900 1308 943 est,
1330 911 1465 947 prope
1483 900 1803 943 Meridianum;

160 954 276 992 idem
296 953 363 991 fac
385 953 614 1000 aliqvoties
631 955 676 990 in
692 952 868 991 diverfis
884 953 1216 995 elevationibus,
1239 953 1378 990 donec
1394 953 1449 991 ad
1466 953 1667 991 occasum
1685 954 1804 991 incli-

160 1013 248 1045 net:
275 1009 422 1054 utiqve
444 1008 692 1054 experieris,
717 1006 866 1044 habita
886 1012 1032 1044 motus
1052 1008 1214 1054 proprij
1238 1006 1412 1053 fingulis
1432 1006 1805 1044 observationibus

161 1059 376 1107 interlapfi
397 1060 540 1097 debita
561 1061 744 1103 ratione,
767 1070 865 1096 eam
887 1058 963 1097 suo
984 1061 1138 1097 itinere
1159 1070 1251 1097 non
1267 1059 1514 1107 descripfisse
1531 1059 1743 1097 circulum
1759 1062 1804 1097 in

159 1113 328 1160 sphaera
338 1114 584 1151 maximum
594 1112 766 1150 duobus
776 1112 888 1159 polis
898 1114 1099 1160 utrinqve
1110 1112 1432 1156 intermedium,
1445 1112 1662 1150 Parallaxi
1675 1113 1805 1160 ipsius

160 1166 523 1204 exorbitationem
534 1165 632 1203 satis
645 1165 905 1210 evidentem,
923 1177 1020 1213 qvae
1035 1164 1225 1213 respectu
1242 1167 1376 1203 centri
1392 1165 1516 1203 nulla
1533 1165 1600 1209 est,
1618 1166 1743 1203 nobis
1760 1168 1805 1203 in

159 1219 383 1267 superficie
407 1219 574 1257 telluris
598 1218 870 1256 versantibus
894 1218 1153 1257 insinuante.
1184 1218 1229 1257 Si
1254 1218 1537 1256 instrumenta
1563 1219 1724 1256 idonea
1749 1219 1805 1256 ad

159 1284 318 1311 manus
339 1272 414 1310 tibi
436 1273 573 1316 essent,
595 1274 744 1319 utiqve
765 1283 857 1309 non
877 1271 1052 1310 difficile
1074 1272 1195 1316 foret,
1217 1274 1262 1309 in
1283 1271 1373 1319 ipsa
1389 1273 1443 1317 ((3
1464 1271 1597 1309 huius
1615 1273 1677 1310 rei
1695 1274 1804 1319 peri-

161 1325 309 1364 culum
328 1325 483 1370 facere,
507 1324 744 1373 praesertim
765 1325 942 1372 qvando
964 1325 1168 1363 Borealia
1191 1325 1308 1372 figna
1330 1324 1565 1372 pertransit,
1590 1325 1805 1372 altiusqve

160 1381 273 1417 circa
288 1379 592 1417 Meridianum
608 1378 834 1422 attollitur;
856 1380 946 1416 imo
968 1378 1051 1416 hoc
1070 1378 1210 1426 ipsum
1227 1380 1333 1416 citra
1349 1389 1528 1416 omnem
1545 1377 1804 1416 observatio-

160 1443 273 1477 nem,
290 1432 360 1470 vel
375 1432 466 1470 sola
481 1433 592 1470 ratio
605 1431 889 1470 Geometrica
904 1430 1077 1475 dictitat,
1095 1432 1197 1469 data
1213 1434 1334 1479 prius
1346 1433 1407 1476 (ζδε
1420 1443 1446 1469 a
1457 1433 1580 1469 terris
1595 1431 1804 1469 distantia.

160 1485 204 1524 Si
219 1487 346 1533 igitur
362 1485 473 1523 nihil
490 1484 758 1533 ejuscemodi
774 1486 820 1522 in
837 1483 968 1523 ductu
984 1485 1117 1533 hujus
1130 1485 1329 1523 Cometae
1345 1489 1546 1522 accurate
1563 1496 1639 1532 per
1652 1484 1804 1522 Instru—

160 1544 308 1577 menta
323 1538 570 1576 infallibilia
587 1540 681 1586 ejus
698 1540 978 1585 apparentias
994 1538 1278 1586 perscrutanti
1293 1537 1647 1576 animadversum
1670 1537 1737 1581 est,
1759 1542 1806 1575 ut

160 1591 358 1630 videlicet
379 1591 629 1630 Parallaxes
653 1593 747 1639 ejus
771 1593 816 1628 in
838 1590 1011 1629 sublimi
1032 1591 1070 1629 &
1090 1591 1314 1629 decliviori
1337 1590 1415 1628 fitu
1438 1592 1631 1635 variatae,
1655 1590 1805 1628 habito

161 1647 291 1683 etiam
307 1650 453 1683 motus
468 1646 630 1693 proprij
652 1642 856 1692 respectu,
879 1656 982 1682 eum
1002 1645 1056 1683 ab
1078 1656 1184 1683 arcu
1201 1644 1366 1682 Circuli
1382 1645 1577 1687 maximi,
1599 1646 1645 1681 in
1664 1643 1803 1681 ullam

160 1703 327 1745 partem
343 1697 591 1736 sensibiliter
607 1698 872 1742 detorserint,
890 1698 1005 1745 qvod
1017 1703 1166 1736 tamen
1177 1698 1248 1735 vel
1260 1699 1306 1735 in
1318 1697 1408 1745 ipsa
1419 1697 1546 1735 Luna
1557 1696 1652 1734 fieri
1664 1698 1802 1734 anim-

114 1764 128 1777 ν
161 1751 439 1795 advertimus,
457 1748 471 1802 ΙΙ
488 1756 583 1789 utut
599 1751 674 1789 illa
690 1749 882 1798 respectu
899 1753 1033 1789 centri
1050 1750 1237 1789 universi
1254 1750 1466 1788 circulum
1482 1752 1528 1787 in
1544 1749 1714 1797 sphaera
1733 1761 1802 1787 ex-

161 1804 306 1852 qvis1te
326 1806 573 1843 maximum
593 1804 817 1842 describat:
839 1804 941 1842 sane
962 1816 1053 1842 non
1070 1804 1218 1842 saltem
1237 1803 1474 1851 probabile,
1495 1803 1566 1841 sed
1582 1805 1714 1841 etiam
1730 1814 1803 1841 ne-

161 1858 381 1896 cessarium
391 1858 535 1896 evadit
545 1858 778 1896 Cometam
788 1858 906 1895 hunc
916 1858 1044 1905 longe
1055 1869 1081 1895 a
1090 1860 1213 1895 terris
1223 1857 1312 1904 ipsa
1320 1859 1372 1903 ((8
1383 1858 1665 1894 remotiorem
1674 1856 1802 1899 fuisse‚

160 1916 206 1949 ut
226 1923 316 1949 non
337 1923 448 1959 opus
468 1911 526 1955 fit,
548 1911 682 1949 ullius
703 1911 1015 1949 authoritatem
1036 1913 1082 1948 in
1103 1910 1185 1948 hac
1201 1909 1412 1948 Maxima
1432 1909 1684 1948 stabilienda
1703 1921 1803 1947 con-

160 1976 328 2003 vocare.
346 1964 414 2003 Sic
430 1976 526 2013 pag.
543 1965 621 2003 372
638 1970 678 2002 et
694 1964 783 2008 373,
801 1964 875 2002 ubi
892 1964 944 2002 de
961 1963 1247 2002 SCULTETI
1264 1963 1432 2011 placitis
1449 1974 1544 2011 ago,
1561 1974 1614 2000 ex
1631 1974 1684 2000 eo
1700 1962 1802 2010 ipso,

161 2018 275 2064 qvod
291 2017 524 2056 Cometam
541 2017 753 2056 circulum
769 2020 814 2055 in
830 2017 1001 2065 sphaera
1018 2019 1264 2055 maximum
1285 2016 1511 2064 defignasse
1532 2016 1742 2059 concedit,
1764 2021 1804 2053 et

159 2075 307 2108 tamen
321 2071 602 2109 sublunarem
623 2071 752 2115 fuisse,
774 2070 1110 2117 Parallaxinqve
1132 2071 1347 2118 majorem
1363 2071 1387 2108 5
1403 2069 1599 2117 partibus
1615 2069 1804 2107 habuisse

160 2123 355 2169 admittit,
372 2124 446 2162 fibi
462 2124 538 2172 ipfi
554 2126 774 2162 contraria
790 2124 977 2162 astruere
994 2124 1144 2170 probo,
1161 2123 1369 2170 fiqvidem
1385 2123 1459 2160 ista
1473 2122 1598 2160 fimul
1612 2122 1803 2160 constare

160 2182 389 2224 neqveant,
407 2177 780 2225 qvemadmodum
793 2179 922 2214 citato
934 2177 1044 2220 loco,
1062 2177 1177 2223 qvod
1189 2178 1330 2223 major
1341 2178 1508 2223 integro
1520 2175 1658 2223 gradu
1670 2175 1803 2218 fieret,

160 2231 205 2267 in
225 2236 463 2278 apparente
483 2231 561 2269 situ
583 2231 638 2268 ob
659 2230 940 2268 Parallaxeos
959 2232 1004 2267 in
1021 2229 1187 2268 diversa
1208 2229 1437 2267 altitudine
1459 2228 1803 2276 discrepantiam,

160 2283 361 2328 deviatio,
385 2283 646 2322 sufficienter
666 2295 693 2322 a
713 2295 783 2321 me
808 2283 1136 2321 demonstratur.
1162 2282 1272 2329 Qvae
1296 2284 1447 2320 omnia
1469 2293 1521 2319 eo
1542 2284 1588 2319 in
1610 2281 1708 2319 loco
1729 2281 1804 2319 tibi

161 2336 392 2384 relegenda
407 2336 649 2384 rectiusqve
665 2336 978 2384 perpendenda
994 2336 1205 2383 relinqvo.

213 2389 345 2427 Vides
356 2392 512 2437 itaqve‚
524 2393 585 2428 mi
598 2390 834 2434 CRAIGE,
848 2390 953 2427 dum
965 2389 1173 2437 probatur
1183 2388 1416 2427 Cometam
1428 2393 1549 2426 tanto
1561 2388 1804 2426 durationis

160 2441 247 2480 suae
263 2447 470 2490 tempore,
488 2444 604 2490 qvod
619 2448 705 2481 tres
721 2442 809 2480 fere
822 2443 1020 2480 Lunares
1031 2442 1199 2480 menses
1211 2442 1471 2488 adaeqvavit,
1488 2452 1640 2479 arcum
1656 2440 1804 2478 circuli

160 2496 205 2532 in
227 2494 396 2543 sphaera
417 2498 601 2534 maximi
623 2496 699 2534 suo
722 2498 894 2534 tramite
919 2495 1067 2533 exacte
1089 2495 1328 2542 defignasse,
1351 2506 1443 2532 una
1463 2494 1561 2532 satis
1583 2493 1804 2531 evidenter

1588 2557 1802 2588 convinci,
