2209 3213
367 238 416 275 52
859 233 941 270 DE
963 231 1187 270 MUNDI
1208 229 1509 268 AETHEREI

367 341 650 383 latitudinem,
668 340 722 377 ad
739 339 928 385 reliquas
944 339 1053 375 duas
1069 337 1191 380 fixas,
1208 336 1322 373 vnde
1339 337 1432 373 eius
1449 337 1580 373 etiam
1593 340 1718 382 capta
1730 335 1785 373 est
1796 335 2004 380 distantia,

368 397 428 432 rei
445 394 744 431 certitudinem
761 392 1005 429 euidentius
1023 389 1422 436 comprobabimus;
1444 388 1576 435 idque
1597 390 1788 435 primum
1808 400 1885 436 per
1906 400 2005 426 eam

367 459 465 494 quae
479 446 532 483 est
544 448 588 483 in
600 457 736 482 manu
749 446 942 488 Antinoi,
955 446 1000 481 in
1012 443 1053 480 D
1066 442 1258 490 pofitam,
1271 441 1323 479 fic
1336 441 1420 479 fiet.
1439 441 1556 487 Quia
1568 443 1613 478 in
1624 441 1863 489 Triangulo
1876 441 2004 486 CPD,

367 501 497 537 Latus
519 499 597 536 PD
620 498 674 535 est
695 497 1064 544 complementum
1084 495 1325 534 latitudinis
1345 506 1504 532 manus
1520 495 1716 538 Antinoi,
1738 495 1780 532 P.
1797 495 1850 533 71.
1870 495 1933 533 M.
1950 495 2004 533 13.

366 553 440 590 PC
458 551 826 598 complementum
845 550 1085 587 latitudinis
1102 548 1299 587 Cometae
1316 547 1449 585 modo
1466 549 1709 592 inuentum,
1731 547 1772 585 P.
1790 547 1852 585 69.
1871 548 1933 586 M.
1951 549 2004 586 15.
2044 561 2059 585 5

366 605 565 652 Angulus
578 615 681 641 vero
694 603 817 641 CPD
831 603 885 640 est
897 602 1141 640 differentia
1152 601 1435 649 longitudinis
1449 600 1646 639 Cometae
1662 603 1752 638 iam
1769 601 2005 639 constitutae

367 670 392 696 a
408 657 675 705 longitudine
693 656 836 694 Stellae
852 658 897 693 in
913 667 1051 693 manu
1066 656 1262 698 Antinoi,
1279 665 1379 701 quae
1396 655 1620 691 inuenitur
1635 654 1677 691 P.
1694 654 1730 691 4.
1748 654 1811 691 M.
1828 654 1891 698 27,
1906 654 2006 692 ideo

366 712 479 748 latus
495 710 595 747 huic
614 709 856 757 oppositum
873 711 963 753 erit,
980 709 1021 746 P.
1034 709 1070 746 4.
1083 708 1146 746 M.
1159 707 1221 752 38,
1239 707 1356 754 quod
1368 709 1542 744 metitur
1554 705 1796 744 distantiam
1809 707 2006 745 Cometae

367 776 392 802 a
413 775 549 801 manu
565 763 760 806 Antinoi,
781 762 915 809 pos1to
937 764 1030 799 eius
1051 762 1160 805 loco,
1180 766 1309 808 prout
1329 762 1449 808 prius
1468 771 1570 798 eum
1590 762 1855 804 inuenimus,
1876 760 2006 807 idque

367 819 411 854 in
427 816 516 863 ipso
532 818 702 853 minuto
720 827 818 853 cum
836 815 1151 853 Obseruatione
1168 813 1386 852 consentit.
1403 809 1418 863 ΙΙ
2047 826 2077 850 ιο

419 870 516 907 Pari
532 871 701 906 ratione
717 880 793 916 per
809 868 1018 906 sinistrum
1035 868 1287 905 Humerum
1304 876 1344 903 m
1361 878 1548 904 examen
1564 866 1829 904 instituentes
1845 866 1900 904 ad
1914 866 2006 904 Tri·
2040 872 2082 904 53

366 922 577 970 angulum
590 922 705 960 CPE
716 933 798 959 nos
810 926 1129 965 conuertemus,
1141 920 1212 958 vbi
1228 920 1342 958 latus
1358 919 1433 958 PC
1450 919 1504 957 est
1518 919 1560 957 P.
1573 919 1635 957 69.
1649 919 1712 957 M.
1726 919 1779 963 15,
1796 919 1880 963 ΡΕ,
1897 919 1939 957 Ρ.
1952 919 2006 957 81.

367 975 430 1013 Μ.
453 975 515 1013 22.
539 974 740 1022 Angulus
762 985 866 1012 vero
891 974 1007 1013 CPE
1030 973 1274 1012 differentia
1296 972 1577 1020 longitudinis
1601 972 1799 1010 Cometae
1823 972 1860 1010 &
1883 971 2007 1010 didtae

368 1028 523 1072 Stellae,
541 1027 595 1065 est
612 1028 653 1065 P.
671 1028 723 1065 14.
742 1027 804 1065 M.
822 1028 858 1066 7.
880 1028 1086 1065 Prouenit
1101 1029 1248 1074 itaque
1264 1026 1378 1064 latus
1395 1025 1485 1070 CE,
1502 1025 1544 1063 Ρ.
1562 1026 1615 1063 18.
1633 1025 1696 1063 M.
1714 1026 1766 1069 14,
1786 1025 1904 1072 quod
1919 1037 2007 1063 vno

367 1081 516 1119 saltem
531 1080 731 1128 scrupulo
747 1080 988 1125 insensibili,
1011 1080 1325 1118 Obseruatione
1341 1081 1487 1116 minus
1505 1078 1570 1116 est.
1593 1079 1711 1116 Patet
1729 1080 1868 1126 igitur,
1889 1078 2007 1126 quod
2048 1091 2078 1116 15

368 1135 489 1172 locus
505 1133 703 1172 Cometae
720 1134 774 1172 ad
791 1133 909 1171 hunc
925 1134 1053 1178 diem,
1070 1132 1275 1180 exquisite
1292 1132 1337 1170 fit
1354 1131 1615 1170 constitutus.

868 1231 968 1269 DIE
988 1230 1125 1268 XXV.
1147 1229 1505 1268 NOVEMBRIS.

459 1292 704 1331 VONIAM
725 1293 859 1340 paulo
880 1298 980 1331 ante
997 1293 1171 1330 Horam
1186 1291 1349 1330 sextam
1366 1291 1553 1329 Cometa
1572 1290 1750 1328 distabat
1771 1290 1825 1328 ab
1842 1301 1917 1328 ore
1933 1290 2007 1328 Pe-

480 1345 576 1393 gafi,
600 1346 642 1384 P.
664 1346 716 1383 17.
739 1346 802 1384 M.
823 1346 876 1384 21.
898 1358 925 1384 a
944 1346 1154 1384 lucidiore
1174 1345 1371 1383 Vulturis
1390 1344 1432 1382 P.
1455 1344 1507 1382 12.
1531 1344 1593 1381 M.
1615 1343 1678 1382 38.
1700 1355 1726 1381 a
1745 1355 1884 1382 manu
1903 1355 2007 1382 vero

368 1400 550 1437 Antinoi
571 1399 613 1436 P.
635 1399 670 1437 8.
693 1399 755 1436 M.
777 1399 839 1443 25,
862 1399 964 1437 hinc
984 1399 1131 1437 locum
1153 1398 1352 1436 Cometae
1372 1397 1678 1445 inuestigaturi,
1702 1396 2008 1435 constituemus
2046 1410 2079 1435 20

368 1454 413 1489 in
429 1450 634 1490 adiunc'ta
649 1451 920 1500 figuratione,
936 1453 976 1490 A
993 1452 1184 1490 lucidam
1195 1451 1403 1495 Vulturis,
1420 1451 1453 1488 B
1467 1450 1528 1488 Os
1541 1450 1696 1498 Pegafi,
1714 1450 1751 1488 C
1764 1450 2008 1494 Cometam,

655 1515 694 1560 ‘p
1000 1505 1041 1543 D
1054 1505 1246 1543 Manum
1257 1505 1452 1542 Antinoi.
1467 1504 1517 1541 In
1529 1503 1768 1550 Triangulo
1780 1515 1884 1541 vero
1896 1503 2008 1541 APB

1000 1560 1151 1596 omnia
1167 1557 1207 1595 se
1224 1557 1397 1601 habent,
1413 1562 1457 1594 vt
1472 1558 1605 1604 prius.
1622 1556 1776 1603 Estque
1792 1556 1905 1594 latus
1922 1556 2008 1601 PA,

1000 1611 1041 1648 Ρ.
1059 1611 1122 1649 60.
1139 1611 1203 1648 M.
1219 1611 1273 1654 41,
1295 1611 1428 1648 Latus
1449 1610 1533 1654 PE,
1555 1610 1597 1647 P.
1614 1610 1677 1648 67.
1695 1609 1758 1647 M.
1775 1609 1837 1653 53,
1859 1610 2007 1657 Angu-

999 1664 1067 1702 lus
1078 1664 1211 1708 APB,
1228 1663 1269 1701 P.
1283 1663 1345 1701 30.
1358 1663 1421 1700 M.
1435 1663 1487 1707 16,
1504 1663 1638 1700 Latus
1651 1662 1747 1707 AB,
1763 1663 1806 1700 P.
1818 1662 1881 1700 28.
1894 1662 1957 1700 M.
1970 1663 2006 1707 7,
2045 1676 2079 1701 25

999 1717 1201 1764 Angulus
1226 1716 1358 1761 ABP,
1384 1716 1427 1754 P.
1448 1716 1511 1754 68.
1534 1716 1596 1753 M.
1618 1716 1672 1754 51.
1698 1716 1748 1753 In
1769 1715 2008 1763 Triangulo

999 1782 1104 1808 vero
1116 1769 1197 1808 AC
1206 1770 1252 1814 B,
1269 1771 1482 1816 quoniam
1498 1769 1656 1807 dantur
1671 1770 1754 1807 tria
1769 1768 1918 1813 latera,
1935 1769 2007 1806 da-

999 1829 1069 1861 tur
1079 1825 1210 1861 etiam
1219 1834 1296 1870 per
1305 1821 2008 1870 supputationemTriangularem,

379 1840 906 2153 ‘q'
928 1846 964 1893 B
999 1876 1202 1924 Angulus
1214 1875 1354 1920 ABC,
1367 1876 1408 1913 P.
1422 1876 1475 1913 17.
1488 1875 1551 1913 M.
1565 1875 1626 1913 39.
1641 1874 1790 1921 Quare
1802 1877 1847 1912 in
1855 1874 2008 1913 Trian-

547 1890 741 2024 μ
1000 1929 1101 1977 gulo
1126 1929 1254 1973 CBP,
1277 1934 1391 1966 totus
1413 1928 1615 1976 Angulus
1639 1928 1756 1966 CBP
1779 1929 1858 1966 erit
1880 1928 1922 1966 P.
1944 1928 2007 1966 86.
2047 1940 2080 1966 30

542 1958 751 2157 ¹
1002 1982 1064 2020 M.
1082 1982 1144 2020 30.
1163 1981 1368 2029 Cumque
1385 1981 1574 2020 constent
1590 1981 1721 2019 ambo
1737 1981 1874 2019 latera
1890 1981 2007 2019 adia-

1001 2037 1154 2079 centia,
1175 2037 1254 2073 erit
1273 2035 1386 2073 latus
1407 2034 1495 2079 PC,
1516 2035 1558 2072 P.
1576 2035 1638 2072 67.
1656 2034 1719 2072 M.
1737 2035 1799 2079 54,
1821 2033 2008 2081 comple-

1001 2093 1199 2126 mentum
1211 2088 1451 2126 latitudinis
1463 2088 1673 2126 Cometae.
1690 2087 1892 2135 Angulus
1903 2098 2008 2125 vero

1002 2141 1039 2179 C
1047 2142 1077 2179 P
1085 2142 1131 2185 B,
1149 2140 1393 2179 differentia
1404 2141 1688 2188 longitudinis
1699 2140 1753 2178 ab
1766 2151 1840 2178 ore
1852 2140 2008 2188 Pegafi,

370 2194 411 2231 P.
425 2194 477 2232 18.
494 2194 557 2232 M.
570 2195 632 2231 44.
650 2194 841 2241 Ideoque
858 2194 1082 2242 longitudo
1100 2194 1297 2232 Cometae
1314 2194 1356 2231 P.
1369 2195 1405 2232 7.
1421 2194 1483 2232 M.
1496 2194 1547 2232 24
1563 2203 1621 2238 zzz,
1637 2193 1864 2231 latitudine
1880 2192 2009 2240 ipfius
2047 2205 2080 2231 35

370 2246 571 2284 existente
588 2247 630 2284 P.
648 2247 710 2284 22.
729 2247 791 2284 M.
809 2247 833 2285 6
849 2247 1001 2285 Borea.

422 2300 620 2338 Examen
636 2305 783 2337 autem
799 2299 1005 2338 facientes
1020 2300 1075 2338 ad
1087 2311 1198 2344 eam,
1216 2311 1315 2347 quae
1328 2299 1440 2337 estin
1451 2300 1635 2337 Antinoi
1646 2310 1795 2343 manu,
1812 2301 2008 2337 inuenie-

369 2364 467 2390 mus
483 2354 529 2390 in
544 2352 782 2400 Triangulo
800 2352 936 2397 CPD,
956 2353 1028 2390 vbi
1044 2353 1202 2391 dantur
1216 2353 1354 2391 latera
1371 2353 1457 2397 CP,
1478 2353 1520 2390 P.
1538 2353 1599 2390 67.
1617 2352 1680 2390 M.
1697 2352 1760 2395 54,
1782 2351 1874 2396 PD,
1895 2352 1937 2389 P.
1954 2352 2008 2390 71.

369 2405 432 2443 M.
451 2405 503 2449 13,
525 2405 563 2442 &
578 2406 780 2453 Angulus
798 2406 1147 2453 comprehensus,
1168 2418 1245 2453 per
1265 2405 1557 2443 differentiam
1572 2402 1805 2455 vi—lldelicet
1825 2405 2008 2452 longitu-
2043 2412 2085 2443 54

370 2459 481 2496 dinis
499 2458 696 2496 Cometae
713 2470 739 2496 a
754 2459 1023 2506 longitudine
1041 2458 1184 2496 Stellae
1200 2460 1384 2496 Antinoi
1405 2459 1447 2496 P.
1464 2458 1500 2496 8.
1518 2458 1581 2496 M.
1599 2458 1661 2496 20.
1684 2457 1874 2504 Ideoque
1896 2457 2009 2496 latus
2047 2470 2080 2495 40

371 2511 456 2549 CD
479 2513 669 2558 partium
691 2511 726 2549 8.
752 2511 814 2549 M.
836 2511 898 2555 29,
922 2511 1119 2549 distantia
1140 2512 1338 2549 videlicet
1362 2511 1559 2549 Cometae
1582 2511 1636 2549 ab
1659 2511 1842 2548 Antinoi
1865 2510 2009 2555 Stella,

1874 2574 2009 2610 quam
