2209 3213
329 227 403 263 222
821 223 902 259 DE
924 221 1149 259 MUNDI
1170 219 1470 257 AETHEREI

327 331 547 376 inuestigat
561 330 722 366 Orbem
740 327 961 374 quendam
978 329 1089 364 circa
1102 326 1331 373 Sphaeram
1343 325 1537 368 Veneris,
1554 327 1629 372 qui
1646 325 1965 364 Latitudinibus

328 386 419 420 eius
437 382 595 429 praeest,
613 383 735 418 cuius
753 382 1035 417 commutatio
1053 380 1211 416 diurna
1227 378 1272 416 fit
1289 379 1314 415 l.
1327 378 1443 426 grad.
1462 378 1525 416 M.
1538 378 1596 421 21;
1614 378 1716 416 huic
1733 379 1965 417 Cometam

328 437 443 472 hunc
460 435 641 471 affixum
658 434 772 470 fuisse
789 434 1006 473 asseuerat,
1029 432 1205 478 eiusque
1222 430 1352 468 duan
1368 433 1414 468 in
1431 431 1738 478 consequentia
1754 431 1963 469 conuolu-

327 496 429 525 tum.
453 487 517 524 Est
538 487 637 524 sane
659 488 889 523 inuentum
910 485 993 522 hoc
1011 485 1219 522 Moestlini
1240 484 1481 522 admodum
1497 484 1625 531 sagax
1643 484 1680 521 8(
1696 484 1963 528 industrium,

327 541 620 587 infignemque
642 540 800 585 ingenij
820 538 1159 585 profunditatem
1176 537 1352 574 redolet.
1375 537 1491 574 Licet
1507 549 1611 574 vero
1628 537 1682 575 ab
1698 539 1964 585 apparentijs

326 594 456 630 huius
475 593 670 630 Cometae
692 591 787 628 haec
808 591 1054 638 speculatio,
1076 592 1275 637 inprimis
1296 602 1372 637 per
1392 595 1531 627 toturn
1550 590 1852 634 Decembrem,
1874 603 1965 628 non

326 646 564 683 admodum
581 645 741 682 dissona
757 644 967 686 videatur,
989 644 1107 681 velut
1123 643 1316 690 sequenti
1333 642 1489 681 oaauo
1507 643 1674 691 Capite,
1696 655 1749 681 ex
1769 643 1853 681 suis
1872 645 1964 690 qui-

325 699 503 736 busdam
515 697 902 735 Obseruationibus
913 697 1190 734 Geometrice
1200 696 1472 740 demonstrat,
1484 701 1632 734 tamen
1643 702 1764 734 tanta
1775 697 1964 744 digressio

327 751 583 788 Latitudinis
606 750 801 787 Cometae
826 750 879 787 ab
902 750 1119 796 Ecliptica‚
1143 761 1219 797 per
1243 749 1503 788 eiuscemodi
1525 750 1688 787 Orbem
1711 751 1783 787 vix
1806 749 1964 787 saluari

325 806 489 851 poterit,
508 815 607 841 cum
619 815 722 841 axes
736 803 921 841 Orbium
934 803 1233 840 Latitudinum
1245 803 1441 846 Veneris,
1456 802 1485 840 fi
1496 802 1583 840 illae
1595 803 1767 840 realiter
1777 804 1823 840 in
1836 803 1964 841 Coelo

326 857 560 899 existerent,
585 857 638 894 ab
661 868 742 894 axe
765 856 983 902 Eclipticae
1006 856 1222 902 nusquam
1245 861 1366 893 tanto
1387 855 1619 893 interuallo
1643 856 1861 893 recedant:
1886 867 1966 893 nec

324 911 604 957 Apparentijs
620 909 752 946 huius
769 909 967 947 Cometae
983 911 1028 946 in
1045 909 1246 956 Longum
1262 911 1405 952 etiam,
1422 921 1498 956 per
1514 914 1650 946 totam
1667 911 1760 946 eius
1776 909 1964 947 duratio·

325 975 426 1000 nem
439 963 704 1005 excusandis,
723 962 851 1000 Orbis
867 962 936 999 hic
953 974 1029 1009 per
1044 962 1084 999 se
1101 961 1264 1000 sufficit.
1282 962 1473 1009 Ideoque
1486 961 1838 1000 MOESTLINVS
1850 961 1964 1006 huic,

326 1028 413 1062 quo
431 1016 484 1053 ad
502 1016 837 1063 Longitudinem
854 1017 1238 1058 inconuenientiae,
1256 1015 1421 1053 mederi
1437 1015 1602 1059 volens,
1619 1015 1804 1053 addebat
1821 1015 1964 1053 adhuc

326 1069 545 1106 circellum
567 1069 800 1115 quendam,
822 1068 955 1115 plano
974 1070 1067 1106 eius
1085 1068 1226 1111 Orbis,
1247 1080 1347 1106 cum
1367 1080 1455 1115 quo
1472 1068 1657 1106 Cometa
1678 1068 1963 1106 conuoluere-

324 1128 404 1164 tur,
422 1122 476 1159 ad
489 1122 687 1169 Angulos
700 1120 851 1159 Reffios
862 1122 1200 1163 incumbentem,
1217 1123 1262 1159 in
1279 1123 1402 1159 cuius
1414 1133 1505 1159 non
1517 1121 1877 1165 circumferentia,
1894 1121 1964 1159 sed

324 1177 467 1221 potius
480 1177 592 1213 circa
604 1175 894 1218 Diametrum,
911 1174 1154 1212 librationis
1171 1175 1365 1222 quodam
1380 1180 1503 1212 motu
1519 1174 1591 1212 ille
1607 1176 1909 1221 reciprocetur,
1926 1175 1964 1212 8(

324 1229 583 1275 progressum
599 1230 644 1265 in
662 1228 778 1266 Orbe
794 1230 964 1271 maiori,
982 1239 1099 1265 nunc
1115 1228 1321 1269 inhibeat,
1339 1240 1456 1266 nunc
1472 1240 1576 1265 vero
1593 1227 1813 1265 acceleret.
1835 1228 1892 1265 At
1909 1239 1964 1265 ne

324 1281 377 1318 fic
389 1281 565 1328 quidem
575 1282 947 1328 Apparentiarum
960 1281 1282 1319 excusationem
1292 1283 1501 1319 continua
1511 1280 1806 1328 exquisitaque
1817 1281 1964 1318 amussi

324 1336 516 1372 imitatus
535 1334 600 1377 est,
622 1340 664 1371 vt
685 1334 828 1381 postea
844 1336 1035 1381 apertius
1053 1346 1105 1372 ex
1121 1334 1219 1381 ipfis
1236 1334 1625 1372 Obseruationibus
1642 1334 1963 1372 Demonstrabi-

324 1399 433 1424 mus.
452 1387 551 1424 Hoc
568 1387 596 1424 fi
613 1387 865 1434 praestitisset,
882 1389 941 1425 ita
957 1392 999 1424 vt
1015 1387 1111 1425 haec
1123 1393 1211 1425 tam
1224 1387 1446 1435 ingeniosa
1459 1389 1657 1425 inuentio
1671 1387 1768 1434 ipfis
1780 1386 1963 1424 Phaeno-

323 1442 463 1477 menis
482 1440 613 1478 huius
631 1440 828 1478 Cometae
844 1441 1004 1487 vbique
1020 1441 1118 1478 satis
1135 1439 1282 1478 exac'te
1299 1440 1657 1488 correspondisset‚
1675 1440 1712 1477 &
1729 1451 1755 1478 a
1772 1440 1887 1478 Coeli
1903 1442 1963 1487 ip—

323 1493 405 1530 fius
426 1498 584 1531 natura
604 1505 694 1531 non
716 1494 861 1531 aliena
881 1493 1002 1537 soret,
1024 1494 1133 1531 nihil
1154 1493 1392 1541 pulchrius,
1413 1499 1488 1531 aut
1504 1492 1670 1532 doctius
1685 1495 1873 1540 proponi
1888 1505 1963 1540 po-

322 1547 465 1584 tuisset.
479 1547 643 1584 Verum
661 1558 759 1584 cum
776 1559 866 1584 non
883 1547 960 1584 fint
975 1547 1050 1584 vlli
1068 1547 1207 1585 Orbes
1223 1547 1396 1585 realiter
1411 1549 1457 1584 in
1473 1547 1615 1590 Coelo,
1632 1552 1675 1584 vt
1692 1546 1964 1584 Moestlinum

323 1599 561 1637 existimare
583 1612 673 1637 non
694 1600 870 1638 obscure
892 1599 993 1638 hinc
1015 1600 1240 1647 colligitur,
1261 1600 1331 1638 sed
1351 1600 1413 1638 illi
1435 1612 1546 1647 quos
1566 1599 1766 1637 Artifices
1787 1611 1866 1647 pro
1885 1599 1962 1637 sal-

322 1653 479 1690 uandis
491 1653 771 1700 Apparentijs
785 1655 1095 1700 excogitarunt,
1112 1653 1260 1691 saltem
1277 1655 1524 1701 imaginarii
1540 1653 1730 1697 existant,
1746 1658 1790 1690 vt
1805 1658 1962 1696 motus,

322 1717 453 1751 quem
469 1705 545 1743 suo
562 1706 686 1743 cursu
698 1706 848 1744 Sidera
861 1706 1065 1750 efficiunt,
1082 1712 1228 1744 mente
1245 1709 1414 1754 concipi
1430 1707 1560 1753 possit,
1578 1706 1615 1743 8(
1631 1706 1963 1743 intermediante

323 1758 589 1801 Geometria,
610 1771 687 1806 per
702 1759 1037 1797 Arithmeticam
1053 1762 1098 1797 in
1115 1771 1324 1797 numeros
1340 1760 1513 1797 resolui:
1535 1759 1685 1797 frustra
1706 1759 1824 1796 hunc
1844 1758 1962 1796 labo-

322 1823 413 1848 rem
433 1811 645 1859 suscepisse
666 1813 847 1856 videtur,
869 1824 957 1859 quo
979 1813 1143 1851 Orbem
1163 1825 1319 1851 reuera
1341 1812 1601 1855 existentem,
1625 1814 1695 1849 cui
1716 1811 1963 1859 affigeretur

323 1864 519 1907 Cometa,
542 1867 600 1902 ita
616 1870 659 1902 vt
679 1877 779 1902 cum
796 1877 848 1903 eo
865 1865 989 1903 fimul
1008 1863 1395 1916 con-uuolueretur,
1416 1865 1671 1913 inuestigare
1692 1870 1874 1903 conatus
1895 1865 1961 1902 est.

322 1917 468 1955 Habet
489 1918 666 1964 quidem
689 1920 723 1956 is
746 1930 825 1965 pro
846 1918 884 1956 se
905 1924 1041 1957 totam
1064 1931 1175 1966 pene
1196 1919 1462 1963 vetustatem,
1487 1919 1525 1956 &
1547 1920 1808 1956 recentiores
1832 1920 1963 1956 etiam

322 1969 607 2017 Philosophos
628 1972 989 2018 quamplurimos,
1012 1974 1086 2019 qui
1104 1972 1283 2010 Coelum
1299 1984 1352 2010 ex
1369 1972 1478 2010 dura
1495 1972 1533 2010 &
1548 1973 1764 2019 imperuia
1780 1973 1963 2008 materia

323 2022 512 2060 Orbibus
529 2026 659 2071 varijs
676 2023 928 2068 distinctum,
950 2027 995 2062 in
1017 2037 1205 2072 quorum
1224 2025 1443 2072 aliquibus
1460 2025 1611 2063 Sidera
1627 2023 1761 2062 affixa
1777 2026 1962 2061 concita-

322 2078 439 2113 tione
456 2076 646 2123 ipsorum
659 2077 843 2114 Orbium
861 2080 1244 2126 circumgyrantur,
1261 2078 1466 2122 constare,
1483 2090 1562 2125 pro
1574 2082 1690 2115 certo
1701 2077 1961 2115 indubitato-

322 2140 406 2175 que
430 2128 603 2166 habent.
627 2129 710 2167 Sed
733 2130 847 2168 hanc
872 2131 1141 2178 Opinionem
1163 2133 1225 2169 rei
1245 2132 1426 2169 Veritati
1449 2143 1540 2168 non
1563 2130 1910 2177 correspondere,
1933 2130 1962 2167 fi

322 2181 432 2218 nihil
457 2182 589 2225 aliud,
616 2182 689 2229 ipfi
713 2183 910 2221 Cometae
935 2186 1024 2221 iam
1049 2184 1281 2231 aliquoties
1304 2187 1349 2222 in
1372 2184 1566 2222 altissimo
1589 2183 1768 2221 AEthere
1791 2183 1962 2220 cursum

322 2234 446 2271 suum
467 2234 690 2273 absoluere
710 2237 939 2274 certissimis
956 2237 1345 2275 Obseruationibus
1362 2237 1400 2275 8(
1416 2236 1870 2274 Demonstrationibus
1891 2236 1961 2274 de-

322 2286 531 2334 prehenfi,
553 2300 663 2334 quos
679 2288 807 2326 vllius
825 2289 953 2327 Orbis
975 2289 1151 2328 ductum
1171 2290 1374 2337 sequutos
1395 2290 1518 2328 nullo
1536 2290 1669 2327 modo
1686 2289 1962 2336 comprobari

322 2340 464 2387 potest,
482 2340 750 2387 liquidissime
767 2344 1046 2380 conuincunt.
1064 2343 1199 2390 quue
1216 2343 1285 2381 vel
1300 2343 1372 2381 ille
1388 2343 1515 2385 solus,
1533 2344 1607 2389 qui
1624 2344 1668 2380 in
1685 2342 1772 2379 fine
1789 2344 1895 2379 anni
1911 2342 1962 2380 80

322 2393 376 2430 ab
395 2395 518 2430 initio
536 2393 746 2437 Octobris,
767 2394 897 2441 vsque
914 2397 959 2433 in
975 2396 1170 2433 medium
1187 2397 1443 2434 Decembris
1464 2395 1817 2442 conspiciebatur,
1839 2406 1960 2442 aper-

321 2446 467 2483 tissime
493 2446 757 2490 ostendebat;
783 2460 888 2485 nam
912 2454 1001 2486 toto
1027 2449 1102 2486 illo
1127 2454 1322 2497 tempore
1347 2451 1393 2486 in
1418 2448 1719 2486 antecedentia
1743 2447 1962 2495 fignorum

322 2504 444 2536 motu
453 2500 715 2547 retrogrado,
730 2500 828 2547 plus
838 2513 971 2547 quam
981 2513 1057 2548 per
1067 2508 1280 2549 quaterna
1289 2502 1468 2540 Zodiaci
1477 2501 1844 2592 dodecatemoriab,
1854 2500 1961 2539 fere-

1848 2559 1960 2597 atur;

2006 815 2036 840 10

2006 1081 2036 1106 15

2002 1346 2035 1370 20

2001 1612 2034 1636 25

1987 1870 2051 1902 267

2000 2143 2033 2167 35

1999 2407 2032 2432 40
