2209 3213
382 197 459 233 420
781 191 1248 231 APOLOGETICA
1271 189 1625 227 RESPONSIO

383 304 518 339 natim
536 301 798 341 cohaereant,
816 299 927 335 adeo
945 303 989 334 ut
1006 297 1107 334 dato
1124 297 1239 343 qvod
1255 300 1400 333 motus
1413 307 1630 342 apparens
1642 297 1701 333 ita
1712 295 1752 333 se
1766 295 2022 340 exhibuerit,

382 355 519 400 qvalis
537 365 611 399 per
629 352 952 389 observationes
970 350 1197 397 exqvisitas
1215 351 1260 387 in
1277 351 1467 396 qvinqve
1481 348 1699 395 prioribus
1711 348 1940 396 Capitibus
1951 349 2021 386 de-

381 407 651 446 monstratur,
674 405 852 450 reliqva,
876 415 972 450 qvae
989 405 1129 449 capite
1146 403 1263 440 sexto
1279 401 1640 449 superstruuntur,
1662 402 1893 439 necessario
1910 404 1969 439 ita
1985 401 2023 439 8(

382 472 471 496 non
492 459 615 496 aliter
636 458 675 494 se
697 457 899 495 habeant.
923 456 966 494 Si
988 458 1032 493 in
1054 457 1249 494 numeris
1271 455 1431 493 alicubi
1453 455 1677 501 qvidpiam
1697 454 1832 492 latere
1851 457 1940 502 vitij
1959 454 2023 492 su-

380 513 565 558 spicaris,
590 522 668 558 age
690 511 795 548 dum
817 515 975 556 repete,
998 509 1026 546 fi
1047 509 1177 552 lubet,
1202 508 1433 550 calculum,
1459 507 1497 545 &
1521 508 1706 551 ostende,
1731 519 1816 554 qva
1836 510 1881 545 in
1902 513 2023 555 parte

381 566 630 603 aberratum
648 564 703 600 fit.
722 563 764 601 Si
782 563 892 600 nihil
909 564 954 599 in
972 563 1040 600 his
1057 561 1374 609 deprehendisti
1387 561 1515 608 culpa
1527 561 1721 608 dignum,
1739 573 1815 598 cur
1826 561 2023 608 suspicio—

381 630 481 655 nem
503 617 684 654 otiosam
706 616 743 653 8(
764 616 1049 653 frustraneam
1069 614 1249 653 moves?
1270 615 1388 652 Licet
1404 625 1508 651 vero
1529 616 1719 661 penitius
1735 625 1828 651 rem
1845 626 2024 652 omnem

381 670 771 717 introspicientibus
796 669 894 706 satis
924 668 1175 716 persuasum
1201 668 1258 712 sit,
1284 668 1313 705 fi
1338 669 1528 714 qvinqve
1558 669 1705 714 priora
1731 667 1889 714 Capita
1914 667 2025 705 nihil

381 726 663 766 committant,
689 723 803 769 qvod
825 722 1194 768 improbationem
1216 721 1354 759 ullam
1374 726 1606 764 mereatur,
1630 722 1777 767 utiqve
1799 720 1837 758 8(
1858 720 2024 758 sextum

381 778 446 814 his
464 779 677 816 innixum,
696 778 817 813 omni
833 777 939 812 vitio
956 786 1115 819 carere,
1133 780 1172 812 et
1188 774 1272 818 hic,
1289 774 1359 812 vel
1374 780 1414 811 te
1432 773 1521 820 ipso
1538 773 1683 817 inscio,
1700 773 1843 811 nostra
1858 776 2021 811 incom-

381 836 574 877 petenter
595 830 827 875 minusqve
849 828 1113 866 considerate
1131 840 1157 865 a
1173 833 1213 865 te
1230 829 1489 875 oppugnari,
1513 827 1625 864 adeo
1642 832 1687 864 ut
1704 827 1900 864 ulteriori
1917 827 2024 865 dilu-

380 886 497 920 tione
510 894 577 919 res
590 894 680 919 non
692 883 898 929 indigeat:
916 887 1064 919 tamen
1080 893 1144 925 ea,
1161 893 1258 928 qvae
1270 880 1442 918 seorfim
1454 885 1606 918 contra
1618 879 1721 918 sexti
1734 880 1901 927 Capitis
1914 881 2025 918 deci-

381 936 519 973 fiones
537 936 700 983 obijcis,
717 935 993 981 introspicere
1011 934 1048 972 8(
1065 934 1297 981 disqvirere
1314 934 1595 971 necessarium
1612 933 1737 977 duco,
1755 945 1840 980 qvo
1855 935 2025 971 veritati

381 992 651 1026 intemeratae
668 988 743 1026 sua
760 988 1069 1025 conserventur
1084 987 1318 1026 sartatecta
1330 988 1509 1024 moenia.
1528 987 1647 1024 Nam
1660 992 1706 1024 ut
1717 986 1850 1024 Poeta
1862 987 2023 1034 ajebat:

598 1042 701 1079 Non
718 1041 873 1079 minor
886 1039 948 1088 eft
964 1040 1114 1079 virtus
1132 1051 1271 1089 qvam
1289 1050 1502 1089 qvaerere
1513 1041 1653 1088 parta
1671 1039 1803 1078 tueri.

435 1096 491 1133 Ut
517 1097 644 1142 igitur
669 1095 724 1132 ad
751 1106 843 1132 rem
869 1094 1005 1141 ipsam
1030 1096 1210 1141 propius
1237 1094 1512 1137 accedamus,
1538 1095 1731 1130 rationes
1758 1104 1892 1137 meas,
1919 1104 2025 1140 qvas

381 1149 535 1195 Capite
561 1148 677 1186 sexto
703 1148 887 1191 adduco,
915 1147 1168 1185 authoritati
1190 1146 1459 1184 Aristoteleae
1485 1158 1576 1183 non
1601 1146 1842 1193 praevalere
1867 1146 2024 1190 censes,

380 1214 431 1239 eo
454 1202 568 1248 qvod
589 1204 624 1238 is
646 1201 809 1239 coelum
832 1213 950 1238 nova
972 1212 1157 1248 corpora
1180 1212 1271 1238 non
1294 1202 1499 1247 recipere,
1524 1205 1563 1237 et
1586 1199 1782 1237 Cometis
1805 1199 1917 1237 nihil
1939 1199 2026 1237 illic

379 1255 461 1292 loci
485 1256 573 1297 esse,
599 1255 662 1301 (ut
686 1260 816 1292 antea
839 1266 1010 1301 qvoqve
1034 1254 1292 1299 innuebam)
1317 1252 1630 1291 demonstrarit.
1661 1253 1789 1291 Certe
1813 1258 2026 1299 qvantum

379 1308 433 1346 ad
457 1308 769 1346 authoritatem
792 1307 1031 1345 Aristotelis
1055 1309 1217 1350 attinet,
1245 1318 1323 1354 ego
1349 1318 1429 1344 nec
1455 1308 1549 1354 ejus
1572 1318 1652 1343 nec
1674 1306 1807 1344 ullius
1830 1305 2024 1343 hominis

379 1367 545 1398 tantam
563 1362 639 1398 esse
652 1361 815 1408 judico,
839 1363 955 1407 qvin,
973 1360 1002 1397 fi
1018 1362 1288 1398 contrarium
1305 1361 1430 1397 certis
1447 1359 1691 1397 rationibus
1708 1359 1838 1397 astrui
1855 1358 1892 1396 8(
1909 1370 2024 1396 com-

378 1415 553 1461 probari
576 1420 715 1461 qveat,
737 1416 930 1451 veritatis
951 1414 1164 1451 assertioni
1183 1419 1329 1460 pateat
1345 1413 1480 1450 locus.
1503 1413 1553 1450 In
1569 1412 1698 1450 sacris
1714 1412 1848 1450 literis
1865 1412 1903 1450 8(
1920 1412 2024 1450 divi-

380 1470 495 1505 nitus
512 1466 736 1514 patefactis
752 1466 1041 1515 dogmatibus,
1064 1466 1376 1504 authoritatem
1392 1465 1541 1509 solam,
1564 1465 1728 1503 etiamsi
1743 1465 1888 1503 sensus
1905 1465 1943 1503 &
1959 1477 2024 1503 ra-

379 1523 519 1558 tiones
536 1520 690 1558 nostrae
708 1520 893 1567 idipsum
910 1532 1001 1558 non
1018 1521 1302 1567 asseqvantur‚
1319 1519 1560 1566 praevalere
1576 1531 1667 1557 non
1679 1520 1888 1566 negarim.
1906 1519 1963 1556 At
1979 1521 2025 1556 in

380 1574 704 1621 Philosophicis,
719 1573 756 1611 8(
768 1574 848 1617 his,
862 1585 959 1621 qvae
972 1573 1183 1611 humanae
1196 1572 1415 1610 industriae
1427 1572 1660 1620 subjacent,
1673 1584 1763 1610 non
1776 1573 1891 1609 item.
1905 1572 2024 1609 Nam

381 1627 417 1664 8(
438 1627 687 1664 Aristoteles
710 1627 907 1665 mortalis
930 1626 1067 1664 homo
1090 1631 1192 1670 erat,
1217 1637 1357 1673 neqve
1381 1625 1478 1673 Dijs
1500 1637 1696 1673 unqvam
1717 1637 1743 1663 a
1764 1625 1963 1672 confilijs,
1988 1625 2025 1662 &

381 1681 727 1727 qvamplurimos
743 1680 1098 1718 manifestissimos
1111 1691 1279 1717 errores
1292 1679 1514 1723 commifit,
1532 1681 1664 1717 etiam
1677 1681 1722 1716 in
1734 1678 1817 1716 hac
1830 1677 2025 1716 inferiori

381 1733 417 1770 8(
438 1734 646 1780 palpabili
668 1738 837 1776 natura,
860 1734 1059 1780 adeoqve
1079 1735 1124 1770 in
1143 1733 1232 1780 ipsa
1251 1732 1445 1770 hominis
1461 1732 1499 1770 &
1515 1733 1826 1769 Animantium
1847 1743 2025 1779 genera—

380 1789 509 1829 tione,
528 1792 573 1824 ut
590 1787 641 1824 de
659 1789 826 1824 caeteris
843 1799 960 1824 nunc
978 1798 1068 1824 non
1085 1787 1240 1829 dicam,
1259 1782 1273 1835 ΙΙ
1290 1786 1454 1823 nedum
1470 1791 1516 1823 ut
1532 1785 1733 1823 sublimia
1749 1785 1823 1822 illa
1840 1784 1878 1822 &
1894 1785 2022 1822 coele·
2084 1799 2098 1810 v

380 1840 453 1876 stia
471 1842 575 1877 citra
592 1851 770 1877 omnem
792 1840 1151 1877 hallucinationis
1173 1839 1460 1886 suspicionem
1480 1841 1557 1876 rite
1578 1839 1785 1876 assecutus
1806 1838 1864 1875 fit.
1887 1837 1931 1875 Si
1952 1838 2022 1876 de-

381 1893 643 1934 monstravit,
662 1895 723 1930 uti
741 1895 816 1935 ais,
839 1905 931 1930 rem
947 1895 993 1930 in
1010 1892 1206 1930 Cometis
1223 1895 1282 1930 ita
1298 1892 1338 1930 se
1356 1892 1531 1936 habere,
1552 1897 1597 1930 ut
1614 1893 1725 1929 inter
1741 1891 1932 1929 coelestes
1949 1893 2026 1929 cir-

382 1948 521 1983 cuitus
546 1946 693 1983 nullus
717 1946 800 1983 illis
822 1946 1093 1993 relinqvatur
1115 1946 1250 1989 locus,
1274 1957 1353 1993 age
1374 1945 1520 1992 profer
1540 1945 1610 1982 vel
1631 1947 1808 1982 unicam
1830 1944 2026 1982 observa-

383 2001 547 2035 tionem
562 1999 912 2037 Astronomicam
929 2000 983 2037 ab
1000 1999 1075 2036 illo
1092 1999 1176 2036 hoc
1193 2001 1373 2036 nomine
1390 2000 1435 2036 in
1452 1998 1543 2036 ullo
1560 1998 1747 2036 Cometa
1763 1997 1971 2041 habitam,
1989 1997 2027 2035 8(

384 2052 439 2089 da
459 2052 527 2088 vel
549 2054 727 2089 unicam
750 2052 1114 2090 Mathematicam
1135 2052 1361 2099 Apodixin
1387 2051 1545 2089 coelesti
1571 2051 1939 2089 animadversioni
1963 2053 2026 2088 in·

385 2107 546 2146 nixam,
570 2117 666 2151 qvae
689 2105 947 2142 demonstret
969 2105 1006 2142 8(
1028 2107 1258 2143 convincat
1274 2105 1522 2143 sensibiliter
1542 2105 1595 2142 fic
1617 2105 1711 2147 esse;
1733 2109 1826 2142 tum
1847 2104 2027 2142 demum

384 2157 514 2194 fidem
532 2158 778 2195 merebitur.
796 2159 853 2195 At
866 2158 893 2195 si
907 2159 1030 2196 nulla
1042 2159 1259 2206 ejusmodi
1273 2161 1318 2196 in
1332 2164 1423 2196 toto
1440 2160 1534 2206 ejus
1549 2169 1680 2205 opere
1697 2159 1921 2205 reperitur,
1939 2169 2026 2200 cur,

385 2210 540 2256 qvaeso,
565 2222 656 2247 non
681 2213 842 2248 vereris
866 2211 1140 2249 Aristotelem
1165 2213 1434 2249 contrarium
1457 2211 1754 2249 demonstrasse
1779 2209 2027 2248 affirmare?

386 2263 475 2300 Nifi
496 2263 604 2300 forte
627 2264 768 2301 dicere
791 2264 827 2301 8(
850 2265 1142 2302 demonstrare
1164 2276 1242 2312 pro
1265 2265 1420 2302 eodem
1442 2270 1627 2311 reputes,
1650 2264 1778 2311 idqve
1794 2264 1892 2301 satis
1908 2264 2026 2310 Apo-

385 2315 586 2353 diclicum
608 2317 683 2354 esse
705 2317 915 2359 videatur,
941 2318 1055 2364 qvod
1077 2330 1099 2355 e
1121 2317 1402 2365 Phyficorum
1425 2316 1697 2365 conjecturis,
1722 2329 1828 2364 qvas
1850 2316 2028 2364 ipsemet

384 2380 462 2415 pro
480 2369 740 2406 authenticis
757 2370 932 2417 allegas,
956 2370 1235 2417 plausibiliter
1253 2372 1455 2408 asseritur.
1478 2372 1536 2408 At
1555 2372 1809 2408 memineris
1825 2369 2027 2407 Aristote-

384 2422 471 2459 lem
494 2424 538 2459 in
563 2422 662 2459 coeli
686 2428 844 2460 natura
866 2424 907 2460 id
929 2423 1146 2460 assumfisse
1170 2435 1249 2470 pro
1270 2423 1453 2462 confesso
1475 2423 1512 2461 8(
1533 2423 1789 2466 indubitato,
1814 2422 1928 2469 qvod
1952 2422 2027 2469 ipfi

385 2477 504 2521 prius
514 2475 789 2523 probandum
799 2477 1090 2514 incumbebat:
1100 2477 1299 2514 videlicet
1309 2478 1473 2515 coelum
1484 2488 1638 2524 expers
1648 2477 1724 2514 esse
1735 2478 1878 2513 omnis
1887 2480 2027 2513 muta-

1882 2530 2024 2572 tionis,

2064 786 2094 811 10

2062 1318 2096 1343 20

2063 1585 2096 1609 25

2064 2116 2098 2141 35

2065 2381 2099 2406 40
