2209 3213
354 206 430 245 362
846 200 928 238 DE
950 200 1176 239 MUNDI
1197 199 1499 238 AETHEREI

353 313 560 359 parentiae
583 312 686 351 eius,
710 308 746 344 &
768 307 962 344 distantia
980 319 1005 344 a
1021 306 1156 343 Terra
1179 306 1240 351 (ut
1257 306 1463 353 oportuit)
1482 306 1779 344 Demonstrati
1796 307 1991 351 ualeant;

354 376 439 411 qua
460 367 504 400 in
526 369 645 410 parte
668 363 760 398 ueri
776 360 1025 397 Astronomi
1042 359 1079 396 &
1097 359 1400 397 Mathematici
1416 365 1560 406 partes
1580 371 1671 397 non
1691 359 1788 397 satis
1809 359 1992 398 fideliter

351 417 551 454 sustinuit.

405 469 534 515 Quod
556 474 703 505 autem
723 467 862 510 refert,
888 466 1119 503 Cometam
1139 465 1343 502 scintillas
1364 464 1574 511 quasdam
1594 465 1810 512 frequenti
1832 465 1992 513 inspec-

351 525 467 560 tione
486 521 666 563 emifisse,
685 532 784 566 quae
801 519 1001 556 deorsum
1018 519 1220 556 cadentes
1232 520 1277 555 in
1289 519 1405 555 Aere
1422 518 1797 565 extinguebantur,
1815 519 1857 557 id
1874 521 1992 566 equi-

352 577 449 613 dem
466 574 574 612 mihi
591 573 897 620 diligentissime
914 572 1053 619 ipsum
1073 577 1162 609 toto
1184 571 1426 608 durationis
1447 576 1641 618 tempore
1662 574 1860 616 intuenti,
1882 584 1992 610 nun-

352 640 484 675 quam
507 629 720 674 apparuit,
745 637 887 672 neque
908 637 934 663 a
955 636 1181 671 quoquam
1204 624 1304 668 alio,
1329 625 1447 671 quod
1471 624 1613 668 sciam,
1637 625 1993 663 animaduersum

352 682 417 723 est,
435 681 510 718 nifi
523 680 639 727 quod
652 679 886 717 Cornelius
899 678 1090 716 Gemma
1101 678 1231 715 semel
1243 683 1426 721 tanturn,
1444 678 1512 715 die
1525 678 1726 715 uidelicet
1737 678 1796 715 III
1809 678 1992 716 Decem-

351 735 435 771 bris
457 734 628 780 (potius,
651 738 695 769 ut
717 737 908 779 apparet,
930 743 983 769 ex
1004 731 1194 769 aliorum
1215 731 1439 773 relatione,
1463 742 1598 777 quam
1619 733 1795 778 proprio
1816 731 1992 777 intuitu)

350 787 411 824 illi
434 787 518 824 tale
542 786 706 833 aliquid
729 786 888 823 assuere
912 784 1041 822 ausus
1064 784 1121 822 fit.
1147 783 1295 830 Quam
1318 795 1425 821 uero
1447 795 1636 831 congrue
1657 785 1700 822 id
1720 784 1878 828 fecerit,
1902 796 1993 822 non

351 841 544 877 dixerim.

402 893 549 930 Postea
565 895 610 929 in
627 892 830 929 eruendis
848 890 983 929 causis
999 890 1275 938 Astrologicis
1295 889 1428 927 huius
1445 890 1656 934 Cometae,
1678 889 1828 928 frustra
1845 890 1885 928 se
1901 902 1992 928 ma-

350 952 475 983 cerat.
494 946 537 983 Si
554 947 671 983 enim
688 945 795 982 tales
812 945 1013 982 Siderum
1024 943 1184 990 positus
1196 944 1251 981 ad
1264 943 1462 981 Cometae
1478 942 1822 990 productionem,
1840 944 1993 991 quales

349 1000 509 1037 ibidem
531 998 703 1045 profert,
728 1000 816 1045 apti
840 998 977 1040 essent,
1000 997 1139 1034 multo
1161 996 1263 1034 sane
1286 997 1524 1034 crebriores
1544 996 1685 1034 forent
1706 996 1993 1035 Cometarum

349 1051 667 1099 productiones,
685 1051 722 1088 &
738 1063 829 1088 non
845 1054 1009 1088 incerto
1026 1055 1189 1088 euentu
1201 1050 1255 1088 ab
1267 1049 1504 1097 Astrologis
1519 1049 1821 1097 saepenumero
1838 1061 1992 1088 eorum

350 1111 524 1143 exortus
540 1105 716 1152 praedici
733 1105 871 1152 posset.
894 1103 1026 1150 Quod
1042 1109 1189 1141 tamen
1206 1101 1429 1147 haetenus,
1451 1102 1529 1140 nis1
1544 1102 1652 1141 forte
1670 1103 1768 1141 casu
1785 1103 1990 1150 quodam,

349 1171 375 1196 a
386 1160 562 1196 nemine
574 1158 820 1205 praestitum,
837 1157 1055 1204 saepissime
1067 1168 1174 1194 uero
1186 1158 1233 1194 in
1243 1162 1333 1194 tam
1345 1158 1578 1194 temerario
1590 1158 1799 1194 uaticinio
1811 1168 1837 1194 a
1848 1156 1990 1203 pleris-

350 1223 433 1258 que
450 1212 711 1254 aberratum‚
728 1210 825 1248 satis
842 1213 886 1248 in
903 1209 1136 1257 propatulo
1153 1209 1219 1247 est.
1237 1209 1357 1247 Nam
1372 1209 1427 1247 ab
1438 1210 1573 1247 Anno
1585 1209 1680 1247 1558
1696 1209 1830 1256 usque
1843 1212 1889 1247 in
1900 1210 1991 1247 An—

349 1276 456 1302 num
473 1265 579 1307 1577,
596 1275 672 1311 per
688 1275 829 1302 annos
845 1264 1126 1301 intermedios
1143 1263 1196 1306 19,
1214 1262 1362 1300 nullus
1379 1262 1566 1310 (excipio
1582 1262 1650 1300 his
1662 1274 1753 1300 non
1764 1263 1990 1301 assimilan-

349 1318 451 1355 dam
467 1318 647 1355 Nouam
663 1317 784 1355 illam
801 1318 856 1355 ad
869 1317 1140 1363 Cassiopeam
1152 1315 1347 1362 Stellam)
1365 1316 1491 1354 nobis
1507 1316 1649 1353 illuxit
1660 1315 1878 1360 Cometes,
1894 1316 1992 1354 licet

349 1373 584 1417 quotannis
609 1370 697 1408 fere
723 1382 876 1408 eorum
901 1371 1123 1418 generatio
1148 1370 1202 1407 ab
1228 1369 1447 1416 aliquibus
1471 1369 1788 1416 Attrologastris
1813 1369 1859 1407 s1t
1883 1381 1991 1416 prae-

349 1422 478 1461 dicta:
501 1423 538 1461 8(
559 1424 670 1471 saepe
691 1426 857 1461 interea
877 1423 1192 1470 plausibiliores
1209 1422 1271 1460 sui
1289 1422 1422 1460 Ortus
1438 1421 1687 1460 habuerunt
1703 1422 1992 1471 Astrologicas

349 1477 510 1521 causas,
528 1489 662 1524 quarn
678 1482 873 1524 tempore
890 1476 1008 1514 hunc
1025 1476 1258 1514 Cometam
1275 1477 1473 1523 proxime
1490 1476 1785 1514 antecedente.

2033 1064 2064 1089 15

2029 1329 2063 1355 20

402 1530 456 1568 D.
470 1530 768 1568 GEORGIVS
783 1529 1147 1568 HENISCHIVS
1164 1529 1365 1567 Medicus
1377 1529 1415 1566 8(
1428 1529 1770 1567 Mathematicus
1782 1528 1990 1576 Augusta-
2029 1534 2049 1564 ’ὲ

349 1595 431 1621 nus
445 1583 617 1630 prorsus
629 1585 760 1621 etiam
772 1583 967 1621 uersatur
978 1585 1091 1620 circa
1103 1582 1416 1630 Astrologicam
1428 1581 1560 1620 huius
1573 1582 1771 1620 Cometae
1783 1582 1990 1630 dijudica-

348 1638 525 1680 tionem,
544 1638 589 1674 in
606 1648 694 1684 qua
711 1636 756 1683 (fi
772 1636 861 1684 ipsa
877 1638 1091 1684 principia
1106 1647 1197 1673 non
1214 1636 1340 1673 essent
1356 1635 1566 1679 inualida,
1584 1635 1621 1673 &
1637 1640 1839 1673 ueterum
1855 1635 1907 1673 de
1923 1635 1992 1673 his

348 1690 600 1727 traditiones
617 1688 728 1727 recte
742 1689 782 1727 se
797 1689 1024 1735 haberent)
1042 1689 1139 1727 satis
1151 1689 1346 1727 sedulam
1358 1688 1396 1726 &
1407 1700 1590 1736 gnaram
1601 1690 1786 1726 nauauit
1798 1700 1991 1736 operam.

349 1743 470 1780 Dum
481 1754 601 1785 uero,
618 1755 708 1781 una
720 1755 820 1781 cum
831 1743 1030 1790 plurimis
1042 1743 1151 1790 alijs,
1167 1742 1375 1781 Cometas
1387 1753 1410 1779 e
1422 1744 1547 1780 certis
1559 1742 1760 1780 Siderum
1772 1741 1991 1780 constella-

348 1797 538 1834 tionibus
559 1798 789 1843 procreari,
811 1797 942 1843 idque
964 1808 1016 1833 ex
1032 1796 1240 1833 halitibus
1256 1795 1515 1843 quibusdam
1530 1797 1712 1833 terrenis
1727 1794 1892 1833 sursum
1909 1794 1991 1833 ele-

348 1851 460 1886 uatis
477 1849 514 1886 8(
530 1849 728 1893 accenfis,
745 1849 898 1887 sentire
915 1861 1006 1887 non
1022 1850 1200 1893 dubitat,
1216 1850 1346 1886 nimis
1363 1848 1633 1886 confidenter
1646 1849 1721 1886 diu
1735 1850 1991 1886 inueteratae

348 1904 545 1949 opinioni
570 1903 767 1946 inhaeret,
793 1915 819 1940 a
845 1915 944 1950 qua,
973 1902 1050 1939 nifi
1077 1903 1286 1940 accedant
1311 1907 1438 1939 certae
1463 1902 1812 1945 Obseruationes‚
1840 1901 1991 1949 hisque

347 1954 540 1993 fundatae
558 1955 960 1993 Demonstrationes
977 1954 1164 1999 inuictae,
1182 1967 1273 1993 non
1288 1955 1415 1993 facile
1432 1954 1486 1992 est
1503 1957 1757 2002 quempiam
1773 1954 1919 1993 auelli.

402 2008 455 2045 D.
468 2008 760 2046 NICOLAVS
773 2008 1053 2046 BAZELIVS
1065 2009 1272 2051 Batauus,
1286 2008 1635 2046 Astronomicam
1646 2008 1778 2046 huius
1792 2008 1990 2046 Cometae

348 2060 686 2108 defignationem
712 2064 841 2099 nimis
867 2062 1094 2100 oscitanter
1118 2061 1352 2109 proposuit,
1377 2061 1527 2099 saltem
1551 2073 1627 2109 per
1649 2061 1874 2099 tranfitum
1897 2062 1991 2099 eius

348 2115 469 2151 iuxta
494 2116 661 2152 uicinos
687 2114 950 2157 Asterismos‚
977 2127 1076 2152 eam
1101 2115 1339 2162 designans.
1370 2115 1528 2161 Neque
1554 2115 1892 2162 Longitudinem
1916 2118 1991 2152 aut

349 2167 642 2204 Latitudinem
666 2170 758 2205 eius
781 2168 991 2211 definiuit,
1015 2168 1091 2205 nifi
1115 2169 1169 2205 ad
1190 2170 1382 2215 primum
1403 2168 1519 2206 diem
1539 2167 1626 2205 suae
1649 2167 1990 2210 Obseruationis,

348 2220 548 2257 uidelicet
573 2220 695 2258 XIIII
721 2221 1001 2263 Nouembris,
1028 2233 1115 2267 quo
1142 2232 1245 2258 eum
1271 2223 1316 2258 in
1341 2221 1364 2259 6
1389 2221 1526 2268 gradu
1546 2227 1586 2265 z,
1618 2233 1718 2258 cum
1743 2220 1990 2258 Latitudine

349 2273 490 2310 Borea
510 2275 641 2310 trium
661 2275 851 2320 partium
871 2274 999 2317 fuisse‚
1022 2275 1240 2317 asseuerat,
1262 2274 1336 2312 ubi
1356 2276 1402 2311 in
1424 2274 1714 2322 Longitudine
1735 2273 1824 2311 fere
1845 2275 1990 2320 quinis

348 2326 562 2372 gradibus,
581 2326 674 2363 &in
687 2327 933 2364 Latitudine
950 2327 1270 2374 propemodum
1287 2325 1465 2371 oc‘tonis,
1483 2327 1714 2374 utrobique
1731 2326 1886 2370 deficit,
1904 2326 1989 2364 De-

349 2379 717 2426 clinationemque
734 2379 788 2417 ab
805 2380 1044 2426 AEquatore
1061 2379 1160 2418 facit
1176 2386 1282 2427 part.
1300 2380 1362 2422 20,
1380 2392 1480 2427 quae
1497 2382 1572 2418 uix
1589 2380 1630 2417 13
1647 2381 1723 2418 esse
1741 2382 1891 2427 potuit.
1908 2379 1989 2417 Ve-

348 2443 447 2469 rum
467 2439 646 2479 apparet
662 2432 799 2479 ipsum
816 2433 888 2469 uel
904 2435 949 2469 in
966 2433 1276 2471 Astronomicis
1293 2433 1682 2471 Obseruationibus
1702 2435 1850 2470 minus
1871 2444 1989 2470 exer—

348 2486 538 2527 citatum,
562 2485 634 2522 uel
658 2485 943 2523 Instrumenta
966 2492 1005 2523 et
1028 2487 1184 2529 media,
1210 2487 1367 2533 quibus
1391 2486 1471 2524 has
1494 2485 1732 2533 perficeret,
1755 2486 1811 2524 ad
1831 2496 1990 2523 manus

1898 2549 1988 2576 non

2029 1861 2063 1887 30

2027 2126 2061 2152 35

2027 2391 2062 2418 40
