2209 3213
352 248 401 285 86
846 243 929 280 DE
951 241 1176 279 MUNDI
1198 240 1499 278 AETHEREI

352 355 508 399 quinos
524 354 711 397 integros
729 348 940 386 conficere
958 348 1393 391 animaduerteretur‚
1414 347 1585 385 seruata
1604 349 1770 385 interea
1791 346 1989 385 defectio-

352 407 417 442 nis
438 405 659 441 ordinaria
680 403 739 449 (vt
756 402 861 447 dixi)
882 403 1177 448 proportione,
1199 400 1273 438 sub
1295 400 1450 438 eodem
1471 399 1600 439 dudlu
1619 400 1877 448 praescriptae
1893 412 1989 448 por-

351 460 479 495 tionis
492 456 655 494 Circuli
670 457 863 492 maximi.
882 454 1013 500 Quod
1030 453 1161 491 alicui
1174 453 1439 491 Elementari
1452 453 1651 501 Corpori,
1663 454 1733 491 vel
1744 453 1990 492 flammanti

350 512 556 551 materiae,
578 511 623 546 in
644 508 862 555 superiore
879 508 1007 545 Aeris
1023 507 1227 554 Regione,
1243 506 1313 543 vel
1334 508 1379 543 in
1400 506 1489 554 ipso
1506 507 1733 544 Elemento
1754 508 1864 554 ignis
1885 506 1931 553 (fi
1947 507 1990 545 id

350 564 423 600 sub
434 563 559 600 Luna
569 562 714 599 locum
724 561 884 598 habere
895 560 1187 607 Peripateticis
1197 559 1539 606 concesserimus)
1550 559 1721 598 cursum
1731 559 1989 607 aliquandiu

351 616 602 657 absoluenti,
621 619 877 661 competere,
895 625 1026 651 nemo
1043 612 1169 650 nobis
1185 612 1468 660 persuadebit.

404 669 596 706 Demtim
609 668 646 705 &
657 667 740 704 hoc
752 679 843 704 non
855 666 1032 704 obscure
1044 671 1301 713 argumento
1314 665 1381 710 est,
1393 668 1574 703 minime
1586 665 1866 704 sublunarem
1875 665 1990 704 fuisse

351 722 466 759 hunc
480 721 723 763 Cometam,
737 720 854 767 quod
867 719 1019 757 Motus
1031 720 1214 757 diurnus
1225 721 1439 766 proprius,
1452 730 1683 766 nunquam
1694 724 1840 757 tantus
1850 718 1990 763 fuerit,

350 781 392 812 vt
405 775 542 812 Lunae
556 774 726 812 cursum
738 774 957 815 diurnum,
975 773 1044 810 vel
1057 772 1338 810 tardissimum
1350 772 1604 819 adaequarit.
1622 772 1749 810 Luna
1760 774 1879 810 enim
1891 784 1990 810 cum

350 828 571 865 lentissima
588 832 779 874 apparet,
796 827 894 874 plus
906 826 1029 864 denis
1042 825 1276 869 Gradibus,
1293 837 1381 863 vna
1397 825 1465 863 die
1481 824 1675 870 absoluit,
1692 836 1792 863 cum
1805 825 1991 864 Cometa

350 881 419 918 hic
442 880 567 918 nobis
590 882 634 917 in
658 882 793 923 initio,
820 879 999 926 quando
1021 879 1305 916 velocissimus
1328 878 1533 922 existeret,
1556 890 1647 916 non
1670 878 1857 916 multum
1881 878 1992 916 vltra

351 936 508 981 quinos
532 933 721 975 Gradus,
747 935 859 970 intra
881 934 1056 970 vnicam
1081 933 1210 979 primi
1235 931 1409 969 mobilis
1429 931 1766 975 reuolutionem,
1791 931 1991 979 progredi

351 986 642 1034 deprehensus
665 986 726 1029 fit;
750 991 793 1023 vt
816 985 871 1023 ob
895 985 937 1023 id
959 985 1087 1033 longe
1110 985 1238 1032 supra
1261 985 1400 1023 Lunae
1422 984 1652 1032 Sphaeram
1675 984 1846 1022 cursum
1865 984 1991 1022 suum

351 1040 581 1084 absoluisse,
604 1051 692 1077 vna
714 1039 816 1076 hinc
838 1039 936 1076 satis
958 1038 1180 1076 manifeste
1204 1038 1479 1085 comprobari
1504 1038 1632 1085 possit.
1659 1037 1761 1085 Quo
1787 1039 1905 1075 enim
1928 1049 1990 1076 re·

350 1095 536 1131 motiora
562 1092 742 1130 existunt
762 1104 788 1130 a
808 1092 944 1130 Terra
969 1091 1131 1135 Sidera,
1158 1091 1195 1129 8(
1220 1089 1389 1129 οᾶειιιεε
1412 1090 1608 1138 Sphaerae
1630 1092 1911 1139 proximiora,
1938 1102 1990 1128 eo

349 1147 560 1184 tardiores
586 1151 732 1183 motus
764 1147 963 1193 proprios
989 1145 1183 1183 obtinere
1209 1144 1335 1182 nobis
1359 1149 1584 1192 apparent,
1615 1144 1652 1182 8(
1682 1149 1870 1188 econtra,
1901 1155 1990 1191 quo

350 1201 586 1247 propiores,
611 1211 663 1237 eo
686 1199 869 1236 celerius
892 1200 1043 1246 agitari
1065 1197 1399 1245 conspiciuntur,
1422 1197 1610 1245 ideoque
1632 1197 1876 1241 Cometam,
1899 1208 1990 1234 non

349 1252 498 1290 saltem
518 1254 715 1299 proxime
739 1252 866 1299 supra
887 1251 1116 1299 Sphaeram
1137 1251 1359 1288 Lunarem
1382 1251 1553 1288 extitisse
1575 1246 1896 1300 conum-{lcitum
1920 1249 1989 1288 sed

350 1317 440 1343 non
465 1305 592 1353 longe
617 1306 671 1343 ab
698 1305 899 1349 Orbibus,
926 1316 1036 1352 quos
1060 1307 1086 1347 9
1111 1304 1148 1342 &
1175 1306 1197 1348 Ψ
1222 1306 1335 1342 circa
1359 1303 1507 1342 Solem
1532 1303 1787 1348 describunt,
1813 1302 1991 1342 ductum

349 1358 474 1396 suum
490 1358 720 1396 absoluisse.

402 1412 601 1450 Tandem
622 1411 659 1449 8(
679 1411 762 1449 hoc
783 1411 947 1449 accedit
964 1422 1055 1448 non
1072 1410 1239 1448 obscuri
1255 1410 1400 1458 indicij
1419 1410 1528 1455 loco,
1553 1410 1786 1449 Cometam
1806 1408 1924 1447 hunc
1944 1411 1990 1447 in

350 1464 523 1503 Coelesti
540 1465 713 1502 Mundo
734 1464 851 1502 sedes
872 1464 970 1502 suas
986 1464 1220 1507 obtinuisse,
1245 1464 1363 1510 quod
1384 1463 1496 1501 adeo
1516 1463 1730 1501 notabiles
1752 1462 1789 1500 &
1810 1462 1989 1500 illustres

349 1520 455 1566 initij
476 1517 513 1555 8(
529 1517 628 1556 finis
644 1518 706 1555 sui
723 1523 867 1555 motus
883 1517 958 1555 sub
978 1519 1121 1564 primo
1137 1517 1291 1555 mobili
1306 1516 1475 1554 sortitus
1491 1516 1537 1554 fit
1552 1518 1774 1554 terminos.
1796 1516 1914 1554 Nam
1935 1516 1989 1554 ab

349 1571 437 1619 ipso
457 1571 644 1618 Tropico
666 1571 924 1618 Capricorni
944 1570 1179 1608 ascendens
1200 1581 1276 1618 per
1296 1569 1597 1617 AEquatorem,
1620 1569 1696 1607 suo
1717 1568 1847 1608 duem
1867 1580 1988 1617 regu-

348 1624 485 1662 larem
511 1624 681 1662 cursum
706 1623 969 1667 absoluebat,
995 1624 1134 1661 donec
1158 1624 1213 1661 ad
1239 1623 1425 1661 alterum
1449 1622 1686 1670 Tropicum
1711 1622 1870 1661 Cancri
1895 1633 1987 1669 per-

349 1678 534 1722 uenisset,
556 1678 627 1715 vbi
647 1678 825 1715 tandem
846 1679 1038 1715 euanuit.
1061 1676 1178 1714 Licet
1193 1688 1298 1714 vero
1315 1676 1563 1724 Imaginarij
1587 1675 1664 1713 fint
1684 1675 1729 1713 hi
1745 1677 1791 1713 in
1807 1674 1990 1722 Sphaera

350 1730 525 1774 Circuli,
549 1737 697 1768 tamen
717 1742 817 1768 cum
838 1730 1057 1778 Eclipticae
1077 1729 1223 1768 versus
1243 1735 1475 1777 Vtrumque
1496 1729 1652 1767 Polum
1675 1729 1988 1776 diuagationes,

350 1786 462 1821 intra
481 1784 579 1821 suos
599 1784 756 1822 limites
777 1783 1021 1828 cohibeant,
1043 1783 1283 1821 admodum
1303 1782 1487 1830 infignes
1507 1783 1661 1826 Arcus,
1684 1782 1990 1820 limitationem

350 1842 494 1874 motus
511 1837 708 1875 Cometae
725 1836 999 1875 definierunt.
1022 1836 1138 1874 Cum
1160 1838 1278 1874 enim
1294 1838 1329 1873 is
1350 1835 1522 1873 cursum
1542 1835 1667 1873 suum
1683 1834 1738 1872 ab
1754 1834 1890 1873 altero
1911 1834 1988 1872 ho-

350 1901 448 1927 rum
470 1889 697 1933 inchoarit,
721 1890 758 1927 8(
781 1892 826 1927 in
849 1890 1035 1927 alterum
1056 1890 1293 1933 deduxerit,
1312 1888 1454 1936 ficque
1473 1891 1586 1926 intra
1601 1890 1810 1926 terminos
1827 1887 1990 1926 Solaris

350 1948 506 1985 motus,
524 1955 634 1989 quos
646 1943 882 1980 Parallelos
893 1942 1125 1990 AEquatori
1135 1948 1225 1980 toto
1237 1953 1356 1980 anno
1373 1941 1573 1989 defignat,
1591 1941 1796 1988 exquifite
1812 1940 1988 1978 cohibu—

352 1998 441 2038 erit,
459 1998 555 2042 quis
571 1995 739 2033 inficias
756 1998 816 2033 ire
833 1998 1000 2042 poterit,
1017 1995 1201 2034 Coeleste
1218 1995 1322 2043 quid
1338 1995 1440 2033 huic
1457 1994 1655 2033 Cometae
1672 1994 1844 2032 inlitum
1859 1993 1988 2031 fuisse.

352 2049 456 2086 Non
473 2050 590 2086 enim
606 2048 634 2085 fi
651 2050 695 2085 in
713 2048 977 2086 Elementari
993 2048 1176 2096 Sphaera
1196 2049 1396 2092 extitisset,
1417 2053 1584 2086 tantam
1600 2049 1646 2085 in
1661 2052 1781 2085 moto
1797 2046 1873 2084 suo
1890 2058 1989 2084 cum

352 2101 608 2139 Coelestibus
631 2101 816 2139 Circulis
840 2104 971 2139 etiam
993 2103 1263 2149 imaginarijS
1286 2101 1525 2139 obtinuisset
1549 2102 1920 2143 conuenientiam;
1946 2105 1989 2137 vt

352 2155 406 2192 ob
426 2155 469 2192 id
491 2166 543 2192 ex
563 2154 630 2192 his
651 2154 855 2192 omnibus
871 2155 1124 2199 rationibus,
1144 2160 1289 2192 motus
1306 2154 1504 2193 Cometae
1519 2153 1594 2192 sub
1612 2153 1789 2192 Circulo
1804 2151 1988 2200 perfecte

350 2209 558 2251 maximo,
571 2207 608 2245 8(
620 2212 742 2245 motu
753 2210 799 2244 in
811 2208 965 2245 eodem
977 2208 1163 2255 regulari
1177 2207 1214 2245 8(
1225 2207 1553 2255 proportionali,
1571 2218 1621 2244 ac
1636 2207 1837 2250 tardiore,
1854 2217 1989 2252 quam

351 2260 489 2298 Lunae
511 2261 795 2298 remotissimae
817 2260 882 2303 est,
907 2260 1091 2307 locoque
1114 2263 1221 2309 initij
1247 2261 1284 2298 8(
1304 2260 1405 2298 finis
1424 2260 1487 2298 sui
1507 2264 1651 2297 motus
1672 2265 1762 2297 tam
1782 2259 1930 2296 illustri
1951 2258 1989 2296 &

352 2313 555 2357 euidenti,
571 2313 829 2351 sufficienter
841 2314 1115 2361 comprobari
1127 2314 1255 2361 possit‚
1273 2313 1506 2351 Cometam
1517 2312 1635 2350 hunc
1646 2314 1828 2350 minime
1839 2313 1884 2349 in
1896 2311 1988 2350 sub·

350 2366 495 2404 lunari
512 2366 699 2410 Mundo,
715 2366 784 2404 sed
801 2368 846 2403 in
861 2366 950 2413 ipso
967 2366 1158 2409 AEthere‚
1175 2372 1431 2414 generatum
1447 2366 1630 2403 extitisse.

403 2419 568 2457 Verum
588 2419 783 2466 plerique
803 2431 895 2456 non
914 2418 1039 2457 facile
1060 2420 1345 2463 assentientur‚
1369 2424 1538 2457 motum
1559 2420 1653 2456 eius
1672 2417 1817 2460 talem,
1840 2417 1915 2455 sub
1936 2428 1988 2455 ea

351 2483 484 2519 quam
509 2472 698 2509 diximus
722 2474 921 2519 portione
947 2472 1110 2510 Circuli
1135 2472 1262 2517 fuisse,
1289 2472 1466 2519 qualem
1490 2483 1608 2509 nunc
1633 2471 1895 2509 asseruimuS.
1917 2470 1987 2508 Vt-

351 2527 555 2572 quamuis
576 2536 629 2562 ex
648 2524 910 2572 supradic‘tis,
931 2526 1003 2563 vbi
1023 2525 1145 2562 locus
1166 2527 1259 2563 eius
1280 2526 1335 2563 ad
1356 2524 1543 2572 fingulas
1560 2523 1896 2562 Obseruationes
1917 2523 1986 2560 de-

1728 2576 1987 2614 monstratus

2032 837 2062 862 10

2032 1103 2062 1128 15

2023 1256 2064 1288 95

2027 1368 2061 1394 20

2027 1635 2059 1659 25

2027 1899 2061 1925 30

2027 2165 2059 2190 35

2025 2429 2059 2454 40
