<?xml version="1.0" encoding="UTF-8"?>
<!DOCTYPE html PUBLIC "-//W3C//DTD XHTML 1.0 Transitional//EN"
    "http://www.w3.org/TR/xhtml1/DTD/xhtml1-transitional.dtd">
<html xmlns="http://www.w3.org/1999/xhtml" xml:lang="en" lang="en">
 <head>
  <title>
</title>
<meta http-equiv="Content-Type" content="text/html;charset=utf-8" />
  <meta name='ocr-system' content='tesseract 3.04.00' />
  <meta name='ocr-capabilities' content='ocr_page ocr_carea ocr_par ocr_line ocrx_word'/>
</head>
<body>
  <div class='ocr_page' id='page_1' title='image "./operaomniaedidit04brahuoft_0495.png"; bbox 0 0 2209 3213; ppageno 0'>
   <div class='ocr_carea' id='block_1_1' title="bbox 114 573 130 597">
    <p class='ocr_par' dir='ltr' id='par_1_1' title="bbox 114 573 130 597">
     <span class='ocr_line' id='line_1_1' title="bbox 114 573 130 597; baseline 0 0"><span class='ocrx_word' id='word_1_1' title='bbox 114 573 130 597; x_wconf 84' lang='lat'><strong>5</strong></span> 
     </span>
    </p>
   </div>
   <div class='ocr_carea' id='block_1_2' title="bbox 84 672 143 704">
    <p class='ocr_par' dir='ltr' id='par_1_2' title="bbox 84 672 143 704">
     <span class='ocr_line' id='line_1_2' title="bbox 84 672 143 704; baseline 0 0"><span class='ocrx_word' id='word_1_2' title='bbox 84 672 143 704; x_wconf 81' lang='lat' dir='ltr'>38r</span> 
     </span>
    </p>
   </div>
   <div class='ocr_carea' id='block_1_3' title="bbox 100 838 130 863">
    <p class='ocr_par' dir='ltr' id='par_1_3' title="bbox 100 838 130 863">
     <span class='ocr_line' id='line_1_3' title="bbox 100 838 130 863; baseline 0 0"><span class='ocrx_word' id='word_1_3' title='bbox 100 838 130 863; x_wconf 91' lang='lat'>10</span> 
     </span>
    </p>
   </div>
   <div class='ocr_carea' id='block_1_4' title="bbox 101 1103 131 1128">
    <p class='ocr_par' dir='ltr' id='par_1_4' title="bbox 101 1103 131 1128">
     <span class='ocr_line' id='line_1_4' title="bbox 101 1103 131 1128; baseline 0 0"><span class='ocrx_word' id='word_1_4' title='bbox 101 1103 131 1128; x_wconf 84' lang='lat'>15</span> 
     </span>
    </p>
   </div>
   <div class='ocr_carea' id='block_1_5' title="bbox 99 1368 132 1394">
    <p class='ocr_par' dir='ltr' id='par_1_5' title="bbox 99 1368 132 1394">
     <span class='ocr_line' id='line_1_5' title="bbox 99 1368 132 1394; baseline 0 0"><span class='ocrx_word' id='word_1_5' title='bbox 99 1368 132 1394; x_wconf 92' lang='lat'>20</span> 
     </span>
    </p>
   </div>
   <div class='ocr_carea' id='block_1_6' title="bbox 99 1634 132 1659">
    <p class='ocr_par' dir='ltr' id='par_1_6' title="bbox 99 1634 132 1659">
     <span class='ocr_line' id='line_1_6' title="bbox 99 1634 132 1659; baseline 0 0"><span class='ocrx_word' id='word_1_6' title='bbox 99 1634 132 1659; x_wconf 89' lang='lat'>25</span> 
     </span>
    </p>
   </div>
   <div class='ocr_carea' id='block_1_7' title="bbox 99 1899 132 1925">
    <p class='ocr_par' dir='ltr' id='par_1_7' title="bbox 99 1899 132 1925">
     <span class='ocr_line' id='line_1_7' title="bbox 99 1899 132 1925; baseline 0 0"><span class='ocrx_word' id='word_1_7' title='bbox 99 1899 132 1925; x_wconf 86' lang='lat'>30</span> 
     </span>
    </p>
   </div>
   <div class='ocr_carea' id='block_1_8' title="bbox 101 2165 133 2191">
    <p class='ocr_par' dir='ltr' id='par_1_8' title="bbox 101 2165 133 2191">
     <span class='ocr_line' id='line_1_8' title="bbox 101 2165 133 2191; baseline 0 0"><span class='ocrx_word' id='word_1_8' title='bbox 101 2165 133 2191; x_wconf 87' lang='grc'>35</span> 
     </span>
    </p>
   </div>
   <div class='ocr_carea' id='block_1_9' title="bbox 88 2212 152 2245">
    <p class='ocr_par' dir='ltr' id='par_1_9' title="bbox 88 2212 152 2245">
     <span class='ocr_line' id='line_1_9' title="bbox 88 2212 152 2245; baseline -0.016 0"><span class='ocrx_word' id='word_1_9' title='bbox 88 2212 152 2245; x_wconf 67' lang='grc' dir='ltr'>38ν</span> 
     </span>
    </p>
   </div>
   <div class='ocr_carea' id='block_1_10' title="bbox 104 2431 137 2457">
    <p class='ocr_par' dir='ltr' id='par_1_10' title="bbox 104 2431 137 2457">
     <span class='ocr_line' id='line_1_10' title="bbox 104 2431 137 2457; baseline 0.03 -1"><span class='ocrx_word' id='word_1_10' title='bbox 104 2431 137 2457; x_wconf 78' lang='grc'>40</span> 
     </span>
    </p>
   </div>
   <div class='ocr_carea' id='block_1_11' title="bbox 422 242 1806 286">
    <p class='ocr_par' dir='ltr' id='par_1_11' title="bbox 422 242 1806 286">
     <span class='ocr_line' id='line_1_11' title="bbox 422 242 1806 286; baseline 0.004 -6"><span class='ocrx_word' id='word_1_11' title='bbox 422 242 511 280; x_wconf 86' lang='lat' dir='ltr'>AD</span> <span class='ocrx_word' id='word_1_12' title='bbox 534 243 845 282; x_wconf 89' lang='lat' dir='ltr'>CRAIGUM</span> <span class='ocrx_word' id='word_1_13' title='bbox 866 244 1136 283; x_wconf 90' lang='lat' dir='ltr'>SCOTUM</span> <span class='ocrx_word' id='word_1_14' title='bbox 1159 245 1242 283; x_wconf 90' lang='lat' dir='ltr'>DE</span> <span class='ocrx_word' id='word_1_15' title='bbox 1263 246 1550 285; x_wconf 90' lang='lat' dir='ltr'>COMETIS</span> <span class='ocrx_word' id='word_1_16' title='bbox 1730 249 1806 286; x_wconf 86' lang='lat'>473</span> 
     </span>
    </p>
   </div>
   <div class='ocr_carea' id='block_1_12' title="bbox 161 347 1823 2578">
    <p class='ocr_par' dir='ltr' id='par_1_12' title="bbox 161 347 1823 2578">
     <span class='ocr_line' id='line_1_12' title="bbox 167 347 1806 399; baseline 0.004 -14"><span class='ocrx_word' id='word_1_17' title='bbox 167 350 211 386; x_wconf 89' lang='lat' dir='ltr'>in</span> <span class='ocrx_word' id='word_1_18' title='bbox 227 347 295 385; x_wconf 92' lang='lat' dir='ltr'>his</span> <span class='ocrx_word' id='word_1_19' title='bbox 311 347 540 395; x_wconf 88' lang='lat' dir='ltr'>prioribus,</span> <span class='ocrx_word' id='word_1_20' title='bbox 557 348 627 386; x_wconf 94' lang='lat' dir='ltr'>sed</span> <span class='ocrx_word' id='word_1_21' title='bbox 643 351 688 387; x_wconf 92' lang='lat' dir='ltr'>in</span> <span class='ocrx_word' id='word_1_22' title='bbox 704 350 875 388; x_wconf 91' lang='lat' dir='ltr'>duabus</span> <span class='ocrx_word' id='word_1_23' title='bbox 892 352 1024 388; x_wconf 89' lang='lat' dir='ltr'>etiam</span> <span class='ocrx_word' id='word_1_24' title='bbox 1037 351 1134 399; x_wconf 90' lang='lat' dir='ltr'>alijs</span> <span class='ocrx_word' id='word_1_25' title='bbox 1148 351 1422 399; x_wconf 85' lang='lat' dir='ltr'>postmodum</span> <span class='ocrx_word' id='word_1_26' title='bbox 1433 354 1558 391; x_wconf 90' lang='lat' dir='ltr'>missis</span> <span class='ocrx_word' id='word_1_27' title='bbox 1570 353 1703 392; x_wconf 88' lang='lat' dir='ltr'>literis</span> <span class='ocrx_word' id='word_1_28' title='bbox 1715 365 1806 392; x_wconf 90' lang='lat' dir='ltr'>mo-</span> 
     </span>
     <span class='ocr_line' id='line_1_13' title="bbox 166 401 1806 452; baseline 0.004 -14"><span class='ocrx_word' id='word_1_29' title='bbox 166 412 253 445; x_wconf 92' lang='lat' dir='ltr'>ves,</span> <span class='ocrx_word' id='word_1_30' title='bbox 275 403 406 439; x_wconf 92' lang='lat' dir='ltr'>etiam</span> <span class='ocrx_word' id='word_1_31' title='bbox 422 401 689 440; x_wconf 91' lang='lat' dir='ltr'>discutienda</span> <span class='ocrx_word' id='word_1_32' title='bbox 704 402 826 447; x_wconf 84' lang='lat' dir='ltr'>foret,</span> <span class='ocrx_word' id='word_1_33' title='bbox 846 404 960 450; x_wconf 89' lang='lat' dir='ltr'>qvod</span> <span class='ocrx_word' id='word_1_34' title='bbox 977 416 1062 451; x_wconf 88' lang='lat' dir='ltr'>qva</span> <span class='ocrx_word' id='word_1_35' title='bbox 1078 403 1172 442; x_wconf 90' lang='lat' dir='ltr'>fieri</span> <span class='ocrx_word' id='word_1_36' title='bbox 1188 407 1344 452; x_wconf 88' lang='lat' dir='ltr'>poterit</span> <span class='ocrx_word' id='word_1_37' title='bbox 1359 405 1580 450; x_wconf 88' lang='lat' dir='ltr'>brevitate,</span> <span class='ocrx_word' id='word_1_38' title='bbox 1602 419 1719 445; x_wconf 91' lang='lat' dir='ltr'>nunc</span> <span class='ocrx_word' id='word_1_39' title='bbox 1736 419 1806 445; x_wconf 82' lang='lat' dir='ltr'>ex—</span> 
     </span>
     <span class='ocr_line' id='line_1_14' title="bbox 165 453 1806 505; baseline 0.005 -15"><span class='ocrx_word' id='word_1_40' title='bbox 165 454 352 502; x_wconf 88' lang='lat' dir='ltr'>pediam.</span> <span class='ocrx_word' id='word_1_41' title='bbox 377 454 445 492; x_wconf 87' lang='lat' dir='ltr'>De</span> <span class='ocrx_word' id='word_1_42' title='bbox 468 453 551 492; x_wconf 88' lang='lat' dir='ltr'>hac</span> <span class='ocrx_word' id='word_1_43' title='bbox 575 466 620 492; x_wconf 93' lang='lat' dir='ltr'>re</span> <span class='ocrx_word' id='word_1_44' title='bbox 643 458 688 492; x_wconf 94' lang='lat' dir='ltr'>in</span> <span class='ocrx_word' id='word_1_45' title='bbox 710 455 779 493; x_wconf 91' lang='lat' dir='ltr'>his</span> <span class='ocrx_word' id='word_1_46' title='bbox 801 456 910 503; x_wconf 86' lang='lat' dir='ltr'>ipsis,</span> <span class='ocrx_word' id='word_1_47' title='bbox 934 459 1076 503; x_wconf 90' lang='lat' dir='ltr'>primo</span> <span class='ocrx_word' id='word_1_48' title='bbox 1099 457 1154 495; x_wconf 91' lang='lat' dir='ltr'>ad</span> <span class='ocrx_word' id='word_1_49' title='bbox 1177 469 1247 495; x_wconf 88' lang='lat' dir='ltr'>me</span> <span class='ocrx_word' id='word_1_50' title='bbox 1270 458 1432 505; x_wconf 88' lang='lat' dir='ltr'>scriptis</span> <span class='ocrx_word' id='word_1_51' title='bbox 1454 459 1588 497; x_wconf 90' lang='lat' dir='ltr'>literis</span> <span class='ocrx_word' id='word_1_52' title='bbox 1610 459 1663 498; x_wconf 89' lang='lat' dir='ltr'>fic</span> <span class='ocrx_word' id='word_1_53' title='bbox 1687 460 1806 498; x_wconf 89' lang='lat' dir='ltr'>faris:</span> 
     </span>
     <span class='ocr_line' id='line_1_15' title="bbox 168 506 1811 560; baseline 0.005 -16"><span class='ocrx_word' id='word_1_54' title='bbox 168 506 301 554; x_wconf 76' lang='lat' dir='ltr'>Qvod</span> <span class='ocrx_word' id='word_1_55' title='bbox 321 507 382 544; x_wconf 87' lang='lat' dir='ltr'>ad</span> <span class='ocrx_word' id='word_1_56' title='bbox 401 506 529 545; x_wconf 87' lang='lat' dir='ltr'>iIIam</span> <span class='ocrx_word' id='word_1_57' title='bbox 552 508 778 546; x_wconf 84' lang='lat' dir='ltr'>mundani</span> <span class='ocrx_word' id='word_1_58' title='bbox 798 507 1070 558; x_wconf 82' lang='lat' dir='ltr'>Syftematis</span> <span class='ocrx_word' id='word_1_59' title='bbox 1091 509 1392 560; x_wconf 75' lang='lat' dir='ltr'>hypotyposin</span> <span class='ocrx_word' id='word_1_60' title='bbox 1416 512 1591 557; x_wconf 86' lang='lat' dir='ltr'>attinet,</span> <span class='ocrx_word' id='word_1_61' title='bbox 1617 523 1735 559; x_wconf 87' lang='lat' dir='ltr'>cum,</span> <span class='ocrx_word' id='word_1_62' title='bbox 1761 515 1811 552; x_wconf 89' lang='lat' dir='ltr'>ut</span> 
     </span>
     <span class='ocr_line' id='line_1_16' title="bbox 161 559 1807 613; baseline 0.005 -16"><span class='ocrx_word' id='word_1_63' title='bbox 161 559 535 609; x_wconf 75' lang='lat' dir='ltr'>penetrationem</span> <span class='ocrx_word' id='word_1_64' title='bbox 549 559 877 609; x_wconf 84' lang='lat' dir='ltr'>dimensionum</span> <span class='ocrx_word' id='word_1_65' title='bbox 891 561 1053 607; x_wconf 80' lang='lat' dir='ltr'>evites,</span> <span class='ocrx_word' id='word_1_66' title='bbox 1067 563 1290 602; x_wconf 84' lang='lat' dir='ltr'>Planetas</span> <span class='ocrx_word' id='word_1_67' title='bbox 1296 575 1387 613; x_wconf 88' lang='lat' dir='ltr'>per</span> <span class='ocrx_word' id='word_1_68' title='bbox 1395 564 1618 613; x_wconf 81' lang='lat' dir='ltr'>quVidum</span> <span class='ocrx_word' id='word_1_69' title='bbox 1629 567 1807 605; x_wconf 86' lang='lat' dir='ltr'>aethera</span> 
     </span>
     <span class='ocr_line' id='line_1_17' title="bbox 161 611 1810 664; baseline 0.005 -14"><span class='ocrx_word' id='word_1_70' title='bbox 161 611 386 662; x_wconf 82' lang='lat' dir='ltr'>progressi</span> <span class='ocrx_word' id='word_1_71' title='bbox 389 623 446 651; x_wconf 87' lang='lat' dir='ltr'>VO</span> <span class='ocrx_word' id='word_1_72' title='bbox 457 614 584 651; x_wconf 90' lang='lat' dir='ltr'>motu</span> <span class='ocrx_word' id='word_1_73' title='bbox 596 612 713 652; x_wconf 79' lang='lat' dir='ltr'>ferri</span> <span class='ocrx_word' id='word_1_74' title='bbox 715 612 864 661; x_wconf 79' lang='lat' dir='ltr'>statua</span> <span class='ocrx_word' id='word_1_75' title='bbox 872 626 903 659; x_wconf 79' lang='lat' dir='ltr'>s,</span> <span class='ocrx_word' id='word_1_76' title='bbox 923 617 972 653; x_wconf 92' lang='lat' dir='ltr'>ut</span> <span class='ocrx_word' id='word_1_77' title='bbox 982 615 1074 653; x_wconf 83' lang='lat' dir='ltr'>alia</span> <span class='ocrx_word' id='word_1_78' title='bbox 1082 618 1377 664; x_wconf 85' lang='lat' dir='ltr'>praeteream,</span> <span class='ocrx_word' id='word_1_79' title='bbox 1396 617 1642 657; x_wconf 86' lang='lat' dir='ltr'>circularis</span> <span class='ocrx_word' id='word_1_80' title='bbox 1653 621 1810 658; x_wconf 87' lang='lat' dir='ltr'>motus</span> 
     </span>
     <span class='ocr_line' id='line_1_18' title="bbox 166 664 1809 718; baseline 0.005 -15"><span class='ocrx_word' id='word_1_81' title='bbox 166 664 435 715; x_wconf 74' lang='lat' dir='ltr'>hypothesin</span> <span class='ocrx_word' id='word_1_82' title='bbox 452 668 652 712; x_wconf 75' lang='lat' dir='ltr'>evertes,</span> <span class='ocrx_word' id='word_1_83' title='bbox 675 668 722 705; x_wconf 88' lang='lat' dir='ltr'>et</span> <span class='ocrx_word' id='word_1_84' title='bbox 737 664 830 717; x_wconf 74' lang='lat' dir='ltr'>ap-{l</span> <span class='ocrx_word' id='word_1_85' title='bbox 835 678 1013 716; x_wconf 83' lang='lat' dir='ltr'>parens</span> <span class='ocrx_word' id='word_1_86' title='bbox 1029 669 1264 707; x_wconf 84' lang='lat' dir='ltr'>anomalia</span> <span class='ocrx_word' id='word_1_87' title='bbox 1276 681 1366 718; x_wconf 87' lang='lat' dir='ltr'>per</span> <span class='ocrx_word' id='word_1_88' title='bbox 1379 670 1557 710; x_wconf 85' lang='lat' dir='ltr'>helices</span> <span class='ocrx_word' id='word_1_89' title='bbox 1572 671 1809 710; x_wconf 90' lang='lat' dir='ltr'>indemon-</span> 
     </span>
     <span class='ocr_line' id='line_1_19' title="bbox 161 717 1807 771; baseline 0.005 -15"><span class='ocrx_word' id='word_1_90' title='bbox 161 717 363 767; x_wconf 81' lang='lat' dir='ltr'>strabilis</span> <span class='ocrx_word' id='word_1_91' title='bbox 379 718 776 758; x_wconf 68' lang='lat' dir='ltr'>&amp;inextricabilis</span> <span class='ocrx_word' id='word_1_92' title='bbox 791 721 1021 759; x_wconf 80' lang='lat' dir='ltr'>reddetur.</span> <span class='ocrx_word' id='word_1_93' title='bbox 1040 721 1120 760; x_wconf 86' lang='lat' dir='ltr'>Sic</span> <span class='ocrx_word' id='word_1_94' title='bbox 1136 720 1198 768; x_wconf 81' lang='lat' dir='ltr'>est</span> <span class='ocrx_word' id='word_1_95' title='bbox 1211 721 1417 771; x_wconf 80' lang='lat' dir='ltr'>Systema</span> <span class='ocrx_word' id='word_1_96' title='bbox 1434 722 1807 771; x_wconf 75' lang='lat' dir='ltr'>constituendum,</span> 
     </span>
     <span class='ocr_line' id='line_1_20' title="bbox 168 771 1814 827; baseline 0.005 -18"><span class='ocrx_word' id='word_1_97' title='bbox 168 774 218 810; x_wconf 90' lang='lat' dir='ltr'>ut</span> <span class='ocrx_word' id='word_1_98' title='bbox 230 771 793 819; x_wconf 82' lang='lat' dir='ltr'>habeatMathematicus,</span> <span class='ocrx_word' id='word_1_99' title='bbox 816 773 864 811; x_wconf 93' lang='lat' dir='ltr'>in</span> <span class='ocrx_word' id='word_1_100' title='bbox 886 785 976 822; x_wconf 80' lang='lat' dir='ltr'>qvo</span> <span class='ocrx_word' id='word_1_101' title='bbox 997 774 1272 823; x_wconf 80' lang='lat' dir='ltr'>aeqviescat,</span> <span class='ocrx_word' id='word_1_102' title='bbox 1295 787 1383 814; x_wconf 92' lang='lat' dir='ltr'>nec</span> <span class='ocrx_word' id='word_1_103' title='bbox 1398 775 1588 826; x_wconf 89' lang='lat' dir='ltr'>Physico</span> <span class='ocrx_word' id='word_1_104' title='bbox 1602 776 1666 825; x_wconf 87' lang='lat' dir='ltr'>sit,</span> <span class='ocrx_word' id='word_1_105' title='bbox 1690 779 1814 827; x_wconf 76' lang='lat' dir='ltr'>qvod</span> 
     </span>
     <span class='ocr_line' id='line_1_21' title="bbox 168 824 1809 879; baseline 0.004 -15"><span class='ocrx_word' id='word_1_106' title='bbox 168 825 495 870; x_wconf 83' lang='lat' dir='ltr'>obmurmuret,</span> <span class='ocrx_word' id='word_1_107' title='bbox 521 824 586 864; x_wconf 87' lang='lat' dir='ltr'>ita</span> <span class='ocrx_word' id='word_1_108' title='bbox 612 827 662 864; x_wconf 88' lang='lat' dir='ltr'>ut</span> <span class='ocrx_word' id='word_1_109' title='bbox 681 829 919 875; x_wconf 78' lang='lat' dir='ltr'>neqveant</span> <span class='ocrx_word' id='word_1_110' title='bbox 941 827 1107 865; x_wconf 89' lang='lat' dir='ltr'>horum</span> <span class='ocrx_word' id='word_1_111' title='bbox 1131 827 1511 877; x_wconf 85' lang='lat' dir='ltr'>Philosophorum</span> <span class='ocrx_word' id='word_1_112' title='bbox 1536 829 1809 879; x_wconf 82' lang='lat' dir='ltr'>demonstra-</span> 
     </span>
     <span class='ocr_line' id='line_1_22' title="bbox 168 877 1811 922; baseline 0.004 -6"><span class='ocrx_word' id='word_1_113' title='bbox 168 877 321 917; x_wconf 87' lang='lat' dir='ltr'>tiones</span> <span class='ocrx_word' id='word_1_114' title='bbox 337 878 670 918; x_wconf 80' lang='lat' dir='ltr'>contradicere.</span> <span class='ocrx_word' id='word_1_115' title='bbox 687 879 800 917; x_wconf 85' lang='lat' dir='ltr'>Haec</span> <span class='ocrx_word' id='word_1_116' title='bbox 812 891 838 917; x_wconf 92' lang='lat' dir='ltr'>a</span> <span class='ocrx_word' id='word_1_117' title='bbox 849 885 889 917; x_wconf 90' lang='lat' dir='ltr'>te</span> <span class='ocrx_word' id='word_1_118' title='bbox 902 882 1015 918; x_wconf 90' lang='lat' dir='ltr'>circa</span> <span class='ocrx_word' id='word_1_119' title='bbox 1027 880 1215 919; x_wconf 88' lang='lat' dir='ltr'>nostram</span> <span class='ocrx_word' id='word_1_120' title='bbox 1227 884 1494 920; x_wconf 87' lang='lat' dir='ltr'>neotericam</span> <span class='ocrx_word' id='word_1_121' title='bbox 1508 885 1811 922; x_wconf 85' lang='lat' dir='ltr'>inventionem</span> 
     </span>
     <span class='ocr_line' id='line_1_23' title="bbox 168 931 1811 980; baseline 0.004 -12"><span class='ocrx_word' id='word_1_122' title='bbox 168 933 213 969; x_wconf 91' lang='lat' dir='ltr'>in</span> <span class='ocrx_word' id='word_1_123' title='bbox 236 933 417 969; x_wconf 90' lang='lat' dir='ltr'>circuitu</span> <span class='ocrx_word' id='word_1_124' title='bbox 440 931 676 980; x_wconf 82' lang='lat' dir='ltr'>coelestium</span> <span class='ocrx_word' id='word_1_125' title='bbox 700 944 935 980; x_wconf 91' lang='lat' dir='ltr'>corporum</span> <span class='ocrx_word' id='word_1_126' title='bbox 959 945 1012 971; x_wconf 90' lang='lat' dir='ltr'>ex</span> <span class='ocrx_word' id='word_1_127' title='bbox 1035 933 1131 980; x_wconf 87' lang='lat' dir='ltr'>ipsis</span> <span class='ocrx_word' id='word_1_128' title='bbox 1155 934 1528 974; x_wconf 86' lang='lat' dir='ltr'>observationibus</span> <span class='ocrx_word' id='word_1_129' title='bbox 1548 937 1720 975; x_wconf 86' lang='lat' dir='ltr'>coelitus</span> <span class='ocrx_word' id='word_1_130' title='bbox 1741 938 1811 975; x_wconf 90' lang='lat' dir='ltr'>de-</span> 
     </span>
     <span class='ocr_line' id='line_1_24' title="bbox 168 983 1812 1036; baseline 0.004 -14"><span class='ocrx_word' id='word_1_131' title='bbox 168 983 342 1022; x_wconf 66' lang='lat' dir='ltr'>ductam</span> <span class='ocrx_word' id='word_1_132' title='bbox 358 986 418 1022; x_wconf 89' lang='lat' dir='ltr'>ita</span> <span class='ocrx_word' id='word_1_133' title='bbox 433 991 752 1032; x_wconf 87' lang='lat' dir='ltr'>proponuntur,</span> <span class='ocrx_word' id='word_1_134' title='bbox 775 997 872 1033; x_wconf 83' lang='lat' dir='ltr'>qvae</span> <span class='ocrx_word' id='word_1_135' title='bbox 889 997 947 1024; x_wconf 91' lang='lat' dir='ltr'>an</span> <span class='ocrx_word' id='word_1_136' title='bbox 963 988 1042 1024; x_wconf 89' lang='lat' dir='ltr'>rite</span> <span class='ocrx_word' id='word_1_137' title='bbox 1059 987 1261 1032; x_wconf 86' lang='lat' dir='ltr'>constent,</span> <span class='ocrx_word' id='word_1_138' title='bbox 1283 988 1580 1035; x_wconf 89' lang='lat' dir='ltr'>disqviremus.</span> <span class='ocrx_word' id='word_1_139' title='bbox 1603 989 1731 1036; x_wconf 91' lang='lat' dir='ltr'>Qvod</span> <span class='ocrx_word' id='word_1_140' title='bbox 1747 993 1812 1028; x_wconf 92' lang='lat' dir='ltr'>ais</span> 
     </span>
     <span class='ocr_line' id='line_1_25' title="bbox 167 1037 1811 1088; baseline 0.004 -14"><span class='ocrx_word' id='word_1_141' title='bbox 167 1049 238 1075; x_wconf 90' lang='lat' dir='ltr'>me</span> <span class='ocrx_word' id='word_1_142' title='bbox 259 1037 481 1075; x_wconf 91' lang='lat' dir='ltr'>circularis</span> <span class='ocrx_word' id='word_1_143' title='bbox 502 1044 647 1076; x_wconf 88' lang='lat' dir='ltr'>motus</span> <span class='ocrx_word' id='word_1_144' title='bbox 664 1039 939 1087; x_wconf 88' lang='lat' dir='ltr'>Hypothesin</span> <span class='ocrx_word' id='word_1_145' title='bbox 959 1045 1151 1077; x_wconf 86' lang='lat' dir='ltr'>evertere</span> <span class='ocrx_word' id='word_1_146' title='bbox 1169 1039 1207 1077; x_wconf 87' lang='lat'>&amp;</span> <span class='ocrx_word' id='word_1_147' title='bbox 1222 1052 1299 1088; x_wconf 90' lang='lat' dir='ltr'>per</span> <span class='ocrx_word' id='word_1_148' title='bbox 1318 1041 1479 1079; x_wconf 89' lang='lat' dir='ltr'>helices</span> <span class='ocrx_word' id='word_1_149' title='bbox 1501 1043 1811 1081; x_wconf 86' lang='lat' dir='ltr'>indemonstra-</span> 
     </span>
     <span class='ocr_line' id='line_1_26' title="bbox 167 1090 1810 1144; baseline 0.004 -16"><span class='ocrx_word' id='word_1_150' title='bbox 167 1090 276 1128; x_wconf 91' lang='lat' dir='ltr'>biles</span> <span class='ocrx_word' id='word_1_151' title='bbox 301 1102 393 1128; x_wconf 89' lang='lat' dir='ltr'>rem</span> <span class='ocrx_word' id='word_1_152' title='bbox 419 1091 604 1139; x_wconf 85' lang='lat' dir='ltr'>aggredi,</span> <span class='ocrx_word' id='word_1_153' title='bbox 629 1103 721 1129; x_wconf 91' lang='lat' dir='ltr'>non</span> <span class='ocrx_word' id='word_1_154' title='bbox 746 1092 889 1130; x_wconf 90' lang='lat' dir='ltr'>levem</span> <span class='ocrx_word' id='word_1_155' title='bbox 913 1092 1042 1130; x_wconf 87' lang='lat' dir='ltr'>insert</span> <span class='ocrx_word' id='word_1_156' title='bbox 1067 1093 1217 1131; x_wconf 89' lang='lat' dir='ltr'>nostris</span> <span class='ocrx_word' id='word_1_157' title='bbox 1241 1094 1566 1142; x_wconf 89' lang='lat' dir='ltr'>Hypothefibus</span> <span class='ocrx_word' id='word_1_158' title='bbox 1590 1098 1810 1144; x_wconf 86' lang='lat' dir='ltr'>injuriam.</span> 
     </span>
     <span class='ocr_line' id='line_1_27' title="bbox 168 1144 1813 1197; baseline 0.004 -16"><span class='ocrx_word' id='word_1_159' title='bbox 168 1144 259 1191; x_wconf 91' lang='lat' dir='ltr'>Ego</span> <span class='ocrx_word' id='word_1_160' title='bbox 276 1145 393 1181; x_wconf 90' lang='lat' dir='ltr'>enim</span> <span class='ocrx_word' id='word_1_161' title='bbox 411 1155 565 1182; x_wconf 91' lang='lat' dir='ltr'>omnes</span> <span class='ocrx_word' id='word_1_162' title='bbox 581 1150 726 1183; x_wconf 89' lang='lat' dir='ltr'>motus</span> <span class='ocrx_word' id='word_1_163' title='bbox 743 1145 975 1183; x_wconf 91' lang='lat' dir='ltr'>circulares</span> <span class='ocrx_word' id='word_1_164' title='bbox 991 1145 1061 1183; x_wconf 90' lang='lat' dir='ltr'>vel</span> <span class='ocrx_word' id='word_1_165' title='bbox 1077 1148 1208 1184; x_wconf 89' lang='lat' dir='ltr'>etiam</span> <span class='ocrx_word' id='word_1_166' title='bbox 1221 1158 1243 1184; x_wconf 91' lang='lat' dir='ltr'>e</span> <span class='ocrx_word' id='word_1_167' title='bbox 1256 1147 1539 1186; x_wconf 88' lang='lat' dir='ltr'>circularibus</span> <span class='ocrx_word' id='word_1_168' title='bbox 1555 1149 1813 1197; x_wconf 90' lang='lat' dir='ltr'>compositos</span> 
     </span>
     <span class='ocr_line' id='line_1_28' title="bbox 169 1196 1811 1250; baseline 0.004 -16"><span class='ocrx_word' id='word_1_169' title='bbox 169 1197 245 1235; x_wconf 89' lang='lat' dir='ltr'>esse</span> <span class='ocrx_word' id='word_1_170' title='bbox 261 1196 381 1241; x_wconf 92' lang='lat' dir='ltr'>volo;</span> <span class='ocrx_word' id='word_1_171' title='bbox 403 1197 512 1235; x_wconf 90' lang='lat' dir='ltr'>alias</span> <span class='ocrx_word' id='word_1_172' title='bbox 534 1199 652 1235; x_wconf 92' lang='lat' dir='ltr'>enim</span> <span class='ocrx_word' id='word_1_173' title='bbox 673 1198 870 1236; x_wconf 86' lang='lat' dir='ltr'>constans</span> <span class='ocrx_word' id='word_1_174' title='bbox 891 1199 1147 1246; x_wconf 83' lang='lat' dir='ltr'>regularitas</span> <span class='ocrx_word' id='word_1_175' title='bbox 1163 1201 1209 1237; x_wconf 91' lang='lat' dir='ltr'>in</span> <span class='ocrx_word' id='word_1_176' title='bbox 1224 1205 1348 1237; x_wconf 87' lang='lat' dir='ltr'>motu</span> <span class='ocrx_word' id='word_1_177' title='bbox 1364 1201 1645 1239; x_wconf 90' lang='lat' dir='ltr'>Planetarum</span> <span class='ocrx_word' id='word_1_178' title='bbox 1661 1214 1811 1250; x_wconf 92' lang='lat' dir='ltr'>perpe-</span> 
     </span>
     <span class='ocr_line' id='line_1_29' title="bbox 168 1251 1812 1301; baseline 0.004 -14"><span class='ocrx_word' id='word_1_179' title='bbox 168 1251 282 1288; x_wconf 92' lang='lat' dir='ltr'>tuari</span> <span class='ocrx_word' id='word_1_180' title='bbox 304 1252 464 1297; x_wconf 90' lang='lat' dir='ltr'>neqvit,</span> <span class='ocrx_word' id='word_1_181' title='bbox 488 1255 564 1288; x_wconf 90' lang='lat' dir='ltr'>aut</span> <span class='ocrx_word' id='word_1_182' title='bbox 587 1253 719 1289; x_wconf 90' lang='lat' dir='ltr'>etiam</span> <span class='ocrx_word' id='word_1_183' title='bbox 741 1253 787 1289; x_wconf 92' lang='lat' dir='ltr'>in</span> <span class='ocrx_word' id='word_1_184' title='bbox 810 1263 1018 1289; x_wconf 85' lang='lat' dir='ltr'>numeros</span> <span class='ocrx_word' id='word_1_185' title='bbox 1042 1252 1209 1296; x_wconf 84' lang='lat' dir='ltr'>deduci,</span> <span class='ocrx_word' id='word_1_186' title='bbox 1236 1259 1550 1301; x_wconf 88' lang='lat' dir='ltr'>proptereaqve</span> <span class='ocrx_word' id='word_1_187' title='bbox 1574 1255 1663 1293; x_wconf 88' lang='lat' dir='ltr'>dixi</span> <span class='ocrx_word' id='word_1_188' title='bbox 1686 1256 1812 1293; x_wconf 91' lang='lat' dir='ltr'>lurni-</span> 
     </span>
     <span class='ocr_line' id='line_1_30' title="bbox 169 1302 1814 1353; baseline 0.003 -12"><span class='ocrx_word' id='word_1_189' title='bbox 169 1305 295 1341; x_wconf 87' lang='lat' dir='ltr'>naria</span> <span class='ocrx_word' id='word_1_190' title='bbox 315 1308 355 1341; x_wconf 89' lang='lat' dir='ltr'>et</span> <span class='ocrx_word' id='word_1_191' title='bbox 376 1302 576 1342; x_wconf 74' lang='lat' dir='ltr'>oc&#39;tavam</span> <span class='ocrx_word' id='word_1_192' title='bbox 592 1304 809 1352; x_wconf 86' lang='lat' dir='ltr'>sphaeram</span> <span class='ocrx_word' id='word_1_193' title='bbox 824 1304 1007 1343; x_wconf 88' lang='lat' dir='ltr'>Terram</span> <span class='ocrx_word' id='word_1_194' title='bbox 1024 1307 1263 1349; x_wconf 86' lang='lat' dir='ltr'>circumire,</span> <span class='ocrx_word' id='word_1_195' title='bbox 1285 1307 1474 1353; x_wconf 89' lang='lat' dir='ltr'>reliqvos</span> <span class='ocrx_word' id='word_1_196' title='bbox 1490 1319 1594 1345; x_wconf 92' lang='lat' dir='ltr'>vero</span> <span class='ocrx_word' id='word_1_197' title='bbox 1612 1309 1814 1346; x_wconf 91' lang='lat' dir='ltr'>Planetas</span> 
     </span>
     <span class='ocr_line' id='line_1_31' title="bbox 173 1358 1812 1407; baseline 0.004 -14"><span class='ocrx_word' id='word_1_198' title='bbox 173 1358 265 1401; x_wconf 58' lang='grc' dir='ltr'>ΘΜ,</span> <span class='ocrx_word' id='word_1_199' title='bbox 283 1359 519 1404; x_wconf 90' lang='lat' dir='ltr'>omniaqve</span> <span class='ocrx_word' id='word_1_200' title='bbox 536 1358 737 1395; x_wconf 92' lang='lat' dir='ltr'>circulari</span> <span class='ocrx_word' id='word_1_201' title='bbox 752 1360 924 1396; x_wconf 81' lang='lat' dir='ltr'>tramite</span> <span class='ocrx_word' id='word_1_202' title='bbox 940 1358 1035 1396; x_wconf 91' lang='lat' dir='ltr'>fieri</span> <span class='ocrx_word' id='word_1_203' title='bbox 1051 1370 1143 1396; x_wconf 90' lang='lat' dir='ltr'>non</span> <span class='ocrx_word' id='word_1_204' title='bbox 1158 1361 1327 1406; x_wconf 88' lang='lat' dir='ltr'>negavi,</span> <span class='ocrx_word' id='word_1_205' title='bbox 1345 1362 1435 1397; x_wconf 93' lang='lat' dir='ltr'>imo</span> <span class='ocrx_word' id='word_1_206' title='bbox 1452 1367 1676 1407; x_wconf 82' lang='lat' dir='ltr'>aeqvantes</span> <span class='ocrx_word' id='word_1_207' title='bbox 1693 1362 1730 1399; x_wconf 86' lang='lat'>&amp;</span> <span class='ocrx_word' id='word_1_208' title='bbox 1748 1373 1812 1400; x_wconf 93' lang='lat' dir='ltr'>ec-</span> 
     </span>
     <span class='ocr_line' id='line_1_32' title="bbox 169 1409 1813 1460; baseline 0.004 -14"><span class='ocrx_word' id='word_1_209' title='bbox 169 1411 380 1447; x_wconf 91' lang='lat' dir='ltr'>centricos</span> <span class='ocrx_word' id='word_1_210' title='bbox 396 1409 719 1458; x_wconf 86' lang='lat' dir='ltr'>regularitatem</span> <span class='ocrx_word' id='word_1_211' title='bbox 736 1411 958 1449; x_wconf 89' lang='lat' dir='ltr'>circularis</span> <span class='ocrx_word' id='word_1_212' title='bbox 974 1417 1119 1449; x_wconf 92' lang='lat' dir='ltr'>motus</span> <span class='ocrx_word' id='word_1_213' title='bbox 1135 1413 1372 1456; x_wconf 90' lang='lat' dir='ltr'>turbantes,</span> <span class='ocrx_word' id='word_1_214' title='bbox 1389 1424 1466 1460; x_wconf 87' lang='lat' dir='ltr'>per</span> <span class='ocrx_word' id='word_1_215' title='bbox 1481 1413 1592 1451; x_wconf 91' lang='lat' dir='ltr'>duos</span> <span class='ocrx_word' id='word_1_216' title='bbox 1609 1414 1720 1452; x_wconf 93' lang='lat' dir='ltr'>alios</span> <span class='ocrx_word' id='word_1_217' title='bbox 1737 1417 1813 1452; x_wconf 89' lang='lat' dir='ltr'>cir-</span> 
     </span>
     <span class='ocr_line' id='line_1_33' title="bbox 169 1462 1813 1512; baseline 0.003 -12"><span class='ocrx_word' id='word_1_218' title='bbox 169 1462 301 1500; x_wconf 89' lang='lat' dir='ltr'>cellos</span> <span class='ocrx_word' id='word_1_219' title='bbox 317 1464 363 1500; x_wconf 89' lang='lat' dir='ltr'>in</span> <span class='ocrx_word' id='word_1_220' title='bbox 379 1463 728 1502; x_wconf 89' lang='lat' dir='ltr'>circumferentia</span> <span class='ocrx_word' id='word_1_221' title='bbox 743 1466 924 1512; x_wconf 89' lang='lat' dir='ltr'>majoris</span> <span class='ocrx_word' id='word_1_222' title='bbox 941 1466 1143 1502; x_wconf 87' lang='lat' dir='ltr'>circuitus</span> <span class='ocrx_word' id='word_1_223' title='bbox 1158 1465 1399 1503; x_wconf 88' lang='lat' dir='ltr'>abolendos</span> <span class='ocrx_word' id='word_1_224' title='bbox 1414 1467 1576 1511; x_wconf 86' lang='lat' dir='ltr'>asserui,</span> <span class='ocrx_word' id='word_1_225' title='bbox 1594 1469 1652 1505; x_wconf 89' lang='lat' dir='ltr'>ita</span> <span class='ocrx_word' id='word_1_226' title='bbox 1664 1474 1710 1505; x_wconf 93' lang='lat' dir='ltr'>ut</span> <span class='ocrx_word' id='word_1_227' title='bbox 1723 1480 1813 1505; x_wconf 94' lang='lat' dir='ltr'>om-</span> 
     </span>
     <span class='ocr_line' id='line_1_34' title="bbox 169 1516 1815 1568; baseline 0.004 -15"><span class='ocrx_word' id='word_1_228' title='bbox 169 1526 247 1553; x_wconf 90' lang='lat' dir='ltr'>nes</span> <span class='ocrx_word' id='word_1_229' title='bbox 262 1521 408 1554; x_wconf 91' lang='lat' dir='ltr'>motus</span> <span class='ocrx_word' id='word_1_230' title='bbox 424 1528 516 1554; x_wconf 93' lang='lat' dir='ltr'>non</span> <span class='ocrx_word' id='word_1_231' title='bbox 532 1516 681 1555; x_wconf 90' lang='lat' dir='ltr'>saltem</span> <span class='ocrx_word' id='word_1_232' title='bbox 698 1517 775 1555; x_wconf 89' lang='lat' dir='ltr'>sint</span> <span class='ocrx_word' id='word_1_233' title='bbox 792 1518 1037 1561; x_wconf 86' lang='lat' dir='ltr'>circulares,</span> <span class='ocrx_word' id='word_1_234' title='bbox 1054 1517 1124 1555; x_wconf 87' lang='lat' dir='ltr'>sed</span> <span class='ocrx_word' id='word_1_235' title='bbox 1141 1520 1272 1556; x_wconf 91' lang='lat' dir='ltr'>etiam</span> <span class='ocrx_word' id='word_1_236' title='bbox 1290 1522 1564 1558; x_wconf 89' lang='lat' dir='ltr'>concentrici.</span> <span class='ocrx_word' id='word_1_237' title='bbox 1588 1520 1815 1568; x_wconf 90' lang='lat' dir='ltr'>Nusqvam</span> 
     </span>
     <span class='ocr_line' id='line_1_35' title="bbox 169 1568 1815 1615; baseline 0.004 -9"><span class='ocrx_word' id='word_1_238' title='bbox 169 1580 273 1606; x_wconf 92' lang='lat' dir='ltr'>vero</span> <span class='ocrx_word' id='word_1_239' title='bbox 290 1568 452 1607; x_wconf 90' lang='lat' dir='ltr'>helices</span> <span class='ocrx_word' id='word_1_240' title='bbox 467 1570 871 1609; x_wconf 86' lang='lat' dir='ltr'>indemonstrabiles</span> <span class='ocrx_word' id='word_1_241' title='bbox 887 1571 1121 1615; x_wconf 88' lang='lat' dir='ltr'>introduxi,</span> <span class='ocrx_word' id='word_1_242' title='bbox 1139 1577 1214 1609; x_wconf 90' lang='lat' dir='ltr'>aut</span> <span class='ocrx_word' id='word_1_243' title='bbox 1229 1583 1382 1610; x_wconf 90' lang='lat' dir='ltr'>earum</span> <span class='ocrx_word' id='word_1_244' title='bbox 1394 1572 1532 1610; x_wconf 89' lang='lat' dir='ltr'>ullam</span> <span class='ocrx_word' id='word_1_245' title='bbox 1543 1576 1815 1612; x_wconf 88' lang='lat' dir='ltr'>mentionem</span> 
     </span>
     <span class='ocr_line' id='line_1_36' title="bbox 169 1621 1814 1675; baseline 0.003 -15"><span class='ocrx_word' id='word_1_246' title='bbox 169 1621 262 1660; x_wconf 90' lang='lat' dir='ltr'>feci.</span> <span class='ocrx_word' id='word_1_247' title='bbox 277 1622 369 1660; x_wconf 90' lang='lat' dir='ltr'>Cur</span> <span class='ocrx_word' id='word_1_248' title='bbox 380 1624 507 1670; x_wconf 89' lang='lat' dir='ltr'>igitur</span> <span class='ocrx_word' id='word_1_249' title='bbox 519 1634 593 1661; x_wconf 90' lang='lat' dir='ltr'>eas</span> <span class='ocrx_word' id='word_1_250' title='bbox 604 1624 731 1661; x_wconf 91' lang='lat' dir='ltr'>nobis</span> <span class='ocrx_word' id='word_1_251' title='bbox 743 1626 848 1662; x_wconf 90' lang='lat' dir='ltr'>citra</span> <span class='ocrx_word' id='word_1_252' title='bbox 859 1636 952 1662; x_wconf 92' lang='lat' dir='ltr'>rem</span> <span class='ocrx_word' id='word_1_253' title='bbox 965 1624 1049 1672; x_wconf 91' lang='lat' dir='ltr'>obij</span> <span class='ocrx_word' id='word_1_254' title='bbox 1056 1623 1142 1662; x_wconf 72' lang='lat' dir='ltr'>cis?</span> <span class='ocrx_word' id='word_1_255' title='bbox 1157 1625 1246 1672; x_wconf 91' lang='lat' dir='ltr'>Ego</span> <span class='ocrx_word' id='word_1_256' title='bbox 1259 1626 1487 1673; x_wconf 90' lang='lat' dir='ltr'>cujuslibet</span> <span class='ocrx_word' id='word_1_257' title='bbox 1499 1626 1692 1665; x_wconf 88' lang='lat' dir='ltr'>Planetae</span> <span class='ocrx_word' id='word_1_258' title='bbox 1706 1626 1814 1675; x_wconf 92' lang='lat' dir='ltr'>[mo-</span> 
     </span>
     <span class='ocr_line' id='line_1_37' title="bbox 169 1674 1814 1728; baseline 0.003 -15"><span class='ocrx_word' id='word_1_259' title='bbox 169 1674 278 1723; x_wconf 92' lang='lat' dir='ltr'>tum]</span> <span class='ocrx_word' id='word_1_260' title='bbox 290 1675 528 1714; x_wconf 90' lang='lat' dir='ltr'>secundum</span> <span class='ocrx_word' id='word_1_261' title='bbox 537 1675 618 1714; x_wconf 90' lang='lat' dir='ltr'>has</span> <span class='ocrx_word' id='word_1_262' title='bbox 627 1676 886 1725; x_wconf 83' lang='lat' dir='ltr'>hypotheses</span> <span class='ocrx_word' id='word_1_263' title='bbox 897 1678 952 1715; x_wconf 92' lang='lat' dir='ltr'>ad</span> <span class='ocrx_word' id='word_1_264' title='bbox 962 1678 1251 1725; x_wconf 91' lang='lat' dir='ltr'>qvodcunqve</span> <span class='ocrx_word' id='word_1_265' title='bbox 1261 1683 1444 1725; x_wconf 84' lang='lat' dir='ltr'>tempus,</span> <span class='ocrx_word' id='word_1_266' title='bbox 1457 1679 1616 1724; x_wconf 91' lang='lat' dir='ltr'>locum,</span> <span class='ocrx_word' id='word_1_267' title='bbox 1627 1680 1814 1728; x_wconf 86' lang='lat' dir='ltr'>praesup-</span> 
     </span>
     <span class='ocr_line' id='line_1_38' title="bbox 169 1728 1815 1778; baseline 0.003 -12"><span class='ocrx_word' id='word_1_268' title='bbox 169 1728 305 1776; x_wconf 90' lang='lat' dir='ltr'>posito</span> <span class='ocrx_word' id='word_1_269' title='bbox 314 1734 437 1767; x_wconf 90' lang='lat' dir='ltr'>motu</span> <span class='ocrx_word' id='word_1_270' title='bbox 448 1741 501 1767; x_wconf 87' lang='lat' dir='ltr'>ex</span> <span class='ocrx_word' id='word_1_271' title='bbox 511 1730 793 1768; x_wconf 90' lang='lat' dir='ltr'>circularibus</span> <span class='ocrx_word' id='word_1_272' title='bbox 805 1730 990 1778; x_wconf 59' lang='lat' dir='ltr'>perfecie</span> <span class='ocrx_word' id='word_1_273' title='bbox 1001 1731 1249 1778; x_wconf 89' lang='lat' dir='ltr'>compofito,</span> <span class='ocrx_word' id='word_1_274' title='bbox 1262 1743 1386 1778; x_wconf 87' lang='lat' dir='ltr'>aeqve</span> <span class='ocrx_word' id='word_1_275' title='bbox 1399 1734 1481 1770; x_wconf 89' lang='lat' dir='ltr'>cito</span> <span class='ocrx_word' id='word_1_276' title='bbox 1495 1739 1534 1770; x_wconf 90' lang='lat' dir='ltr'>et</span> <span class='ocrx_word' id='word_1_277' title='bbox 1546 1739 1674 1777; x_wconf 89' lang='lat' dir='ltr'>certo,</span> <span class='ocrx_word' id='word_1_278' title='bbox 1687 1745 1742 1771; x_wconf 91' lang='lat' dir='ltr'>ne</span> <span class='ocrx_word' id='word_1_279' title='bbox 1755 1734 1815 1771; x_wconf 89' lang='lat' dir='ltr'>di-</span> 
     </span>
     <span class='ocr_line' id='line_1_39' title="bbox 170 1784 1815 1834; baseline 0.003 -15"><span class='ocrx_word' id='word_1_280' title='bbox 170 1793 267 1820; x_wconf 88' lang='lat' dir='ltr'>cam</span> <span class='ocrx_word' id='word_1_281' title='bbox 284 1784 408 1820; x_wconf 87' lang='lat' dir='ltr'>citius</span> <span class='ocrx_word' id='word_1_282' title='bbox 422 1785 676 1830; x_wconf 87' lang='lat' dir='ltr'>certiusqve,</span> <span class='ocrx_word' id='word_1_283' title='bbox 694 1786 889 1821; x_wconf 90' lang='lat' dir='ltr'>numeris</span> <span class='ocrx_word' id='word_1_284' title='bbox 901 1784 1144 1831; x_wconf 87' lang='lat' dir='ltr'>expediam,</span> <span class='ocrx_word' id='word_1_285' title='bbox 1162 1790 1289 1831; x_wconf 90' lang='lat' dir='ltr'>atqve</span> <span class='ocrx_word' id='word_1_286' title='bbox 1301 1796 1378 1831; x_wconf 88' lang='lat' dir='ltr'>per</span> <span class='ocrx_word' id='word_1_287' title='bbox 1391 1785 1502 1823; x_wconf 90' lang='lat' dir='ltr'>ullas</span> <span class='ocrx_word' id='word_1_288' title='bbox 1514 1786 1623 1824; x_wconf 90' lang='lat' dir='ltr'>alias</span> <span class='ocrx_word' id='word_1_289' title='bbox 1635 1786 1729 1824; x_wconf 89' lang='lat' dir='ltr'>fieri</span> <span class='ocrx_word' id='word_1_290' title='bbox 1741 1799 1815 1834; x_wconf 93' lang='lat' dir='ltr'>po-</span> 
     </span>
     <span class='ocr_line' id='line_1_40' title="bbox 169 1835 1816 1884; baseline 0.003 -11"><span class='ocrx_word' id='word_1_291' title='bbox 169 1837 277 1878; x_wconf 87' lang='lat' dir='ltr'>terit,</span> <span class='ocrx_word' id='word_1_292' title='bbox 294 1840 340 1873; x_wconf 90' lang='lat' dir='ltr'>ut</span> <span class='ocrx_word' id='word_1_293' title='bbox 355 1835 519 1874; x_wconf 85' lang='lat' dir='ltr'>nostras</span> <span class='ocrx_word' id='word_1_294' title='bbox 536 1836 768 1884; x_wconf 88' lang='lat' dir='ltr'>positiones</span> <span class='ocrx_word' id='word_1_295' title='bbox 786 1837 1189 1875; x_wconf 84' lang='lat' dir='ltr'>indemonstrabiles</span> <span class='ocrx_word' id='word_1_296' title='bbox 1206 1837 1244 1874; x_wconf 87' lang='lat'>&amp;</span> <span class='ocrx_word' id='word_1_297' title='bbox 1260 1838 1587 1884; x_wconf 86' lang='lat' dir='ltr'>inexplicabiles</span> <span class='ocrx_word' id='word_1_298' title='bbox 1604 1840 1693 1884; x_wconf 90' lang='lat' dir='ltr'>esse,</span> <span class='ocrx_word' id='word_1_299' title='bbox 1710 1842 1816 1878; x_wconf 90' lang='lat' dir='ltr'>citra</span> 
     </span>
     <span class='ocr_line' id='line_1_41' title="bbox 170 1890 1817 1938; baseline 0.003 -12"><span class='ocrx_word' id='word_1_300' title='bbox 170 1900 349 1926; x_wconf 91' lang='lat' dir='ltr'>omnem</span> <span class='ocrx_word' id='word_1_301' title='bbox 365 1891 582 1927; x_wconf 86' lang='lat' dir='ltr'>rationem</span> <span class='ocrx_word' id='word_1_302' title='bbox 598 1901 625 1927; x_wconf 93' lang='lat' dir='ltr'>a</span> <span class='ocrx_word' id='word_1_303' title='bbox 640 1896 680 1927; x_wconf 89' lang='lat' dir='ltr'>te</span> <span class='ocrx_word' id='word_1_304' title='bbox 697 1890 918 1937; x_wconf 90' lang='lat' dir='ltr'>prolatum</span> <span class='ocrx_word' id='word_1_305' title='bbox 934 1890 990 1928; x_wconf 91' lang='lat' dir='ltr'>sit.</span> <span class='ocrx_word' id='word_1_306' title='bbox 1011 1890 1204 1938; x_wconf 82' lang='lat' dir='ltr'>systema</span> <span class='ocrx_word' id='word_1_307' title='bbox 1219 1892 1278 1928; x_wconf 90' lang='lat' dir='ltr'>ita</span> <span class='ocrx_word' id='word_1_308' title='bbox 1295 1891 1591 1929; x_wconf 90' lang='lat' dir='ltr'>ordinandum</span> <span class='ocrx_word' id='word_1_309' title='bbox 1608 1893 1696 1937; x_wconf 90' lang='lat' dir='ltr'>esse,</span> <span class='ocrx_word' id='word_1_310' title='bbox 1714 1899 1760 1931; x_wconf 89' lang='lat' dir='ltr'>ut</span> <span class='ocrx_word' id='word_1_311' title='bbox 1777 1898 1817 1931; x_wconf 92' lang='lat' dir='ltr'>et</span> 
     </span>
     <span class='ocr_line' id='line_1_42' title="bbox 170 1941 1817 1993; baseline 0.003 -14"><span class='ocrx_word' id='word_1_312' title='bbox 170 1941 497 1980; x_wconf 88' lang='lat' dir='ltr'>Mathematicis</span> <span class='ocrx_word' id='word_1_313' title='bbox 514 1942 552 1980; x_wconf 87' lang='lat'>&amp;</span> <span class='ocrx_word' id='word_1_314' title='bbox 568 1943 755 1990; x_wconf 79' lang='lat' dir='ltr'>Physicis</span> <span class='ocrx_word' id='word_1_315' title='bbox 771 1943 960 1986; x_wconf 89' lang='lat' dir='ltr'>satisfiat,</span> <span class='ocrx_word' id='word_1_316' title='bbox 979 1943 1181 1990; x_wconf 91' lang='lat' dir='ltr'>eqvidem</span> <span class='ocrx_word' id='word_1_317' title='bbox 1197 1955 1288 1981; x_wconf 92' lang='lat' dir='ltr'>non</span> <span class='ocrx_word' id='word_1_318' title='bbox 1304 1944 1487 1988; x_wconf 89' lang='lat' dir='ltr'>inficior,</span> <span class='ocrx_word' id='word_1_319' title='bbox 1509 1947 1599 1983; x_wconf 92' lang='lat' dir='ltr'>imo</span> <span class='ocrx_word' id='word_1_320' title='bbox 1616 1945 1711 1984; x_wconf 85' lang='lat' dir='ltr'>haee</span> <span class='ocrx_word' id='word_1_321' title='bbox 1727 1946 1817 1993; x_wconf 89' lang='lat' dir='ltr'>ipsa</span> 
     </span>
     <span class='ocr_line' id='line_1_43' title="bbox 169 1994 1816 2045; baseline 0.003 -13"><span class='ocrx_word' id='word_1_322' title='bbox 169 1994 250 2032; x_wconf 90' lang='lat' dir='ltr'>fuit</span> <span class='ocrx_word' id='word_1_323' title='bbox 265 1995 517 2043; x_wconf 90' lang='lat' dir='ltr'>principalis</span> <span class='ocrx_word' id='word_1_324' title='bbox 534 1997 684 2040; x_wconf 88' lang='lat' dir='ltr'>caussa,</span> <span class='ocrx_word' id='word_1_325' title='bbox 703 2008 800 2044; x_wconf 88' lang='lat' dir='ltr'>qvae</span> <span class='ocrx_word' id='word_1_326' title='bbox 812 2008 895 2041; x_wconf 90' lang='lat' dir='ltr'>me,</span> <span class='ocrx_word' id='word_1_327' title='bbox 912 2002 971 2041; x_wconf 91' lang='lat' dir='ltr'>ut,</span> <span class='ocrx_word' id='word_1_328' title='bbox 989 1997 1040 2034; x_wconf 89' lang='lat' dir='ltr'>de</span> <span class='ocrx_word' id='word_1_329' title='bbox 1053 1996 1358 2044; x_wconf 85' lang='lat' dir='ltr'>hypothefium</span> <span class='ocrx_word' id='word_1_330' title='bbox 1370 1998 1470 2041; x_wconf 89' lang='lat' dir='ltr'>alia,</span> <span class='ocrx_word' id='word_1_331' title='bbox 1488 2010 1620 2045; x_wconf 92' lang='lat' dir='ltr'>qvam</span> <span class='ocrx_word' id='word_1_332' title='bbox 1632 1999 1686 2037; x_wconf 92' lang='lat' dir='ltr'>ab</span> <span class='ocrx_word' id='word_1_333' title='bbox 1698 2005 1816 2037; x_wconf 84' lang='lat' dir='ltr'>ante-</span> 
     </span>
     <span class='ocr_line' id='line_1_44' title="bbox 171 2047 1818 2097; baseline 0.002 -11"><span class='ocrx_word' id='word_1_334' title='bbox 171 2047 397 2086; x_wconf 85' lang='lat' dir='ltr'>cessoribus</span> <span class='ocrx_word' id='word_1_335' title='bbox 418 2048 580 2087; x_wconf 68' lang='lat' dir='ltr'>factum</span> <span class='ocrx_word' id='word_1_336' title='bbox 601 2049 668 2092; x_wconf 87' lang='lat' dir='ltr'>est,</span> <span class='ocrx_word' id='word_1_337' title='bbox 690 2050 963 2097; x_wconf 81' lang='lat' dir='ltr'>dispositione</span> <span class='ocrx_word' id='word_1_338' title='bbox 985 2052 1233 2097; x_wconf 90' lang='lat' dir='ltr'>cogitarem,</span> <span class='ocrx_word' id='word_1_339' title='bbox 1258 2050 1441 2097; x_wconf 91' lang='lat' dir='ltr'>impulit.</span> <span class='ocrx_word' id='word_1_340' title='bbox 1464 2051 1678 2090; x_wconf 86' lang='lat' dir='ltr'>Videbam</span> <span class='ocrx_word' id='word_1_341' title='bbox 1700 2054 1818 2090; x_wconf 89' lang='lat' dir='ltr'>enim</span> 
     </span>
     <span class='ocr_line' id='line_1_45' title="bbox 171 2101 1818 2152; baseline 0.002 -13"><span class='ocrx_word' id='word_1_342' title='bbox 171 2101 484 2139; x_wconf 88' lang='lat' dir='ltr'>Ptolemaicam</span> <span class='ocrx_word' id='word_1_343' title='bbox 493 2104 887 2147; x_wconf 87' lang='lat' dir='ltr'>ratiocinationem,</span> <span class='ocrx_word' id='word_1_344' title='bbox 899 2114 999 2141; x_wconf 91' lang='lat' dir='ltr'>cum</span> <span class='ocrx_word' id='word_1_345' title='bbox 1013 2108 1158 2140; x_wconf 87' lang='lat' dir='ltr'>motus</span> <span class='ocrx_word' id='word_1_346' title='bbox 1171 2104 1392 2141; x_wconf 89' lang='lat' dir='ltr'>circularis</span> <span class='ocrx_word' id='word_1_347' title='bbox 1405 2104 1728 2152; x_wconf 88' lang='lat' dir='ltr'>regularitatem</span> <span class='ocrx_word' id='word_1_348' title='bbox 1741 2107 1818 2143; x_wconf 89' lang='lat' dir='ltr'>cir-</span> 
     </span>
     <span class='ocr_line' id='line_1_46' title="bbox 172 2154 1819 2206; baseline 0.002 -14"><span class='ocrx_word' id='word_1_349' title='bbox 172 2166 222 2192; x_wconf 94' lang='lat' dir='ltr'>ca</span> <span class='ocrx_word' id='word_1_350' title='bbox 238 2154 384 2193; x_wconf 89' lang='lat' dir='ltr'>aliena</span> <span class='ocrx_word' id='word_1_351' title='bbox 401 2161 549 2194; x_wconf 89' lang='lat' dir='ltr'>centra</span> <span class='ocrx_word' id='word_1_352' title='bbox 564 2155 659 2193; x_wconf 90' lang='lat' dir='ltr'>fieri</span> <span class='ocrx_word' id='word_1_353' title='bbox 676 2158 1020 2204; x_wconf 90' lang='lat' dir='ltr'>incompetenter</span> <span class='ocrx_word' id='word_1_354' title='bbox 1036 2156 1292 2201; x_wconf 86' lang='lat' dir='ltr'>admitteret,</span> <span class='ocrx_word' id='word_1_355' title='bbox 1309 2157 1636 2196; x_wconf 89' lang='lat' dir='ltr'>Mathematicis</span> <span class='ocrx_word' id='word_1_356' title='bbox 1652 2158 1819 2206; x_wconf 89' lang='lat' dir='ltr'>legibus</span> 
     </span>
     <span class='ocr_line' id='line_1_47' title="bbox 172 2207 1819 2262; baseline 0.003 -17"><span class='ocrx_word' id='word_1_357' title='bbox 172 2207 402 2252; x_wconf 89' lang='lat' dir='ltr'>adversari,</span> <span class='ocrx_word' id='word_1_358' title='bbox 424 2214 472 2246; x_wconf 90' lang='lat' dir='ltr'>ut</span> <span class='ocrx_word' id='word_1_359' title='bbox 489 2209 542 2247; x_wconf 91' lang='lat' dir='ltr'>de</span> <span class='ocrx_word' id='word_1_360' title='bbox 560 2209 865 2258; x_wconf 89' lang='lat' dir='ltr'>Epicyclorum</span> <span class='ocrx_word' id='word_1_361' title='bbox 885 2215 947 2248; x_wconf 89' lang='lat' dir='ltr'>tot</span> <span class='ocrx_word' id='word_1_362' title='bbox 967 2215 1275 2257; x_wconf 90' lang='lat' dir='ltr'>tantorumqve</span> <span class='ocrx_word' id='word_1_363' title='bbox 1296 2210 1622 2257; x_wconf 88' lang='lat' dir='ltr'>supervacanea</span> <span class='ocrx_word' id='word_1_364' title='bbox 1637 2208 1652 2262; x_wconf 91' lang='grc' dir='ltr'>ΙΙ</span> <span class='ocrx_word' id='word_1_365' title='bbox 1669 2212 1819 2250; x_wconf 88' lang='lat' dir='ltr'>assum-</span> 
     </span>
     <span class='ocr_line' id='line_1_48' title="bbox 171 2261 1819 2312; baseline 0.002 -13"><span class='ocrx_word' id='word_1_366' title='bbox 171 2262 289 2299; x_wconf 85' lang='lat' dir='ltr'>tione</span> <span class='ocrx_word' id='word_1_367' title='bbox 306 2273 397 2300; x_wconf 94' lang='lat' dir='ltr'>non</span> <span class='ocrx_word' id='word_1_368' title='bbox 414 2261 570 2306; x_wconf 90' lang='lat' dir='ltr'>dicam,</span> <span class='ocrx_word' id='word_1_369' title='bbox 593 2263 891 2310; x_wconf 91' lang='lat' dir='ltr'>Copernicum</span> <span class='ocrx_word' id='word_1_370' title='bbox 907 2274 1025 2305; x_wconf 88' lang='lat' dir='ltr'>vero,</span> <span class='ocrx_word' id='word_1_371' title='bbox 1047 2263 1153 2300; x_wconf 91' lang='lat' dir='ltr'>dum</span> <span class='ocrx_word' id='word_1_372' title='bbox 1171 2262 1286 2301; x_wconf 91' lang='lat' dir='ltr'>hanc</span> <span class='ocrx_word' id='word_1_373' title='bbox 1303 2263 1494 2312; x_wconf 90' lang='lat' dir='ltr'>Scyllam</span> <span class='ocrx_word' id='word_1_374' title='bbox 1511 2266 1673 2303; x_wconf 90' lang='lat' dir='ltr'>evitare</span> <span class='ocrx_word' id='word_1_375' title='bbox 1690 2277 1819 2303; x_wconf 89' lang='lat' dir='ltr'>cona-</span> 
     </span>
     <span class='ocr_line' id='line_1_49' title="bbox 171 2314 1820 2365; baseline 0.002 -13"><span class='ocrx_word' id='word_1_376' title='bbox 171 2319 252 2358; x_wconf 87' lang='lat' dir='ltr'>tur,</span> <span class='ocrx_word' id='word_1_377' title='bbox 270 2315 315 2352; x_wconf 91' lang='lat' dir='ltr'>in</span> <span class='ocrx_word' id='word_1_378' title='bbox 333 2314 590 2363; x_wconf 91' lang='lat' dir='ltr'>Charybdin</span> <span class='ocrx_word' id='word_1_379' title='bbox 606 2316 739 2354; x_wconf 89' lang='lat' dir='ltr'>aliam</span> <span class='ocrx_word' id='word_1_380' title='bbox 757 2317 970 2365; x_wconf 89' lang='lat' dir='ltr'>impegisse</span> <span class='ocrx_word' id='word_1_381' title='bbox 987 2321 1027 2353; x_wconf 90' lang='lat' dir='ltr'>et</span> <span class='ocrx_word' id='word_1_382' title='bbox 1044 2327 1120 2363; x_wconf 88' lang='lat' dir='ltr'>per</span> <span class='ocrx_word' id='word_1_383' title='bbox 1135 2322 1280 2354; x_wconf 89' lang='lat' dir='ltr'>motus</span> <span class='ocrx_word' id='word_1_384' title='bbox 1297 2317 1463 2355; x_wconf 90' lang='lat' dir='ltr'>telluris</span> <span class='ocrx_word' id='word_1_385' title='bbox 1478 2318 1691 2365; x_wconf 90' lang='lat' dir='ltr'>triplicem</span> <span class='ocrx_word' id='word_1_386' title='bbox 1708 2319 1820 2356; x_wconf 89' lang='lat' dir='ltr'>ordi-</span> 
     </span>
     <span class='ocr_line' id='line_1_50' title="bbox 172 2368 1821 2419; baseline 0.002 -14"><span class='ocrx_word' id='word_1_387' title='bbox 172 2369 400 2405; x_wconf 91' lang='lat' dir='ltr'>nationem</span> <span class='ocrx_word' id='word_1_388' title='bbox 416 2368 616 2417; x_wconf 88' lang='lat' dir='ltr'>Phyficas</span> <span class='ocrx_word' id='word_1_389' title='bbox 633 2369 916 2408; x_wconf 91' lang='lat' dir='ltr'>absurditates</span> <span class='ocrx_word' id='word_1_390' title='bbox 932 2381 1023 2408; x_wconf 89' lang='lat' dir='ltr'>non</span> <span class='ocrx_word' id='word_1_391' title='bbox 1039 2369 1157 2407; x_wconf 91' lang='lat' dir='ltr'>leves</span> <span class='ocrx_word' id='word_1_392' title='bbox 1173 2370 1462 2408; x_wconf 89' lang='lat' dir='ltr'>introduxisse.</span> <span class='ocrx_word' id='word_1_393' title='bbox 1485 2371 1575 2419; x_wconf 90' lang='lat' dir='ltr'>Ego</span> <span class='ocrx_word' id='word_1_394' title='bbox 1595 2373 1752 2418; x_wconf 89' lang='lat' dir='ltr'>itaqve,</span> <span class='ocrx_word' id='word_1_395' title='bbox 1776 2377 1821 2409; x_wconf 88' lang='lat' dir='ltr'>ut</span> 
     </span>
     <span class='ocr_line' id='line_1_51' title="bbox 174 2421 1821 2473; baseline 0.002 -15"><span class='ocrx_word' id='word_1_396' title='bbox 174 2425 407 2468; x_wconf 86' lang='lat' dir='ltr'>utrumqve</span> <span class='ocrx_word' id='word_1_397' title='bbox 427 2421 655 2469; x_wconf 90' lang='lat' dir='ltr'>scopulum</span> <span class='ocrx_word' id='word_1_398' title='bbox 676 2423 944 2462; x_wconf 89' lang='lat' dir='ltr'>declinarem</span> <span class='ocrx_word' id='word_1_399' title='bbox 961 2429 1001 2462; x_wconf 91' lang='lat' dir='ltr'>et</span> <span class='ocrx_word' id='word_1_400' title='bbox 1017 2427 1107 2460; x_wconf 88' lang='lat' dir='ltr'>tam</span> <span class='ocrx_word' id='word_1_401' title='bbox 1124 2422 1463 2468; x_wconf 82' lang='lat' dir='ltr'>Mathematicis,</span> <span class='ocrx_word' id='word_1_402' title='bbox 1486 2436 1617 2471; x_wconf 89' lang='lat' dir='ltr'>qvam</span> <span class='ocrx_word' id='word_1_403' title='bbox 1634 2425 1821 2473; x_wconf 83' lang='lat' dir='ltr'>Physicis</span> 
     </span>
     <span class='ocr_line' id='line_1_52' title="bbox 173 2472 1821 2525; baseline 0.003 -14"><span class='ocrx_word' id='word_1_404' title='bbox 173 2472 472 2513; x_wconf 88' lang='lat' dir='ltr'>fundamentis</span> <span class='ocrx_word' id='word_1_405' title='bbox 484 2475 777 2515; x_wconf 89' lang='lat' dir='ltr'>consentanea</span> <span class='ocrx_word' id='word_1_406' title='bbox 788 2487 1094 2525; x_wconf 88' lang='lat' dir='ltr'>proponerem,</span> <span class='ocrx_word' id='word_1_407' title='bbox 1108 2475 1383 2524; x_wconf 87' lang='lat' dir='ltr'>Hypothefin</span> <span class='ocrx_word' id='word_1_408' title='bbox 1395 2478 1455 2515; x_wconf 90' lang='lat' dir='ltr'>ita</span> <span class='ocrx_word' id='word_1_409' title='bbox 1466 2478 1696 2516; x_wconf 86' lang='lat' dir='ltr'>necessario</span> <span class='ocrx_word' id='word_1_410' title='bbox 1709 2479 1821 2516; x_wconf 91' lang='lat' dir='ltr'>ordi-</span> 
     </span>
     <span class='ocr_line' id='line_1_53' title="bbox 174 2527 1823 2578; baseline 0.002 -13"><span class='ocrx_word' id='word_1_411' title='bbox 174 2527 383 2572; x_wconf 84' lang='lat' dir='ltr'>nandam,</span> <span class='ocrx_word' id='word_1_412' title='bbox 400 2534 529 2576; x_wconf 89' lang='lat' dir='ltr'>prout</span> <span class='ocrx_word' id='word_1_413' title='bbox 540 2541 567 2568; x_wconf 95' lang='lat' dir='ltr'>a</span> <span class='ocrx_word' id='word_1_414' title='bbox 578 2530 704 2568; x_wconf 89' lang='lat' dir='ltr'>nobis</span> <span class='ocrx_word' id='word_1_415' title='bbox 720 2528 883 2569; x_wconf 68' lang='lat' dir='ltr'>factum</span> <span class='ocrx_word' id='word_1_416' title='bbox 899 2531 966 2575; x_wconf 82' lang='lat' dir='ltr'>est,</span> <span class='ocrx_word' id='word_1_417' title='bbox 984 2529 1204 2569; x_wconf 89' lang='lat' dir='ltr'>adinveni.</span> <span class='ocrx_word' id='word_1_418' title='bbox 1226 2529 1351 2568; x_wconf 90' lang='lat' dir='ltr'>Nihil</span> <span class='ocrx_word' id='word_1_419' title='bbox 1366 2530 1437 2568; x_wconf 87' lang='lat' dir='ltr'>hic</span> <span class='ocrx_word' id='word_1_420' title='bbox 1454 2537 1657 2578; x_wconf 89' lang='lat' dir='ltr'>peccatur</span> <span class='ocrx_word' id='word_1_421' title='bbox 1673 2537 1823 2569; x_wconf 90' lang='lat' dir='ltr'>contra</span> 
     </span>
    </p>
   </div>
   <div class='ocr_carea' id='block_1_13' title="bbox 281 2584 1822 2632">
    <p class='ocr_par' dir='ltr' id='par_1_13' title="bbox 281 2584 1822 2632">
     <span class='ocr_line' id='line_1_54' title="bbox 281 2584 1822 2632; baseline 0.006 -18"><span class='ocrx_word' id='word_1_422' title='bbox 281 2589 316 2614; x_wconf 80' lang='grc' dir='ltr'>εο</span> <span class='ocrx_word' id='word_1_423' title='bbox 1707 2584 1822 2632; x_wconf 86' lang='lat' dir='ltr'>leges</span> 
     </span>
    </p>
   </div>
  </div>
 </body>
</html>
