2209 3213
343 239 417 275 242
834 232 916 269 DE
938 229 1162 269 MUNDI
1183 228 1484 267 AETHEREI

342 344 539 381 affirmat.
566 340 767 377 Existimo
789 340 947 384 itaque,
971 348 1047 384 per
1068 335 1344 373 Phantafiam
1364 335 1489 379 visus,
1513 338 1681 373 ratione
1701 336 1829 373 Aeris
1851 338 1978 374 inter-

341 396 483 442 medij,
507 397 549 431 in
571 394 653 430 istis
674 393 779 429 locis
800 391 852 428 fic
873 390 1123 437 apparuisse,
1148 388 1265 436 quod
1286 394 1434 426 tamen
1455 388 1659 427 omnibus
1679 388 1978 427 vniuersaliter

339 461 427 485 non
452 448 605 484 eodem
632 445 763 482 modo
789 446 937 491 patuit.
964 442 1302 489 Longitudinem
1325 443 1418 479 eius
1441 453 1494 479 eo
1517 442 1585 480 die
1608 442 1706 489 plus
1729 442 1753 479 2
1775 442 1978 490 gradibus

339 502 443 538 iusto
460 502 676 537 minorem
694 497 838 539 efficit;
856 499 901 533 in
918 496 1165 533 Latitudine
1181 495 1457 532 mediocriter
1472 494 1512 532 se
1529 494 1670 533 habet.

391 554 489 590 DIE
506 551 664 594 XXIX,
682 553 726 588 in
743 550 940 587 distantia
956 549 1009 587 ab
1024 548 1189 595 Aquila
1201 559 1227 586 a
1238 547 1389 586 nostris
1402 547 1790 586 Obseruationibus
1807 548 1975 586 insensi-

336 607 474 643 biliter
495 605 713 651 discrepat,
739 614 836 641 eam
858 602 1117 640 constituens
1138 601 1180 639 P.
1202 601 1255 639 16.
1278 601 1341 639 M.
1362 601 1425 645 46,
1450 613 1585 648 quam
1607 613 1688 639 nos
1711 603 1976 645 inuenimus,

336 661 377 697 P.
396 660 447 697 16.
466 659 528 695 M.
545 659 607 695 49.
630 658 686 694 At
702 659 747 694 in
764 656 1054 703 Longitudine
1070 654 1360 692 nihilominus
1376 653 1518 692 deficit
1535 666 1561 693 a
1576 666 1681 692 vero
1697 654 1869 692 duobus
1884 666 1976 702 gra-

335 713 459 750 dibus
483 713 628 748 minus
649 722 737 747 vna
760 714 926 756 quarta.
951 708 1185 746 Stellarum
1207 710 1354 755 itaque
1377 707 1475 746 loca
1496 709 1542 745 in
1564 707 1694 755 ipfius
1716 707 1862 746 Globo
1885 719 1976 746 non

334 765 522 813 apposite
540 764 756 811 designata
773 767 907 805 erant,
925 762 1112 808 ideoque
1128 763 1174 798 in
1190 760 1480 808 Longitudine
1497 760 1696 799 Cometae
1712 760 1800 799 fere
1816 761 1976 809 vbique

333 825 421 856 tam
440 818 620 855 euidens
637 817 863 854 discrimen
880 816 934 853 ab
950 814 1040 862 ipso
1057 814 1186 852 Coelo
1203 816 1422 862 ingeritur.

386 872 453 909 Sic
470 882 646 918 quoque
663 870 731 907 die
748 869 964 916 sequente,
980 868 1132 905 vltimo
1144 867 1343 905 videlicet
1354 867 1634 912 Nouembris,
1651 869 1696 905 in
1713 867 1909 906 distantia
1920 868 1974 906 ab

334 925 420 963 Ore
438 924 592 971 Pegasi,
615 935 749 970 quam
769 924 891 969 ponit
908 922 949 959 P.
967 922 1018 959 10.
1037 921 1100 958 M.
1117 921 1180 965 20,
1202 920 1350 959 saltem
1366 921 1390 959 5
1406 920 1616 968 scrupulis
1632 932 1658 959 a
1674 921 1816 959 nostra
1836 923 1973 959 anim-

332 977 586 1015 aduersione
603 976 757 1014 deficit.
775 976 816 1013 A
832 987 969 1013 manu
985 980 1133 1012 autem
1144 975 1329 1012 Antinoi
1340 974 1475 1021 paulo
1486 974 1597 1021 plus,
1614 979 1760 1021 vtpote
1771 974 1906 1022 scrup.
1919 974 1973 1018 13,

331 1031 401 1068 ν1)1
425 1032 555 1068 etiarn
578 1032 724 1067 minus
748 1040 882 1076 quam
906 1030 1107 1075 oportuit,
1131 1027 1274 1071 habet,
1299 1027 1417 1074 quod
1439 1032 1588 1065 tamen
1611 1028 1666 1065 ad
1690 1026 1905 1065 defeclum
1927 1029 1973 1065 in

332 1083 680 1131 Longitudinem,
705 1094 805 1129 quae
828 1081 881 1119 est
898 1082 939 1119 P.
958 1082 1007 1125 1³¹5,
1028 1092 1186 1128 parum
1206 1080 1317 1119 facit.
1343 1080 1571 1118 Constituit
1588 1082 1707 1118 enim
1725 1080 1797 1118 ille
1818 1080 1973 1128 Longi-

330 1138 525 1175 tudinem
539 1138 632 1174 eius
644 1147 696 1173 eo
709 1136 776 1173 die
790 1137 834 1172 in
846 1134 909 1174 1311
926 1144 984 1177 m,
1001 1134 1039 1172 8(
1056 1133 1351 1172 Latitudinem
1366 1134 1418 1172 26
1432 1135 1636 1181 partium,
1653 1136 1698 1171 in
1715 1145 1803 1181 qua
1818 1133 1971 1181 sesqui-

329 1190 465 1228 altero
481 1190 617 1237 gradu
633 1189 838 1227 abundat.

383 1242 719 1281 DECEMBRIS
736 1241 835 1279 DIE
852 1241 881 1285 I,
898 1243 944 1278 in
960 1240 1157 1279 distantia
1173 1240 1226 1278 ab
1244 1240 1332 1279 Ore
1348 1240 1504 1288 Pegasi,
1522 1240 1577 1278 G.
1592 1240 1628 1278 9.
1646 1240 1709 1278 M.
1727 1240 1780 1284 14,
1797 1252 1971 1278 mecum

328 1296 463 1334 ferme
471 1295 689 1337 consentit,
698 1295 727 1332 11
735 1293 1346 1341 eamiuxtahoramSadeptus
1354 1293 1420 1331 est.
1431 1293 1909 1332 Etsaneinconfiderate
1917 1294 1972 1332 ab

330 1361 380 1387 eo
393 1347 636 1396 neglectum
649 1348 715 1391 est,
730 1348 847 1395 quod
859 1347 1016 1385 horam
1029 1346 1066 1384 8(
1078 1348 1298 1384 11111111111111
1309 1346 1486 1384 suarum
1499 1346 1868 1385 obseruationum
1879 1358 1971 1385 non

327 1403 486 1449 vbique
507 1403 742 1443 annotarit:
764 1400 973 1448 fiquidem
991 1400 1177 1438 Cometa
1197 1405 1287 1438 tam
1309 1400 1557 1438 euidentem
1575 1405 1745 1438 motum
1761 1400 1970 1438 diurnum

327 1455 558 1497 obtinebat,
576 1454 687 1492 adeo
703 1459 746 1491 vt
762 1453 935 1501 singulis
951 1453 1070 1491 horis
1086 1452 1326 1490 sensibilem
1341 1454 1632 1491 variationem
1647 1453 1878 1491 induxerit.
1896 1450 1910 1503 ΙΙ

380 1508 479 1545 DIE
496 1508 533 1545 II
550 1506 900 1550 DECEMBRIS,
923 1506 1156 1544 Cometam
1175 1505 1422 1544 obseruauit
1438 1506 1680 1544 admodum
1694 1508 1889 1544 vicinum
1905 1506 1968 1544 su-

325 1563 484 1608 periori
505 1563 550 1598 in
570 1559 678 1598 116111
695 1560 907 1607 Equiculi,
929 1571 955 1597 a
976 1571 1064 1607 quo
1079 1561 1153 1597 vix
1173 1559 1358 1597 abfuerit
1378 1559 1494 1597 sexta
1509 1564 1630 1607 parte
1645 1559 1817 1607 gradus,
1838 1559 1970 1607 idque

325 1620 417 1652 tum
438 1616 550 1652 circa
571 1614 745 1651 Horam
765 1614 811 1652 5}
832 1615 877 1650 in
897 1613 1041 1651 altiori
1062 1614 1155 1650 eius
1175 1612 1265 1657 fitu,
1287 1617 1380 1651 tum
1401 1614 1533 1651 etiam
1554 1614 1667 1651 circa
1685 1612 1860 1651 Horam
1880 1613 1904 1651 9
1924 1614 1970 1650 in

325 1668 562 1709 decliuiori,
575 1667 689 1704 vnde
701 1666 952 1704 Parallaxin
967 1665 1097 1713 ipsius
1112 1667 1345 1704 minimam
1358 1665 1474 1704 fuisse
1487 1666 1668 1710 inducit;
1686 1666 1724 1704 8(
1739 1666 1841 1704 sane
1857 1664 1969 1704 rec'te

324 1721 376 1758 fic
393 1723 692 1763 ratiocinatur;
709 1719 919 1766 fiquidem
935 1724 1080 1757 motus
1095 1721 1298 1766 proprius
1311 1718 1522 1763 Cometae,
1539 1718 1674 1766 spatio
1686 1718 1862 1757 illarum
1874 1718 1968 1757 Ho-

324 1786 472 1811 rarum
492 1774 550 1815 33,
575 1775 649 1820 qui
672 1772 751 1811 fuit
773 1775 819 1810 in
838 1772 914 1810 suo
936 1770 1067 1810 ductu
1088 1772 1130 1810 lO
1149 1772 1465 1820 scrupulorum,
1488 1783 1565 1820 per
1584 1772 1847 1817 Parallaxin,
1871 1772 1969 1810 licet

326 1829 539 1875 exiguam,
562 1826 788 1873 aequaliter
808 1825 896 1863 fere
917 1824 1230 1869 retrahebatur,
1250 1830 1295 1863 vt
1315 1827 1360 1863 in
1380 1825 1505 1863 fimili
1525 1827 1724 1873 proxime
1740 1825 1968 1873 vtrobique

323 1885 551 1927 appareret
567 1879 621 1917 ab
637 1879 720 1917 istis
737 1879 878 1917 Stellis
895 1879 1103 1917 distantia.
1120 1879 1178 1916 At
1194 1878 1322 1927 longe
1337 1880 1496 1917 maiori
1512 1878 1754 1917 discrimine
1768 1878 1966 1917 Cometae

323 1939 491 1970 motum
515 1933 786 1979 anticipasset‚
810 1932 839 1969 11
861 1932 931 1969 ν61
953 1934 999 1969 111
1022 1931 1111 1979 ipsa
1133 1931 1317 1979 Sphaera
1337 1932 1502 1970 Lunari
1526 1933 1727 1975 extitisset,
1750 1932 1914 1970 nedum
1937 1931 1966 1969 11

322 1986 466 2023 Terris
483 1986 626 2023 adhuc
642 1988 820 2032 propior
836 1985 956 2027 foret,
973 1990 1102 2033 prout
1117 1985 1322 2023 nonnulli
1337 1985 1584 2023 voluerunt.

376 2039 441 2076 Est
458 2039 634 2085 quidem
650 2039 745 2076 haec
762 2041 872 2076 ratio
886 2038 1137 2076 Parallaxin
1153 2038 1421 2086 dijudicandi
1437 2050 1528 2076 non
1543 2038 1641 2076 satis
1658 2037 1805 2077 exacte
1818 2037 1856 2075 &
1868 2038 1965 2076 Ma-

322 2092 552 2129 thematice
567 2103 592 2129 a
608 2091 799 2129 Gemma
815 2090 1013 2133 adducta,
1031 2091 1438 2139 Demonstrataque,
1455 2097 1498 2129 vt
1513 2094 1633 2139 prius
1650 2093 1781 2130 etiam
1797 2092 1964 2129 asserui:

322 2145 624 2182 Nihilominus
636 2150 783 2182 tamen
795 2156 886 2182 non
898 2144 1012 2182 fuisse
1026 2145 1349 2183 Elementarem
1359 2144 1478 2183 hunc
1490 2145 1735 2189 Cometam‚
1751 2144 1850 2182 satis
1862 2156 1962 2182 con-

321 2200 467 2239 uincit,
485 2209 585 2235 cum
602 2198 841 2235 admodum
855 2197 1049 2242 euidens,
1066 2199 1111 2235 in
1122 2204 1306 2245 vtroque
1318 2198 1408 2242 fitu,
1425 2199 1680 2236 remotionis
1692 2209 1718 2236 a
1730 2197 1873 2241 Stella,
1891 2197 1964 2235 ad-

321 2250 456 2288 hibito
470 2252 599 2288 etiam
613 2256 735 2288 motu
746 2253 935 2298 proprio,
949 2251 1148 2288 euenisset
1158 2251 1455 2299 discrepantia,
1467 2251 1497 2289 fi
1507 2250 1752 2289 sublunaris
1762 2251 1962 2288 extitisset.

374 2304 453 2341 Per
477 2303 557 2341 has
583 2303 753 2341 easdem
776 2303 930 2341 Stellas
953 2303 1200 2341 Moestlinus
1223 2304 1299 2342 illo
1321 2304 1411 2351 ipso
1434 2304 1515 2349 die,
1541 2309 1634 2342 tum
1657 2304 1785 2342 Hora
1808 2303 1844 2347 6,
1869 2309 1963 2341 tum

321 2359 451 2394 etiam
467 2357 503 2400 9,
521 2357 770 2394 Parallaxin
786 2356 984 2394 Cometae
1002 2357 1293 2401 examinabat,
1315 2357 1353 2395 &
1374 2368 1472 2395 eam
1487 2356 1660 2404 prorsus
1676 2356 1962 2394 insensibilem

320 2410 557 2447 adinuenit.
585 2410 677 2447 Nec
701 2409 873 2447 difficile
898 2415 1000 2452 erat,
1023 2410 1093 2447 vel
1115 2409 1204 2456 ipso
1228 2410 1394 2448 oculari
1418 2412 1589 2454 intuitu,
1614 2409 1825 2457 siquidem
1850 2410 1961 2447 adeo

319 2474 453 2509 prope
477 2468 567 2500 erat
590 2462 657 2499 his
678 2462 831 2507 stellis,
855 2463 906 2500 de
930 2463 1147 2500 Parallaxi
1170 2463 1381 2501 iudicium
1403 2463 1502 2501 satis
1525 2463 1706 2501 euidens
1728 2468 1960 2509 ratumque

318 2515 547 2559 instituere,
569 2515 702 2553 modo
726 2518 822 2562 quis
845 2517 890 2552 in
914 2515 1056 2553 altiori
1076 2516 1115 2553 &
1135 2516 1362 2554 decliuiori
1382 2516 1460 2554 fitu
1481 2518 1574 2554 eius
1594 2515 1778 2563 positum
1801 2516 1856 2553 ad
1879 2515 1960 2554 has

1801 2574 1959 2606 attente

2016 340 2036 370 ’1-

2015 827 2045 852 10

2016 1092 2045 1117 15

2009 1358 2042 1383 20

1994 1512 2058 1543 294

2008 1624 2041 1649 25

2004 1890 2038 1915 30

1999 2156 2033 2181 35

1999 2421 2033 2446 40
