<?xml version="1.0" encoding="UTF-8"?>
<!DOCTYPE html PUBLIC "-//W3C//DTD XHTML 1.0 Transitional//EN"
    "http://www.w3.org/TR/xhtml1/DTD/xhtml1-transitional.dtd">
<html xmlns="http://www.w3.org/1999/xhtml" xml:lang="en" lang="en">
 <head>
  <title>
</title>
<meta http-equiv="Content-Type" content="text/html;charset=utf-8" />
  <meta name='ocr-system' content='tesseract 3.04.00' />
  <meta name='ocr-capabilities' content='ocr_page ocr_carea ocr_par ocr_line ocrx_word'/>
</head>
<body>
  <div class='ocr_page' id='page_1' title='image "./operaomniaedidit04brahuoft/operaomniaedidit04brahuoft_0243.png"; bbox 0 0 2209 3213; ppageno 0'>
   <div class='ocr_carea' id='block_1_1' title="bbox 140 823 171 848">
    <p class='ocr_par' dir='ltr' id='par_1_1' title="bbox 140 823 171 848">
     <span class='ocr_line' id='line_1_1' title="bbox 140 823 171 848; baseline 0 0"><span class='ocrx_word' id='word_1_1' title='bbox 140 823 171 848; x_wconf 88' lang='lat'>10</span> 
     </span>
    </p>
   </div>
   <div class='ocr_carea' id='block_1_2' title="bbox 120 1030 185 1061">
    <p class='ocr_par' dir='ltr' id='par_1_2' title="bbox 120 1030 185 1061">
     <span class='ocr_line' id='line_1_2' title="bbox 120 1030 185 1061; baseline 0 0"><span class='ocrx_word' id='word_1_2' title='bbox 120 1030 185 1061; x_wconf 87' lang='lat'>276</span> 
     </span>
    </p>
   </div>
   <div class='ocr_carea' id='block_1_3' title="bbox 142 1089 172 1114">
    <p class='ocr_par' dir='ltr' id='par_1_3' title="bbox 142 1089 172 1114">
     <span class='ocr_line' id='line_1_3' title="bbox 142 1089 172 1114; baseline 0.033 -1"><span class='ocrx_word' id='word_1_3' title='bbox 142 1089 172 1114; x_wconf 84' lang='lat'>15</span> 
     </span>
    </p>
   </div>
   <div class='ocr_carea' id='block_1_4' title="bbox 137 1354 171 1379">
    <p class='ocr_par' dir='ltr' id='par_1_4' title="bbox 137 1354 171 1379">
     <span class='ocr_line' id='line_1_4' title="bbox 137 1354 171 1379; baseline 0 0"><span class='ocrx_word' id='word_1_4' title='bbox 137 1354 171 1379; x_wconf 89' lang='grc'>20</span> 
     </span>
    </p>
   </div>
   <div class='ocr_carea' id='block_1_5' title="bbox 119 1508 184 1540">
    <p class='ocr_par' dir='ltr' id='par_1_5' title="bbox 119 1508 184 1540">
     <span class='ocr_line' id='line_1_5' title="bbox 119 1508 184 1540; baseline 0.015 -1"><span class='ocrx_word' id='word_1_5' title='bbox 119 1508 184 1540; x_wconf 89' lang='grc'>277</span> 
     </span>
    </p>
   </div>
   <div class='ocr_carea' id='block_1_6' title="bbox 136 1886 170 1911">
    <p class='ocr_par' dir='ltr' id='par_1_6' title="bbox 136 1886 170 1911">
     <span class='ocr_line' id='line_1_6' title="bbox 136 1886 170 1911; baseline 0 0"><span class='ocrx_word' id='word_1_6' title='bbox 136 1886 170 1911; x_wconf 86' lang='grc'>30</span> 
     </span>
    </p>
   </div>
   <div class='ocr_carea' id='block_1_7' title="bbox 135 2152 168 2177">
    <p class='ocr_par' dir='ltr' id='par_1_7' title="bbox 135 2152 168 2177">
     <span class='ocr_line' id='line_1_7' title="bbox 135 2152 168 2177; baseline 0.03 -1"><span class='ocrx_word' id='word_1_7' title='bbox 135 2152 168 2177; x_wconf 84' lang='grc'>35</span> 
     </span>
    </p>
   </div>
   <div class='ocr_carea' id='block_1_8' title="bbox 135 2417 169 2442">
    <p class='ocr_par' dir='ltr' id='par_1_8' title="bbox 135 2417 169 2442">
     <span class='ocr_line' id='line_1_8' title="bbox 135 2417 169 2442; baseline 0 0"><span class='ocrx_word' id='word_1_8' title='bbox 135 2417 169 2442; x_wconf 85' lang='grc'>40</span> 
     </span>
    </p>
   </div>
   <div class='ocr_carea' id='block_1_9' title="bbox 531 225 1854 268">
    <p class='ocr_par' dir='ltr' id='par_1_9' title="bbox 531 225 1854 268">
     <span class='ocr_line' id='line_1_9' title="bbox 531 225 1854 268; baseline -0.002 -3"><span class='ocrx_word' id='word_1_9' title='bbox 531 227 1053 268; x_wconf 88' lang='lat' dir='ltr'>RECENTIORIBUS</span> <span class='ocrx_word' id='word_1_10' title='bbox 1073 226 1531 265; x_wconf 91' lang='lat' dir='ltr'>PHAENOMENIS</span> <span class='ocrx_word' id='word_1_11' title='bbox 1777 225 1854 263; x_wconf 85' lang='lat'>229</span> 
     </span>
    </p>
   </div>
   <div class='ocr_carea' id='block_1_10' title="bbox 205 330 1856 2503">
    <p class='ocr_par' dir='ltr' id='par_1_10' title="bbox 207 330 1856 1389">
     <span class='ocr_line' id='line_1_10' title="bbox 211 330 1855 382; baseline -0.002 -10"><span class='ocrx_word' id='word_1_12' title='bbox 211 336 357 382; x_wconf 85' lang='lat' dir='ltr'>tingat,</span> <span class='ocrx_word' id='word_1_13' title='bbox 374 333 491 381; x_wconf 91' lang='lat' dir='ltr'>quod</span> <span class='ocrx_word' id='word_1_14' title='bbox 508 333 724 381; x_wconf 84' lang='lat' dir='ltr'>nusquam</span> <span class='ocrx_word' id='word_1_15' title='bbox 740 339 870 373; x_wconf 86' lang='lat' dir='ltr'>antea</span> <span class='ocrx_word' id='word_1_16' title='bbox 884 336 1071 382; x_wconf 89' lang='lat' dir='ltr'>contigit,</span> <span class='ocrx_word' id='word_1_17' title='bbox 1088 335 1275 372; x_wconf 89' lang='lat' dir='ltr'>nimium</span> <span class='ocrx_word' id='word_1_18' title='bbox 1292 333 1393 371; x_wconf 91' lang='lat' dir='ltr'>sane</span> <span class='ocrx_word' id='word_1_19' title='bbox 1409 332 1555 377; x_wconf 88' lang='lat' dir='ltr'>existit,</span> <span class='ocrx_word' id='word_1_20' title='bbox 1573 331 1610 369; x_wconf 99' lang='grc'>8(</span> <span class='ocrx_word' id='word_1_21' title='bbox 1627 330 1855 379; x_wconf 89' lang='lat' dir='ltr'>Hypothe-</span> 
     </span>
     <span class='ocr_line' id='line_1_11' title="bbox 210 384 1856 434; baseline -0.002 -10"><span class='ocrx_word' id='word_1_22' title='bbox 210 387 303 425; x_wconf 92' lang='lat' dir='ltr'>seos</span> <span class='ocrx_word' id='word_1_23' title='bbox 324 388 418 425; x_wconf 91' lang='lat' dir='ltr'>eius</span> <span class='ocrx_word' id='word_1_24' title='bbox 438 386 798 432; x_wconf 84' lang='lat' dir='ltr'>constitutionem,</span> <span class='ocrx_word' id='word_1_25' title='bbox 820 387 953 426; x_wconf 90' lang='lat' dir='ltr'>veluti</span> <span class='ocrx_word' id='word_1_26' title='bbox 974 387 1028 425; x_wconf 88' lang='lat' dir='ltr'>ab</span> <span class='ocrx_word' id='word_1_27' title='bbox 1049 388 1173 424; x_wconf 91' lang='lat' dir='ltr'>initio</span> <span class='ocrx_word' id='word_1_28' title='bbox 1189 386 1278 434; x_wconf 89' lang='lat' dir='ltr'>post</span> <span class='ocrx_word' id='word_1_29' title='bbox 1295 386 1562 424; x_wconf 89' lang='lat' dir='ltr'>Nouembris</span> <span class='ocrx_word' id='word_1_30' title='bbox 1578 384 1856 422; x_wconf 87' lang='lat' dir='ltr'>medietatem</span> 
     </span>
     <span class='ocr_line' id='line_1_12' title="bbox 211 436 1855 483; baseline -0.002 -6"><span class='ocrx_word' id='word_1_31' title='bbox 211 439 474 483; x_wconf 90' lang='lat' dir='ltr'>excedendo,</span> <span class='ocrx_word' id='word_1_32' title='bbox 498 439 551 477; x_wconf 87' lang='lat' dir='ltr'>fic</span> <span class='ocrx_word' id='word_1_33' title='bbox 574 451 692 477; x_wconf 92' lang='lat' dir='ltr'>nunc</span> <span class='ocrx_word' id='word_1_34' title='bbox 715 441 837 478; x_wconf 87' lang='lat' dir='ltr'>iuxta</span> <span class='ocrx_word' id='word_1_35' title='bbox 859 440 993 478; x_wconf 88' lang='lat' dir='ltr'><strong>finem</strong></span> <span class='ocrx_word' id='word_1_36' title='bbox 1016 442 1061 478; x_wconf 88' lang='lat' dir='ltr'>in</span> <span class='ocrx_word' id='word_1_37' title='bbox 1085 439 1292 478; x_wconf 89' lang='lat' dir='ltr'>Ianuario</span> <span class='ocrx_word' id='word_1_38' title='bbox 1316 438 1572 481; x_wconf 88' lang='lat' dir='ltr'>deficiendo,</span> <span class='ocrx_word' id='word_1_39' title='bbox 1596 436 1855 476; x_wconf 64' lang='lat' dir='ltr'>labefaclare</span> 
     </span>
     <span class='ocr_line' id='line_1_13' title="bbox 210 490 1856 540; baseline -0.002 -10"><span class='ocrx_word' id='word_1_40' title='bbox 210 492 391 530; x_wconf 90' lang='lat' dir='ltr'>videtur.</span> <span class='ocrx_word' id='word_1_41' title='bbox 408 492 463 530; x_wconf 93' lang='lat' dir='ltr'>Vt</span> <span class='ocrx_word' id='word_1_42' title='bbox 479 497 627 530; x_wconf 88' lang='lat' dir='ltr'>autem</span> <span class='ocrx_word' id='word_1_43' title='bbox 643 494 705 530; x_wconf 92' lang='lat' dir='ltr'>rei</span> <span class='ocrx_word' id='word_1_44' title='bbox 721 493 891 531; x_wconf 90' lang='lat' dir='ltr'>Veritas</span> <span class='ocrx_word' id='word_1_45' title='bbox 907 495 1065 531; x_wconf 91' lang='lat' dir='ltr'>certius</span> <span class='ocrx_word' id='word_1_46' title='bbox 1080 492 1163 531; x_wconf 90' lang='lat' dir='ltr'>hac</span> <span class='ocrx_word' id='word_1_47' title='bbox 1180 494 1225 530; x_wconf 92' lang='lat' dir='ltr'>in</span> <span class='ocrx_word' id='word_1_48' title='bbox 1241 497 1362 540; x_wconf 90' lang='lat' dir='ltr'>parte</span> <span class='ocrx_word' id='word_1_49' title='bbox 1380 491 1675 533; x_wconf 81' lang='lat' dir='ltr'><strong>innotesceret,</strong></span> <span class='ocrx_word' id='word_1_50' title='bbox 1695 490 1856 528; x_wconf 87' lang='lat' dir='ltr'>deduxi</span> 
     </span>
     <span class='ocr_line' id='line_1_14' title="bbox 211 543 1856 594; baseline -0.002 -10"><span class='ocrx_word' id='word_1_51' title='bbox 211 545 561 584; x_wconf 83' lang='lat' dir='ltr'>Moestlinianum</span> <span class='ocrx_word' id='word_1_52' title='bbox 572 545 791 584; x_wconf 88' lang='lat' dir='ltr'>calculum</span> <span class='ocrx_word' id='word_1_53' title='bbox 803 557 856 584; x_wconf 90' lang='lat' dir='ltr'>ex</span> <span class='ocrx_word' id='word_1_54' title='bbox 868 548 1045 594; x_wconf 90' lang='lat' dir='ltr'>propria</span> <span class='ocrx_word' id='word_1_55' title='bbox 1056 546 1185 593; x_wconf 82' lang='lat' dir='ltr'>ipsius</span> <span class='ocrx_word' id='word_1_56' title='bbox 1196 544 1450 593; x_wconf 89' lang='lat' dir='ltr'>Hypothefi,</span> <span class='ocrx_word' id='word_1_57' title='bbox 1462 544 1593 591; x_wconf 85' lang='lat' dir='ltr'>vsque</span> <span class='ocrx_word' id='word_1_58' title='bbox 1604 546 1649 581; x_wconf 92' lang='lat' dir='ltr'>in</span> <span class='ocrx_word' id='word_1_59' title='bbox 1658 543 1856 581; x_wconf 89' lang='lat' dir='ltr'>vltimam</span> 
     </span>
     <span class='ocr_line' id='line_1_15' title="bbox 209 598 1856 645; baseline -0.002 -9"><span class='ocrx_word' id='word_1_60' title='bbox 209 598 399 637; x_wconf 82' lang='lat' dir='ltr'>nostram</span> <span class='ocrx_word' id='word_1_61' title='bbox 411 598 775 637; x_wconf 88' lang='lat' dir='ltr'>Obseruationem</span> <span class='ocrx_word' id='word_1_62' title='bbox 786 599 855 637; x_wconf 92' lang='lat' dir='ltr'>die</span> <span class='ocrx_word' id='word_1_63' title='bbox 867 599 1012 637; x_wconf 91' lang='lat' dir='ltr'>XXVI</span> <span class='ocrx_word' id='word_1_64' title='bbox 1024 599 1219 637; x_wconf 83' lang='lat' dir='ltr'><strong>Ianuarii</strong></span> <span class='ocrx_word' id='word_1_65' title='bbox 1231 598 1439 640; x_wconf 87' lang='lat' dir='ltr'>habitam,</span> <span class='ocrx_word' id='word_1_66' title='bbox 1453 609 1541 645; x_wconf 94' lang='lat' dir='ltr'>quo</span> <span class='ocrx_word' id='word_1_67' title='bbox 1554 598 1785 644; x_wconf 86' lang='lat' dir='ltr'>experirer,</span> <span class='ocrx_word' id='word_1_68' title='bbox 1798 608 1856 634; x_wconf 88' lang='lat' dir='ltr'>an</span> 
     </span>
     <span class='ocr_line' id='line_1_16' title="bbox 210 649 1856 700; baseline -0.002 -11"><span class='ocrx_word' id='word_1_69' title='bbox 210 651 455 699; x_wconf 88' lang='lat' dir='ltr'>Longitudo</span> <span class='ocrx_word' id='word_1_70' title='bbox 468 651 679 696; x_wconf 87' lang='lat' dir='ltr'>Cometae,</span> <span class='ocrx_word' id='word_1_71' title='bbox 696 653 818 690; x_wconf 89' lang='lat' dir='ltr'>iuxta</span> <span class='ocrx_word' id='word_1_72' title='bbox 834 652 963 700; x_wconf 80' lang='lat' dir='ltr'>ipsius</span> <span class='ocrx_word' id='word_1_73' title='bbox 979 651 1205 699; x_wconf 85' lang='lat' dir='ltr'>suppofita‚</span> <span class='ocrx_word' id='word_1_74' title='bbox 1223 651 1278 690; x_wconf 88' lang='lat' dir='ltr'>ad</span> <span class='ocrx_word' id='word_1_75' title='bbox 1294 650 1456 689; x_wconf 67' lang='lat' dir='ltr'>dictum</span> <span class='ocrx_word' id='word_1_76' title='bbox 1472 650 1588 688; x_wconf 90' lang='lat' dir='ltr'>diem</span> <span class='ocrx_word' id='word_1_77' title='bbox 1603 649 1747 687; x_wconf 90' lang='lat' dir='ltr'>adhuc</span> <span class='ocrx_word' id='word_1_78' title='bbox 1759 649 1856 697; x_wconf 94' lang='lat' dir='ltr'>plus</span> 
     </span>
     <span class='ocr_line' id='line_1_17' title="bbox 209 703 1856 752; baseline -0.002 -10"><span class='ocrx_word' id='word_1_79' title='bbox 209 715 344 752; x_wconf 89' lang='lat' dir='ltr'>quam</span> <span class='ocrx_word' id='word_1_80' title='bbox 359 704 400 742; x_wconf 91' lang='lat' dir='ltr'>X</span> <span class='ocrx_word' id='word_1_81' title='bbox 417 704 611 743; x_wconf 86' lang='lat' dir='ltr'>Ianuarii</span> <span class='ocrx_word' id='word_1_82' title='bbox 628 705 887 743; x_wconf 88' lang='lat' dir='ltr'>excresceret</span> <span class='ocrx_word' id='word_1_83' title='bbox 903 705 963 752; x_wconf 89' lang='lat' dir='ltr'>(id</span> <span class='ocrx_word' id='word_1_84' title='bbox 980 707 1099 743; x_wconf 91' lang='lat' dir='ltr'>enim</span> <span class='ocrx_word' id='word_1_85' title='bbox 1114 704 1310 742; x_wconf 88' lang='lat' dir='ltr'>futurum</span> <span class='ocrx_word' id='word_1_86' title='bbox 1327 716 1417 742; x_wconf 92' lang='lat' dir='ltr'>non</span> <span class='ocrx_word' id='word_1_87' title='bbox 1434 703 1520 741; x_wconf 86' lang='lat' dir='ltr'>fine</span> <span class='ocrx_word' id='word_1_88' title='bbox 1538 705 1706 741; x_wconf 87' lang='lat' dir='ltr'>ratione</span> <span class='ocrx_word' id='word_1_89' title='bbox 1724 704 1856 740; x_wconf 90' lang='lat' dir='ltr'>conii-</span> 
     </span>
     <span class='ocr_line' id='line_1_18' title="bbox 209 755 1856 804; baseline -0.001 -9"><span class='ocrx_word' id='word_1_90' title='bbox 209 757 395 803; x_wconf 90' lang='lat' dir='ltr'>ciebam)</span> <span class='ocrx_word' id='word_1_91' title='bbox 412 762 487 795; x_wconf 90' lang='lat' dir='ltr'>aut</span> <span class='ocrx_word' id='word_1_92' title='bbox 503 760 648 802; x_wconf 90' lang='lat' dir='ltr'>etiam,</span> <span class='ocrx_word' id='word_1_93' title='bbox 664 769 734 802; x_wconf 88' lang='lat' dir='ltr'>an,</span> <span class='ocrx_word' id='word_1_94' title='bbox 751 763 795 796; x_wconf 93' lang='lat' dir='ltr'>vt</span> <span class='ocrx_word' id='word_1_95' title='bbox 811 764 941 796; x_wconf 87' lang='lat' dir='ltr'>antea</span> <span class='ocrx_word' id='word_1_96' title='bbox 954 760 999 796; x_wconf 93' lang='lat' dir='ltr'>in</span> <span class='ocrx_word' id='word_1_97' title='bbox 1011 757 1098 795; x_wconf 93' lang='lat' dir='ltr'>fine</span> <span class='ocrx_word' id='word_1_98' title='bbox 1111 757 1392 801; x_wconf 89' lang='lat' dir='ltr'>Nouembris,</span> <span class='ocrx_word' id='word_1_99' title='bbox 1408 756 1623 804; x_wconf 88' lang='lat' dir='ltr'>paulatim</span> <span class='ocrx_word' id='word_1_100' title='bbox 1634 755 1689 794; x_wconf 89' lang='lat' dir='ltr'>ad</span> <span class='ocrx_word' id='word_1_101' title='bbox 1702 755 1856 793; x_wconf 86' lang='lat' dir='ltr'>nostrae</span> 
     </span>
     <span class='ocr_line' id='line_1_19' title="bbox 209 808 1856 858; baseline -0.001 -10"><span class='ocrx_word' id='word_1_102' title='bbox 209 810 538 849; x_wconf 90' lang='lat' dir='ltr'>Obseruationis</span> <span class='ocrx_word' id='word_1_103' title='bbox 554 812 771 849; x_wconf 85' lang='lat' dir='ltr'>tramitem</span> <span class='ocrx_word' id='word_1_104' title='bbox 787 811 870 849; x_wconf 88' lang='lat' dir='ltr'>sese</span> <span class='ocrx_word' id='word_1_105' title='bbox 887 813 1107 858; x_wconf 87' lang='lat' dir='ltr'>reciperet.</span> <span class='ocrx_word' id='word_1_106' title='bbox 1125 810 1239 856; x_wconf 88' lang='lat' dir='ltr'>Quae</span> <span class='ocrx_word' id='word_1_107' title='bbox 1255 817 1299 848; x_wconf 93' lang='lat' dir='ltr'>vt</span> <span class='ocrx_word' id='word_1_108' title='bbox 1315 809 1581 848; x_wconf 86' lang='lat' dir='ltr'>manifestius</span> <span class='ocrx_word' id='word_1_109' title='bbox 1598 808 1856 856; x_wconf 89' lang='lat' dir='ltr'>cognoscan-</span> 
     </span>
     <span class='ocr_line' id='line_1_20' title="bbox 207 861 1855 912; baseline -0.002 -11"><span class='ocrx_word' id='word_1_110' title='bbox 207 868 288 907; x_wconf 94' lang='lat' dir='ltr'>tur,</span> <span class='ocrx_word' id='word_1_111' title='bbox 311 863 349 901; x_wconf 85' lang='lat'>&amp;</span> <span class='ocrx_word' id='word_1_112' title='bbox 370 862 526 912; x_wconf 67' lang='lat' dir='ltr'>rectius</span> <span class='ocrx_word' id='word_1_113' title='bbox 547 863 850 908; x_wconf 90' lang='lat' dir='ltr'>diiudicentur,</span> <span class='ocrx_word' id='word_1_114' title='bbox 874 876 965 902; x_wconf 93' lang='lat' dir='ltr'>non</span> <span class='ocrx_word' id='word_1_115' title='bbox 986 863 1063 902; x_wconf 93' lang='lat' dir='ltr'>abs</span> <span class='ocrx_word' id='word_1_116' title='bbox 1084 875 1128 901; x_wconf 91' lang='lat' dir='ltr'>re</span> <span class='ocrx_word' id='word_1_117' title='bbox 1150 875 1219 901; x_wconf 91' lang='lat' dir='ltr'>me</span> <span class='ocrx_word' id='word_1_118' title='bbox 1243 861 1460 901; x_wconf 62' lang='lat' dir='ltr'>faeturum</span> <span class='ocrx_word' id='word_1_119' title='bbox 1483 862 1679 906; x_wconf 85' lang='lat' dir='ltr'>arbitror,</span> <span class='ocrx_word' id='word_1_120' title='bbox 1703 861 1732 899; x_wconf 85' lang='lat' dir='ltr'>fi</span> <span class='ocrx_word' id='word_1_121' title='bbox 1755 873 1855 899; x_wconf 91' lang='lat' dir='ltr'>con-</span> 
     </span>
     <span class='ocr_line' id='line_1_21' title="bbox 207 914 1856 965; baseline -0.001 -11"><span class='ocrx_word' id='word_1_122' title='bbox 207 916 394 954; x_wconf 87' lang='lat' dir='ltr'>stitutam</span> <span class='ocrx_word' id='word_1_123' title='bbox 417 917 471 955; x_wconf 91' lang='lat' dir='ltr'>ab</span> <span class='ocrx_word' id='word_1_124' title='bbox 495 928 548 954; x_wconf 92' lang='lat' dir='ltr'>eo</span> <span class='ocrx_word' id='word_1_125' title='bbox 571 916 858 965; x_wconf 80' lang='lat' dir='ltr'>Hypothesin,</span> <span class='ocrx_word' id='word_1_126' title='bbox 883 929 971 964; x_wconf 89' lang='lat' dir='ltr'>qua</span> <span class='ocrx_word' id='word_1_127' title='bbox 993 917 1286 964; x_wconf 87' lang='lat' dir='ltr'>Apparentias</span> <span class='ocrx_word' id='word_1_128' title='bbox 1309 915 1441 954; x_wconf 91' lang='lat' dir='ltr'>huius</span> <span class='ocrx_word' id='word_1_129' title='bbox 1465 915 1664 953; x_wconf 85' lang='lat' dir='ltr'>Cometae</span> <span class='ocrx_word' id='word_1_130' title='bbox 1687 914 1856 952; x_wconf 88' lang='lat' dir='ltr'>saluare</span> 
     </span>
     <span class='ocr_line' id='line_1_22' title="bbox 208 964 1856 1017; baseline -0.001 -10"><span class='ocrx_word' id='word_1_131' title='bbox 208 974 403 1014; x_wconf 91' lang='lat' dir='ltr'>conatur,</span> <span class='ocrx_word' id='word_1_132' title='bbox 425 969 480 1007; x_wconf 89' lang='lat' dir='ltr'>ad</span> <span class='ocrx_word' id='word_1_133' title='bbox 497 968 659 1008; x_wconf 71' lang='lat' dir='ltr'>dic‘tum</span> <span class='ocrx_word' id='word_1_134' title='bbox 675 970 791 1008; x_wconf 89' lang='lat' dir='ltr'>diem</span> <span class='ocrx_word' id='word_1_135' title='bbox 808 969 953 1008; x_wconf 91' lang='lat' dir='ltr'>XXVI</span> <span class='ocrx_word' id='word_1_136' title='bbox 970 970 1165 1008; x_wconf 92' lang='lat' dir='ltr'>Ianuarii</span> <span class='ocrx_word' id='word_1_137' title='bbox 1181 969 1457 1017; x_wconf 89' lang='lat' dir='ltr'>applicatam,</span> <span class='ocrx_word' id='word_1_138' title='bbox 1480 967 1551 1006; x_wconf 86' lang='lat' dir='ltr'>hic</span> <span class='ocrx_word' id='word_1_139' title='bbox 1568 968 1824 1015; x_wconf 89' lang='lat' dir='ltr'>apposuero,</span> <span class='ocrx_word' id='word_1_140' title='bbox 1841 964 1856 1017; x_wconf 78' lang='lat' dir='ltr'>ss</span> 
     </span>
     <span class='ocr_line' id='line_1_23' title="bbox 210 1022 1855 1070; baseline -0.001 -10"><span class='ocrx_word' id='word_1_141' title='bbox 210 1022 248 1060; x_wconf 88' lang='lat'>&amp;</span> <span class='ocrx_word' id='word_1_142' title='bbox 263 1022 339 1061; x_wconf 85' lang='lat' dir='ltr'>sub</span> <span class='ocrx_word' id='word_1_143' title='bbox 355 1022 560 1061; x_wconf 90' lang='lat' dir='ltr'>incudem</span> <span class='ocrx_word' id='word_1_144' title='bbox 576 1034 877 1066; x_wconf 87' lang='lat' dir='ltr'>numerorum,</span> <span class='ocrx_word' id='word_1_145' title='bbox 895 1035 948 1061; x_wconf 88' lang='lat' dir='ltr'>ex</span> <span class='ocrx_word' id='word_1_146' title='bbox 959 1024 1146 1070; x_wconf 90' lang='lat' dir='ltr'>propriis</span> <span class='ocrx_word' id='word_1_147' title='bbox 1157 1024 1251 1060; x_wconf 91' lang='lat' dir='ltr'>eius</span> <span class='ocrx_word' id='word_1_148' title='bbox 1263 1022 1559 1060; x_wconf 88' lang='lat' dir='ltr'>fundamentis</span> <span class='ocrx_word' id='word_1_149' title='bbox 1570 1032 1855 1064; x_wconf 86' lang='lat' dir='ltr'>reuocauero,</span> 
     </span>
     <span class='ocr_line' id='line_1_24' title="bbox 209 1073 1855 1123; baseline -0.001 -10"><span class='ocrx_word' id='word_1_150' title='bbox 209 1077 367 1123; x_wconf 91' lang='lat' dir='ltr'>partim</span> <span class='ocrx_word' id='word_1_151' title='bbox 382 1080 426 1113; x_wconf 95' lang='lat' dir='ltr'>vt</span> <span class='ocrx_word' id='word_1_152' title='bbox 442 1075 651 1114; x_wconf 84' lang='lat' dir='ltr'>Moestlini</span> <span class='ocrx_word' id='word_1_153' title='bbox 671 1075 906 1123; x_wconf 88' lang='lat' dir='ltr'>speculatio</span> <span class='ocrx_word' id='word_1_154' title='bbox 928 1076 997 1122; x_wconf 91' lang='lat' dir='ltr'>(de</span> <span class='ocrx_word' id='word_1_155' title='bbox 1014 1087 1104 1123; x_wconf 88' lang='lat' dir='ltr'>qua</span> <span class='ocrx_word' id='word_1_156' title='bbox 1119 1077 1239 1123; x_wconf 92' lang='lat' dir='ltr'>prius</span> <span class='ocrx_word' id='word_1_157' title='bbox 1255 1075 1362 1121; x_wconf 88' lang='lat' dir='ltr'>dixi)</span> <span class='ocrx_word' id='word_1_158' title='bbox 1383 1087 1436 1112; x_wconf 93' lang='lat' dir='ltr'>eo</span> <span class='ocrx_word' id='word_1_159' title='bbox 1457 1073 1612 1113; x_wconf 67' lang='lat' dir='ltr'>rectius</span> <span class='ocrx_word' id='word_1_160' title='bbox 1629 1074 1667 1111; x_wconf 89' lang='grc'>8(</span> <span class='ocrx_word' id='word_1_161' title='bbox 1683 1073 1855 1121; x_wconf 89' lang='lat' dir='ltr'>plenius</span> 
     </span>
     <span class='ocr_line' id='line_1_25' title="bbox 208 1126 1855 1177; baseline -0.001 -11"><span class='ocrx_word' id='word_1_162' title='bbox 208 1128 485 1177; x_wconf 87' lang='lat' dir='ltr'>intelligatur,</span> <span class='ocrx_word' id='word_1_163' title='bbox 508 1131 667 1176; x_wconf 89' lang='lat' dir='ltr'>partim</span> <span class='ocrx_word' id='word_1_164' title='bbox 687 1134 729 1167; x_wconf 92' lang='lat' dir='ltr'>vt</span> <span class='ocrx_word' id='word_1_165' title='bbox 750 1128 928 1176; x_wconf 90' lang='lat' dir='ltr'>qualem</span> <span class='ocrx_word' id='word_1_166' title='bbox 949 1129 1147 1168; x_wconf 89' lang='lat' dir='ltr'>Cometae</span> <span class='ocrx_word' id='word_1_167' title='bbox 1168 1128 1315 1166; x_wconf 91' lang='lat' dir='ltr'>locum</span> <span class='ocrx_word' id='word_1_168' title='bbox 1336 1130 1382 1166; x_wconf 93' lang='lat' dir='ltr'>in</span> <span class='ocrx_word' id='word_1_169' title='bbox 1402 1127 1554 1165; x_wconf 87' lang='lat' dir='ltr'>vltima</span> <span class='ocrx_word' id='word_1_170' title='bbox 1574 1139 1601 1165; x_wconf 89' lang='lat' dir='ltr'>a</span> <span class='ocrx_word' id='word_1_171' title='bbox 1621 1127 1747 1165; x_wconf 90' lang='lat' dir='ltr'>nobis</span> <span class='ocrx_word' id='word_1_172' title='bbox 1767 1126 1855 1164; x_wconf 88' lang='lat' dir='ltr'>visa</span> 
     </span>
     <span class='ocr_line' id='line_1_26' title="bbox 210 1180 1855 1229; baseline -0.002 -9"><span class='ocrx_word' id='word_1_173' title='bbox 210 1181 526 1220; x_wconf 90' lang='lat' dir='ltr'>Obseruatione</span> <span class='ocrx_word' id='word_1_174' title='bbox 538 1181 753 1226; x_wconf 87' lang='lat' dir='ltr'>exhibeat,</span> <span class='ocrx_word' id='word_1_175' title='bbox 770 1181 808 1220; x_wconf 87' lang='lat'>&amp;</span> <span class='ocrx_word' id='word_1_176' title='bbox 824 1194 882 1220; x_wconf 88' lang='lat' dir='ltr'>an</span> <span class='ocrx_word' id='word_1_177' title='bbox 894 1194 995 1220; x_wconf 91' lang='lat' dir='ltr'>curn</span> <span class='ocrx_word' id='word_1_178' title='bbox 1007 1182 1137 1221; x_wconf 92' lang='lat' dir='ltr'>Coelo</span> <span class='ocrx_word' id='word_1_179' title='bbox 1149 1181 1238 1229; x_wconf 89' lang='lat' dir='ltr'>ipso</span> <span class='ocrx_word' id='word_1_180' title='bbox 1250 1187 1352 1219; x_wconf 92' lang='lat' dir='ltr'>tunc</span> <span class='ocrx_word' id='word_1_181' title='bbox 1364 1180 1601 1219; x_wconf 80' lang='lat' dir='ltr'>consentiat</span> <span class='ocrx_word' id='word_1_182' title='bbox 1612 1192 1691 1218; x_wconf 90' lang='lat' dir='ltr'>nec</span> <span class='ocrx_word' id='word_1_183' title='bbox 1704 1191 1771 1223; x_wconf 92' lang='lat' dir='ltr'>ne,</span> <span class='ocrx_word' id='word_1_184' title='bbox 1785 1191 1855 1217; x_wconf 88' lang='lat' dir='ltr'>ex-</span> 
     </span>
     <span class='ocr_line' id='line_1_27' title="bbox 208 1233 1855 1283; baseline -0.002 -10"><span class='ocrx_word' id='word_1_185' title='bbox 208 1234 381 1283; x_wconf 91' lang='lat' dir='ltr'>plorare</span> <span class='ocrx_word' id='word_1_186' title='bbox 399 1235 613 1283; x_wconf 84' lang='lat' dir='ltr'>possimus.</span> <span class='ocrx_word' id='word_1_187' title='bbox 635 1235 887 1273; x_wconf 91' lang='lat' dir='ltr'>Delineatio</span> <span class='ocrx_word' id='word_1_188' title='bbox 903 1237 1050 1283; x_wconf 88' lang='lat' dir='ltr'>itaque</span> <span class='ocrx_word' id='word_1_189' title='bbox 1068 1234 1380 1273; x_wconf 82' lang='lat' dir='ltr'>Moestlinianae</span> <span class='ocrx_word' id='word_1_190' title='bbox 1398 1233 1704 1282; x_wconf 88' lang='lat' dir='ltr'>Hypotheseos</span> <span class='ocrx_word' id='word_1_191' title='bbox 1721 1244 1855 1280; x_wconf 90' lang='lat' dir='ltr'>quam</span> 
     </span>
     <span class='ocr_line' id='line_1_28' title="bbox 208 1285 1854 1336; baseline -0.002 -10"><span class='ocrx_word' id='word_1_192' title='bbox 208 1290 254 1326; x_wconf 91' lang='lat' dir='ltr'>in</span> <span class='ocrx_word' id='word_1_193' title='bbox 269 1287 403 1326; x_wconf 92' lang='lat' dir='ltr'>huius</span> <span class='ocrx_word' id='word_1_194' title='bbox 419 1288 618 1327; x_wconf 85' lang='lat' dir='ltr'>Cometae</span> <span class='ocrx_word' id='word_1_195' title='bbox 634 1288 945 1327; x_wconf 88' lang='lat' dir='ltr'>Phaenomenis</span> <span class='ocrx_word' id='word_1_196' title='bbox 963 1288 1184 1327; x_wconf 90' lang='lat' dir='ltr'>saluandis</span> <span class='ocrx_word' id='word_1_197' title='bbox 1205 1289 1479 1336; x_wconf 87' lang='lat' dir='ltr'>excogitauit,</span> <span class='ocrx_word' id='word_1_198' title='bbox 1501 1286 1556 1325; x_wconf 88' lang='lat' dir='ltr'>ad</span> <span class='ocrx_word' id='word_1_199' title='bbox 1577 1286 1693 1324; x_wconf 90' lang='lat' dir='ltr'>diem</span> <span class='ocrx_word' id='word_1_200' title='bbox 1710 1285 1854 1324; x_wconf 93' lang='lat' dir='ltr'>XXVI</span> 
     </span>
     <span class='ocr_line' id='line_1_29' title="bbox 209 1340 1309 1389; baseline 0 -10"><span class='ocrx_word' id='word_1_201' title='bbox 209 1340 465 1379; x_wconf 84' lang='lat' dir='ltr'>Decembris</span> <span class='ocrx_word' id='word_1_202' title='bbox 480 1341 698 1389; x_wconf 88' lang='lat' dir='ltr'>adaptata,</span> <span class='ocrx_word' id='word_1_203' title='bbox 715 1343 760 1379; x_wconf 93' lang='lat' dir='ltr'>in</span> <span class='ocrx_word' id='word_1_204' title='bbox 776 1341 895 1380; x_wconf 93' lang='lat' dir='ltr'>hunc</span> <span class='ocrx_word' id='word_1_205' title='bbox 910 1341 1094 1380; x_wconf 91' lang='lat' dir='ltr'>modum</span> <span class='ocrx_word' id='word_1_206' title='bbox 1109 1341 1149 1379; x_wconf 93' lang='lat' dir='ltr'>se</span> <span class='ocrx_word' id='word_1_207' title='bbox 1166 1341 1309 1380; x_wconf 89' lang='lat' dir='ltr'>habet.</span> 
     </span>
    </p>

    <p class='ocr_par' dir='ltr' id='par_1_11' title="bbox 205 1393 1855 2503">
     <span class='ocr_line' id='line_1_30' title="bbox 262 1393 1854 1443; baseline -0.001 -11"><span class='ocrx_word' id='word_1_208' title='bbox 262 1394 465 1433; x_wconf 92' lang='lat' dir='ltr'>Circulus</span> <span class='ocrx_word' id='word_1_209' title='bbox 480 1394 646 1438; x_wconf 86' lang='lat' dir='ltr'>ABCI,</span> <span class='ocrx_word' id='word_1_210' title='bbox 668 1400 815 1433; x_wconf 89' lang='lat' dir='ltr'>centro</span> <span class='ocrx_word' id='word_1_211' title='bbox 834 1395 876 1433; x_wconf 96' lang='lat' dir='ltr'>D</span> <span class='ocrx_word' id='word_1_212' title='bbox 895 1395 1142 1443; x_wconf 90' lang='lat' dir='ltr'>descriptus,</span> <span class='ocrx_word' id='word_1_213' title='bbox 1164 1394 1425 1442; x_wconf 86' lang='lat' dir='ltr'>representat</span> <span class='ocrx_word' id='word_1_214' title='bbox 1442 1394 1607 1432; x_wconf 92' lang='lat' dir='ltr'>Orbem</span> <span class='ocrx_word' id='word_1_215' title='bbox 1624 1393 1854 1440; x_wconf 84' lang='lat' dir='ltr'>Magnum,</span> 
     </span>
     <span class='ocr_line' id='line_1_31' title="bbox 208 1445 1854 1495; baseline -0.001 -10"><span class='ocrx_word' id='word_1_216' title='bbox 208 1459 341 1495; x_wconf 91' lang='lat' dir='ltr'>quem</span> <span class='ocrx_word' id='word_1_217' title='bbox 357 1447 726 1486; x_wconf 91' lang='lat' dir='ltr'>COPERNICVS</span> <span class='ocrx_word' id='word_1_218' title='bbox 742 1448 890 1487; x_wconf 86' lang='lat' dir='ltr'>Terrae</span> <span class='ocrx_word' id='word_1_219' title='bbox 906 1448 1174 1486; x_wconf 89' lang='lat' dir='ltr'>reuolutioni</span> <span class='ocrx_word' id='word_1_220' title='bbox 1190 1459 1367 1492; x_wconf 85' lang='lat' dir='ltr'>annuae‚</span> <span class='ocrx_word' id='word_1_221' title='bbox 1384 1448 1497 1485; x_wconf 85' lang='lat' dir='ltr'>circa</span> <span class='ocrx_word' id='word_1_222' title='bbox 1513 1446 1659 1485; x_wconf 90' lang='lat' dir='ltr'>Solem</span> <span class='ocrx_word' id='word_1_223' title='bbox 1676 1448 1797 1484; x_wconf 90' lang='lat' dir='ltr'>iuxta</span> <span class='ocrx_word' id='word_1_224' title='bbox 1813 1445 1854 1483; x_wconf 94' lang='lat' dir='ltr'>D</span> 
     </span>
     <span class='ocr_line' id='line_1_32' title="bbox 209 1496 1854 1550; baseline -0.001 -12"><span class='ocrx_word' id='word_1_225' title='bbox 209 1501 512 1548; x_wconf 84' lang='lat' dir='ltr'>quiescentem,</span> <span class='ocrx_word' id='word_1_226' title='bbox 536 1501 739 1540; x_wconf 86' lang='lat' dir='ltr'>attribuit.</span> <span class='ocrx_word' id='word_1_227' title='bbox 767 1501 970 1540; x_wconf 92' lang='lat' dir='ltr'>Circulus</span> <span class='ocrx_word' id='word_1_228' title='bbox 991 1513 1095 1539; x_wconf 90' lang='lat' dir='ltr'>vero</span> <span class='ocrx_word' id='word_1_229' title='bbox 1119 1501 1244 1540; x_wconf 91' lang='lat' dir='ltr'>ELG</span> <span class='ocrx_word' id='word_1_230' title='bbox 1269 1501 1433 1539; x_wconf 90' lang='lat' dir='ltr'>Orbem</span> <span class='ocrx_word' id='word_1_231' title='bbox 1456 1496 1470 1550; x_wconf 89' lang='grc' dir='ltr'>ΙΙ</span> <span class='ocrx_word' id='word_1_232' title='bbox 1494 1499 1618 1537; x_wconf 89' lang='lat' dir='ltr'>illum</span> <span class='ocrx_word' id='word_1_233' title='bbox 1642 1499 1854 1542; x_wconf 85' lang='lat' dir='ltr'>Cometae,</span> 
     </span>
     <span class='ocr_line' id='line_1_33' title="bbox 209 1553 1854 1602; baseline -0.002 -10"><span class='ocrx_word' id='word_1_234' title='bbox 209 1565 341 1601; x_wconf 92' lang='lat' dir='ltr'>quem</span> <span class='ocrx_word' id='word_1_235' title='bbox 361 1566 453 1592; x_wconf 93' lang='lat' dir='ltr'>non</span> <span class='ocrx_word' id='word_1_236' title='bbox 473 1554 601 1602; x_wconf 88' lang='lat' dir='ltr'>longe</span> <span class='ocrx_word' id='word_1_237' title='bbox 618 1559 739 1592; x_wconf 89' lang='lat' dir='ltr'>extra</span> <span class='ocrx_word' id='word_1_238' title='bbox 754 1554 938 1593; x_wconf 90' lang='lat' dir='ltr'>Veneris</span> <span class='ocrx_word' id='word_1_239' title='bbox 954 1554 1185 1602; x_wconf 83' lang='lat' dir='ltr'>Sphaeram</span> <span class='ocrx_word' id='word_1_240' title='bbox 1201 1553 1424 1601; x_wconf 90' lang='lat' dir='ltr'>descripfit,</span> <span class='ocrx_word' id='word_1_241' title='bbox 1445 1555 1570 1591; x_wconf 91' lang='lat' dir='ltr'>cuius</span> <span class='ocrx_word' id='word_1_242' title='bbox 1591 1557 1789 1590; x_wconf 89' lang='lat' dir='ltr'>centrum</span> <span class='ocrx_word' id='word_1_243' title='bbox 1809 1554 1854 1589; x_wconf 90' lang='lat' dir='ltr'>in</span> 
     </span>
     <span class='ocr_line' id='line_1_34' title="bbox 209 1605 1854 1655; baseline -0.002 -10"><span class='ocrx_word' id='word_1_244' title='bbox 209 1607 272 1651; x_wconf 90' lang='lat' dir='ltr'>H;</span> <span class='ocrx_word' id='word_1_245' title='bbox 294 1607 412 1654; x_wconf 93' lang='lat' dir='ltr'>quod</span> <span class='ocrx_word' id='word_1_246' title='bbox 433 1607 549 1645; x_wconf 93' lang='lat' dir='ltr'>idem</span> <span class='ocrx_word' id='word_1_247' title='bbox 570 1608 646 1646; x_wconf 84' lang='lat' dir='ltr'>esse</span> <span class='ocrx_word' id='word_1_248' title='bbox 667 1619 769 1646; x_wconf 92' lang='lat' dir='ltr'>cum</span> <span class='ocrx_word' id='word_1_249' title='bbox 785 1613 932 1646; x_wconf 89' lang='lat' dir='ltr'>centro</span> <span class='ocrx_word' id='word_1_250' title='bbox 949 1607 1224 1655; x_wconf 88' lang='lat' dir='ltr'>aequalitatis,</span> <span class='ocrx_word' id='word_1_251' title='bbox 1246 1609 1359 1645; x_wconf 88' lang='lat' dir='ltr'>circa</span> <span class='ocrx_word' id='word_1_252' title='bbox 1375 1606 1493 1653; x_wconf 91' lang='lat' dir='ltr'>quod</span> <span class='ocrx_word' id='word_1_253' title='bbox 1510 1611 1708 1644; x_wconf 89' lang='lat' dir='ltr'>centrum</span> <span class='ocrx_word' id='word_1_254' title='bbox 1725 1605 1854 1643; x_wconf 91' lang='lat' dir='ltr'>Orbis</span> 
     </span>
     <span class='ocr_line' id='line_1_35' title="bbox 208 1657 1854 1709; baseline -0.001 -12"><span class='ocrx_word' id='word_1_255' title='bbox 208 1660 391 1698; x_wconf 91' lang='lat' dir='ltr'>Veneris</span> <span class='ocrx_word' id='word_1_256' title='bbox 403 1672 457 1699; x_wconf 91' lang='lat' dir='ltr'>ex</span> <span class='ocrx_word' id='word_1_257' title='bbox 469 1660 786 1699; x_wconf 90' lang='lat' dir='ltr'>COPERNICI</span> <span class='ocrx_word' id='word_1_258' title='bbox 802 1666 948 1699; x_wconf 90' lang='lat' dir='ltr'>mente</span> <span class='ocrx_word' id='word_1_259' title='bbox 963 1666 1151 1709; x_wconf 88' lang='lat' dir='ltr'>gyratur,</span> <span class='ocrx_word' id='word_1_260' title='bbox 1168 1660 1387 1699; x_wconf 90' lang='lat' dir='ltr'>calculum</span> <span class='ocrx_word' id='word_1_261' title='bbox 1399 1671 1452 1697; x_wconf 90' lang='lat' dir='ltr'>ex</span> <span class='ocrx_word' id='word_1_262' title='bbox 1464 1657 1854 1698; x_wconf 90' lang='lat' dir='ltr'>Obseruationibus</span> 
     </span>
     <span class='ocr_line' id='line_1_36' title="bbox 208 1712 1853 1762; baseline -0.001 -11"><span class='ocrx_word' id='word_1_263' title='bbox 208 1713 391 1752; x_wconf 90' lang='lat' dir='ltr'>docuisse</span> <span class='ocrx_word' id='word_1_264' title='bbox 407 1713 630 1757; x_wconf 90' lang='lat' dir='ltr'>asseuerat;</span> <span class='ocrx_word' id='word_1_265' title='bbox 648 1714 835 1762; x_wconf 91' lang='lat' dir='ltr'>ideoque</span> <span class='ocrx_word' id='word_1_266' title='bbox 853 1714 1040 1753; x_wconf 91' lang='lat' dir='ltr'>eandem</span> <span class='ocrx_word' id='word_1_267' title='bbox 1056 1716 1095 1752; x_wconf 90' lang='lat' dir='ltr'>ei</span> <span class='ocrx_word' id='word_1_268' title='bbox 1111 1714 1357 1752; x_wconf 83' lang='lat' dir='ltr'>distantiam</span> <span class='ocrx_word' id='word_1_269' title='bbox 1373 1725 1399 1751; x_wconf 87' lang='lat' dir='ltr'>a</span> <span class='ocrx_word' id='word_1_270' title='bbox 1415 1717 1563 1750; x_wconf 87' lang='lat' dir='ltr'>centro</span> <span class='ocrx_word' id='word_1_271' title='bbox 1578 1712 1619 1750; x_wconf 94' lang='lat' dir='ltr'>D</span> <span class='ocrx_word' id='word_1_272' title='bbox 1633 1712 1762 1750; x_wconf 92' lang='lat' dir='ltr'>Orbis</span> <span class='ocrx_word' id='word_1_273' title='bbox 1778 1723 1853 1749; x_wconf 89' lang='lat' dir='ltr'>an-</span> 
     </span>
     <span class='ocr_line' id='line_1_37' title="bbox 208 1765 1853 1815; baseline -0.001 -11"><span class='ocrx_word' id='word_1_274' title='bbox 208 1769 299 1811; x_wconf 94' lang='lat' dir='ltr'>nui,</span> <span class='ocrx_word' id='word_1_275' title='bbox 320 1778 455 1814; x_wconf 90' lang='lat' dir='ltr'>quam</span> <span class='ocrx_word' id='word_1_276' title='bbox 471 1766 745 1815; x_wconf 91' lang='lat' dir='ltr'>Copernicus</span> <span class='ocrx_word' id='word_1_277' title='bbox 765 1772 912 1805; x_wconf 91' lang='lat' dir='ltr'>centro</span> <span class='ocrx_word' id='word_1_278' title='bbox 933 1767 1079 1806; x_wconf 89' lang='lat' dir='ltr'>medio</span> <span class='ocrx_word' id='word_1_279' title='bbox 1099 1767 1335 1805; x_wconf 88' lang='lat' dir='ltr'>Eccentrici</span> <span class='ocrx_word' id='word_1_280' title='bbox 1351 1767 1546 1809; x_wconf 91' lang='lat' dir='ltr'>Veneris,</span> <span class='ocrx_word' id='word_1_281' title='bbox 1568 1765 1772 1808; x_wconf 89' lang='lat' dir='ltr'>attribuit,</span> <span class='ocrx_word' id='word_1_282' title='bbox 1793 1766 1853 1802; x_wconf 94' lang='lat' dir='ltr'>vi-</span> 
     </span>
     <span class='ocr_line' id='line_1_38' title="bbox 209 1818 1852 1868; baseline -0.002 -10"><span class='ocrx_word' id='word_1_283' title='bbox 209 1819 362 1858; x_wconf 89' lang='lat' dir='ltr'>delicet</span> <span class='ocrx_word' id='word_1_284' title='bbox 377 1821 568 1868; x_wconf 90' lang='lat' dir='ltr'>partium</span> <span class='ocrx_word' id='word_1_285' title='bbox 584 1820 674 1865; x_wconf 83' lang='lat'>246,</span> <span class='ocrx_word' id='word_1_286' title='bbox 691 1820 891 1868; x_wconf 86' lang='lat' dir='ltr'>qualium</span> <span class='ocrx_word' id='word_1_287' title='bbox 903 1820 1234 1859; x_wconf 88' lang='lat' dir='ltr'>Semidiameter</span> <span class='ocrx_word' id='word_1_288' title='bbox 1247 1819 1376 1859; x_wconf 92' lang='lat' dir='ltr'>Orbis</span> <span class='ocrx_word' id='word_1_289' title='bbox 1391 1820 1531 1858; x_wconf 91' lang='lat' dir='ltr'>annui</span> <span class='ocrx_word' id='word_1_290' title='bbox 1547 1818 1631 1856; x_wconf 93' lang='lat' dir='ltr'>BD</span> <span class='ocrx_word' id='word_1_291' title='bbox 1648 1818 1703 1856; x_wconf 85' lang='lat' dir='ltr'>est</span> <span class='ocrx_word' id='word_1_292' title='bbox 1720 1818 1852 1856; x_wconf 91' lang='lat'>10000.</span> 
     </span>
     <span class='ocr_line' id='line_1_39' title="bbox 208 1871 1853 1920; baseline -0.002 -9"><span class='ocrx_word' id='word_1_293' title='bbox 208 1873 413 1920; x_wconf 89' lang='lat' dir='ltr'>Cumque</span> <span class='ocrx_word' id='word_1_294' title='bbox 429 1878 575 1911; x_wconf 90' lang='lat' dir='ltr'>motus</span> <span class='ocrx_word' id='word_1_295' title='bbox 593 1873 722 1912; x_wconf 92' lang='lat' dir='ltr'>Orbis</span> <span class='ocrx_word' id='word_1_296' title='bbox 738 1875 877 1912; x_wconf 92' lang='lat' dir='ltr'>annui</span> <span class='ocrx_word' id='word_1_297' title='bbox 893 1873 1041 1912; x_wconf 85' lang='lat' dir='ltr'>Terrae</span> <span class='ocrx_word' id='word_1_298' title='bbox 1061 1873 1224 1912; x_wconf 90' lang='lat' dir='ltr'>feratur</span> <span class='ocrx_word' id='word_1_299' title='bbox 1245 1873 1482 1911; x_wconf 89' lang='lat' dir='ltr'>secundum</span> <span class='ocrx_word' id='word_1_300' title='bbox 1499 1871 1665 1915; x_wconf 91' lang='lat' dir='ltr'>AICB,</span> <span class='ocrx_word' id='word_1_301' title='bbox 1687 1873 1732 1909; x_wconf 90' lang='lat' dir='ltr'>in</span> <span class='ocrx_word' id='word_1_302' title='bbox 1753 1882 1853 1909; x_wconf 94' lang='lat' dir='ltr'>con-</span> 
     </span>
     <span class='ocr_line' id='line_1_40' title="bbox 207 1924 1853 1974; baseline -0.001 -10"><span class='ocrx_word' id='word_1_303' title='bbox 207 1926 431 1974; x_wconf 86' lang='lat' dir='ltr'>sequentia</span> <span class='ocrx_word' id='word_1_304' title='bbox 444 1926 690 1974; x_wconf 88' lang='lat' dir='ltr'>Signorum,</span> <span class='ocrx_word' id='word_1_305' title='bbox 709 1926 839 1965; x_wconf 90' lang='lat' dir='ltr'>Orbis</span> <span class='ocrx_word' id='word_1_306' title='bbox 855 1927 972 1965; x_wconf 91' lang='lat' dir='ltr'>illius</span> <span class='ocrx_word' id='word_1_307' title='bbox 984 1927 1182 1965; x_wconf 86' lang='lat' dir='ltr'>Cometae</span> <span class='ocrx_word' id='word_1_308' title='bbox 1199 1938 1222 1964; x_wconf 95' lang='lat' dir='ltr'>e</span> <span class='ocrx_word' id='word_1_309' title='bbox 1239 1925 1450 1964; x_wconf 89' lang='lat' dir='ltr'>conuerso</span> <span class='ocrx_word' id='word_1_310' title='bbox 1466 1925 1704 1963; x_wconf 87' lang='lat' dir='ltr'>secundum</span> <span class='ocrx_word' id='word_1_311' title='bbox 1720 1924 1853 1962; x_wconf 90' lang='lat' dir='ltr'>EOG</span> 
     </span>
     <span class='ocr_line' id='line_1_41' title="bbox 206 1978 1854 2028; baseline -0.002 -10"><span class='ocrx_word' id='word_1_312' title='bbox 206 1981 252 2017; x_wconf 91' lang='lat' dir='ltr'>in</span> <span class='ocrx_word' id='word_1_313' title='bbox 267 1980 570 2018; x_wconf 88' lang='lat' dir='ltr'>antecedentia</span> <span class='ocrx_word' id='word_1_314' title='bbox 582 1980 792 2018; x_wconf 92' lang='lat' dir='ltr'>conuolui</span> <span class='ocrx_word' id='word_1_315' title='bbox 808 1980 1088 2028; x_wconf 89' lang='lat' dir='ltr'>intelligatur;</span> <span class='ocrx_word' id='word_1_316' title='bbox 1106 1978 1235 2018; x_wconf 69' lang='lat' dir='ltr'>ducta</span> <span class='ocrx_word' id='word_1_317' title='bbox 1249 1980 1367 2018; x_wconf 89' lang='lat' dir='ltr'>linea</span> <span class='ocrx_word' id='word_1_318' title='bbox 1378 1978 1568 2017; x_wconf 89' lang='lat' dir='ltr'>ADHC</span> <span class='ocrx_word' id='word_1_319' title='bbox 1584 1989 1660 2026; x_wconf 92' lang='lat' dir='ltr'>per</span> <span class='ocrx_word' id='word_1_320' title='bbox 1671 1983 1854 2025; x_wconf 79' lang='lat' dir='ltr'>Vtraque</span> 
     </span>
     <span class='ocr_line' id='line_1_42' title="bbox 207 2031 1853 2081; baseline -0.001 -11"><span class='ocrx_word' id='word_1_321' title='bbox 207 2038 367 2077; x_wconf 89' lang='lat' dir='ltr'>centra,</span> <span class='ocrx_word' id='word_1_322' title='bbox 388 2032 574 2081; x_wconf 85' lang='lat' dir='ltr'>fignetur</span> <span class='ocrx_word' id='word_1_323' title='bbox 589 2034 838 2081; x_wconf 87' lang='lat' dir='ltr'>Apogaeurn</span> <span class='ocrx_word' id='word_1_324' title='bbox 856 2033 985 2072; x_wconf 90' lang='lat' dir='ltr'>Orbis</span> <span class='ocrx_word' id='word_1_325' title='bbox 1001 2033 1200 2071; x_wconf 87' lang='lat' dir='ltr'>Cometae</span> <span class='ocrx_word' id='word_1_326' title='bbox 1216 2035 1262 2071; x_wconf 92' lang='lat' dir='ltr'>in</span> <span class='ocrx_word' id='word_1_327' title='bbox 1279 2032 1334 2077; x_wconf 88' lang='lat' dir='ltr'>G,</span> <span class='ocrx_word' id='word_1_328' title='bbox 1355 2033 1599 2080; x_wconf 85' lang='lat' dir='ltr'>Perigaeum</span> <span class='ocrx_word' id='word_1_329' title='bbox 1619 2042 1724 2069; x_wconf 92' lang='lat' dir='ltr'>vero</span> <span class='ocrx_word' id='word_1_330' title='bbox 1744 2032 1790 2068; x_wconf 93' lang='lat' dir='ltr'>in</span> <span class='ocrx_word' id='word_1_331' title='bbox 1807 2031 1853 2074; x_wconf 92' lang='lat' dir='ltr'>E,</span> 
     </span>
     <span class='ocr_line' id='line_1_43' title="bbox 207 2083 1855 2133; baseline -0.002 -9"><span class='ocrx_word' id='word_1_332' title='bbox 207 2086 325 2133; x_wconf 92' lang='lat' dir='ltr'>quod</span> <span class='ocrx_word' id='word_1_333' title='bbox 341 2097 577 2124; x_wconf 88' lang='lat' dir='ltr'>commune</span> <span class='ocrx_word' id='word_1_334' title='bbox 594 2097 694 2124; x_wconf 90' lang='lat' dir='ltr'>cum</span> <span class='ocrx_word' id='word_1_335' title='bbox 712 2086 828 2125; x_wconf 91' lang='lat' dir='ltr'>Orbe</span> <span class='ocrx_word' id='word_1_336' title='bbox 845 2086 1028 2124; x_wconf 91' lang='lat' dir='ltr'>Veneris</span> <span class='ocrx_word' id='word_1_337' title='bbox 1044 2086 1207 2125; x_wconf 92' lang='lat' dir='ltr'>habere</span> <span class='ocrx_word' id='word_1_338' title='bbox 1224 2086 1469 2130; x_wconf 90' lang='lat' dir='ltr'>Cometam,</span> <span class='ocrx_word' id='word_1_339' title='bbox 1490 2086 1637 2123; x_wconf 89' lang='lat' dir='ltr'>asserit.</span> <span class='ocrx_word' id='word_1_340' title='bbox 1657 2083 1793 2122; x_wconf 91' lang='lat' dir='ltr'>Terra</span> <span class='ocrx_word' id='word_1_341' title='bbox 1809 2083 1855 2121; x_wconf 88' lang='lat' dir='ltr'>fit</span> 
     </span>
     <span class='ocr_line' id='line_1_44' title="bbox 206 2137 1854 2187; baseline -0.002 -10"><span class='ocrx_word' id='word_1_342' title='bbox 206 2141 252 2177; x_wconf 93' lang='lat' dir='ltr'>in</span> <span class='ocrx_word' id='word_1_343' title='bbox 268 2139 315 2184; x_wconf 91' lang='lat' dir='ltr'>B,</span> <span class='ocrx_word' id='word_1_344' title='bbox 333 2139 371 2177; x_wconf 91' lang='grc'>8(</span> <span class='ocrx_word' id='word_1_345' title='bbox 387 2138 515 2178; x_wconf 69' lang='lat' dir='ltr'>ducta</span> <span class='ocrx_word' id='word_1_346' title='bbox 530 2139 649 2178; x_wconf 91' lang='lat' dir='ltr'>linea</span> <span class='ocrx_word' id='word_1_347' title='bbox 666 2138 795 2178; x_wconf 73' lang='lat' dir='ltr'>Rec&#39;ta</span> <span class='ocrx_word' id='word_1_348' title='bbox 810 2151 887 2187; x_wconf 90' lang='lat' dir='ltr'>per</span> <span class='ocrx_word' id='word_1_349' title='bbox 904 2139 945 2177; x_wconf 96' lang='lat' dir='ltr'>D</span> <span class='ocrx_word' id='word_1_350' title='bbox 962 2144 1160 2178; x_wconf 88' lang='lat' dir='ltr'>centrum</span> <span class='ocrx_word' id='word_1_351' title='bbox 1177 2140 1307 2178; x_wconf 92' lang='lat' dir='ltr'>Orbis</span> <span class='ocrx_word' id='word_1_352' title='bbox 1323 2140 1475 2182; x_wconf 90' lang='lat' dir='ltr'>annui,</span> <span class='ocrx_word' id='word_1_353' title='bbox 1492 2140 1537 2176; x_wconf 93' lang='lat' dir='ltr'>in</span> <span class='ocrx_word' id='word_1_354' title='bbox 1554 2138 1584 2181; x_wconf 94' lang='lat' dir='ltr'>I,</span> <span class='ocrx_word' id='word_1_355' title='bbox 1603 2137 1854 2175; x_wconf 82' lang='lat' dir='ltr'>monstrabit</span> 
     </span>
     <span class='ocr_line' id='line_1_45' title="bbox 206 2191 1853 2240; baseline -0.001 -10"><span class='ocrx_word' id='word_1_356' title='bbox 206 2192 401 2231; x_wconf 89' lang='lat' dir='ltr'>medium</span> <span class='ocrx_word' id='word_1_357' title='bbox 422 2192 535 2231; x_wconf 91' lang='lat' dir='ltr'>Solis</span> <span class='ocrx_word' id='word_1_358' title='bbox 555 2194 601 2230; x_wconf 92' lang='lat' dir='ltr'>in</span> <span class='ocrx_word' id='word_1_359' title='bbox 622 2193 652 2236; x_wconf 92' lang='lat' dir='ltr'>I,</span> <span class='ocrx_word' id='word_1_360' title='bbox 674 2194 743 2231; x_wconf 93' lang='lat' dir='ltr'>cui</span> <span class='ocrx_word' id='word_1_361' title='bbox 764 2192 979 2231; x_wconf 88' lang='lat' dir='ltr'>Parallela</span> <span class='ocrx_word' id='word_1_362' title='bbox 998 2204 1076 2240; x_wconf 94' lang='lat' dir='ltr'>per</span> <span class='ocrx_word' id='word_1_363' title='bbox 1096 2198 1293 2231; x_wconf 90' lang='lat' dir='ltr'>centrum</span> <span class='ocrx_word' id='word_1_364' title='bbox 1309 2192 1355 2230; x_wconf 91' lang='lat' dir='ltr'>H</span> <span class='ocrx_word' id='word_1_365' title='bbox 1373 2192 1503 2231; x_wconf 90' lang='lat' dir='ltr'>Orbis</span> <span class='ocrx_word' id='word_1_366' title='bbox 1519 2191 1731 2234; x_wconf 85' lang='lat' dir='ltr'>Cometae,</span> <span class='ocrx_word' id='word_1_367' title='bbox 1753 2201 1853 2228; x_wconf 91' lang='lat' dir='ltr'>con—</span> 
     </span>
     <span class='ocr_line' id='line_1_46' title="bbox 205 2244 1852 2294; baseline -0.001 -11"><span class='ocrx_word' id='word_1_368' title='bbox 205 2245 400 2284; x_wconf 82' lang='lat' dir='ltr'>stituatur</span> <span class='ocrx_word' id='word_1_369' title='bbox 421 2245 568 2290; x_wconf 92' lang='lat' dir='ltr'>LHK,</span> <span class='ocrx_word' id='word_1_370' title='bbox 589 2257 689 2294; x_wconf 85' lang='lat' dir='ltr'>quae</span> <span class='ocrx_word' id='word_1_371' title='bbox 709 2246 957 2294; x_wconf 85' lang='lat' dir='ltr'>Apogaeum</span> <span class='ocrx_word' id='word_1_372' title='bbox 977 2245 1173 2284; x_wconf 88' lang='lat' dir='ltr'>medium</span> <span class='ocrx_word' id='word_1_373' title='bbox 1193 2246 1549 2284; x_wconf 87' lang='lat' dir='ltr'>commutationis</span> <span class='ocrx_word' id='word_1_374' title='bbox 1570 2244 1769 2282; x_wconf 86' lang='lat' dir='ltr'>Cometae</span> <span class='ocrx_word' id='word_1_375' title='bbox 1790 2245 1852 2281; x_wconf 93' lang='lat' dir='ltr'>in-</span> 
     </span>
     <span class='ocr_line' id='line_1_47' title="bbox 206 2296 1852 2347; baseline -0.001 -11"><span class='ocrx_word' id='word_1_376' title='bbox 206 2298 363 2337; x_wconf 89' lang='lat' dir='ltr'>dicabit</span> <span class='ocrx_word' id='word_1_377' title='bbox 378 2300 424 2336; x_wconf 92' lang='lat' dir='ltr'>in</span> <span class='ocrx_word' id='word_1_378' title='bbox 440 2299 486 2343; x_wconf 92' lang='lat' dir='ltr'>L,</span> <span class='ocrx_word' id='word_1_379' title='bbox 503 2299 747 2347; x_wconf 88' lang='lat' dir='ltr'>Perigaeum</span> <span class='ocrx_word' id='word_1_380' title='bbox 763 2301 809 2337; x_wconf 92' lang='lat' dir='ltr'>in</span> <span class='ocrx_word' id='word_1_381' title='bbox 825 2299 881 2343; x_wconf 89' lang='lat' dir='ltr'>K;</span> <span class='ocrx_word' id='word_1_382' title='bbox 898 2299 1082 2337; x_wconf 89' lang='lat' dir='ltr'>ducatur</span> <span class='ocrx_word' id='word_1_383' title='bbox 1097 2301 1230 2337; x_wconf 88' lang='lat' dir='ltr'>etiam</span> <span class='ocrx_word' id='word_1_384' title='bbox 1245 2299 1333 2337; x_wconf 93' lang='lat' dir='ltr'>alia</span> <span class='ocrx_word' id='word_1_385' title='bbox 1349 2297 1479 2337; x_wconf 76' lang='lat' dir='ltr'>Rec&#39;ta</span> <span class='ocrx_word' id='word_1_386' title='bbox 1494 2310 1520 2336; x_wconf 86' lang='lat' dir='ltr'>a</span> <span class='ocrx_word' id='word_1_387' title='bbox 1536 2298 1633 2336; x_wconf 94' lang='lat' dir='ltr'>loco</span> <span class='ocrx_word' id='word_1_388' title='bbox 1644 2296 1793 2335; x_wconf 88' lang='lat' dir='ltr'>Terrae</span> <span class='ocrx_word' id='word_1_389' title='bbox 1806 2297 1852 2339; x_wconf 92' lang='lat' dir='ltr'>B,</span> 
     </span>
     <span class='ocr_line' id='line_1_48' title="bbox 205 2350 1852 2400; baseline -0.002 -10"><span class='ocrx_word' id='word_1_390' title='bbox 205 2363 283 2399; x_wconf 91' lang='lat' dir='ltr'>per</span> <span class='ocrx_word' id='word_1_391' title='bbox 298 2357 496 2390; x_wconf 90' lang='lat' dir='ltr'>centrum</span> <span class='ocrx_word' id='word_1_392' title='bbox 511 2352 570 2397; x_wconf 91' lang='lat' dir='ltr'>H,</span> <span class='ocrx_word' id='word_1_393' title='bbox 591 2354 637 2390; x_wconf 92' lang='lat' dir='ltr'>in</span> <span class='ocrx_word' id='word_1_394' title='bbox 654 2352 709 2390; x_wconf 91' lang='lat' dir='ltr'>N.</span> <span class='ocrx_word' id='word_1_395' title='bbox 731 2352 844 2390; x_wconf 87' lang='lat' dir='ltr'>Haec</span> <span class='ocrx_word' id='word_1_396' title='bbox 860 2352 1094 2400; x_wconf 87' lang='lat' dir='ltr'>defignabit</span> <span class='ocrx_word' id='word_1_397' title='bbox 1110 2353 1359 2400; x_wconf 85' lang='lat' dir='ltr'>Apogaeum</span> <span class='ocrx_word' id='word_1_398' title='bbox 1375 2363 1530 2390; x_wconf 89' lang='lat' dir='ltr'>verum</span> <span class='ocrx_word' id='word_1_399' title='bbox 1546 2353 1591 2389; x_wconf 91' lang='lat' dir='ltr'>in</span> <span class='ocrx_word' id='word_1_400' title='bbox 1608 2350 1663 2394; x_wconf 93' lang='lat' dir='ltr'>N,</span> <span class='ocrx_word' id='word_1_401' title='bbox 1683 2350 1721 2388; x_wconf 86' lang='lat'>&amp;</span> <span class='ocrx_word' id='word_1_402' title='bbox 1740 2350 1852 2387; x_wconf 91' lang='lat' dir='ltr'>Peri-</span> 
     </span>
     <span class='ocr_line' id='line_1_49' title="bbox 205 2404 1853 2453; baseline -0.002 -10"><span class='ocrx_word' id='word_1_403' title='bbox 205 2416 351 2453; x_wconf 85' lang='lat' dir='ltr'>gaeum</span> <span class='ocrx_word' id='word_1_404' title='bbox 371 2405 521 2443; x_wconf 91' lang='lat' dir='ltr'>itidem</span> <span class='ocrx_word' id='word_1_405' title='bbox 540 2417 695 2444; x_wconf 90' lang='lat' dir='ltr'>verum</span> <span class='ocrx_word' id='word_1_406' title='bbox 712 2407 758 2443; x_wconf 92' lang='lat' dir='ltr'>in</span> <span class='ocrx_word' id='word_1_407' title='bbox 774 2405 837 2443; x_wconf 92' lang='lat' dir='ltr'>M.</span> <span class='ocrx_word' id='word_1_408' title='bbox 860 2405 1058 2444; x_wconf 88' lang='lat' dir='ltr'>Cometae</span> <span class='ocrx_word' id='word_1_409' title='bbox 1079 2410 1229 2443; x_wconf 91' lang='lat' dir='ltr'>autem</span> <span class='ocrx_word' id='word_1_410' title='bbox 1249 2405 1371 2443; x_wconf 93' lang='lat' dir='ltr'>locus</span> <span class='ocrx_word' id='word_1_411' title='bbox 1392 2404 1539 2443; x_wconf 82' lang='lat' dir='ltr'>existat</span> <span class='ocrx_word' id='word_1_412' title='bbox 1555 2406 1600 2442; x_wconf 92' lang='lat' dir='ltr'>in</span> <span class='ocrx_word' id='word_1_413' title='bbox 1617 2404 1661 2448; x_wconf 90' lang='lat' dir='ltr'>F,</span> <span class='ocrx_word' id='word_1_414' title='bbox 1683 2405 1758 2450; x_wconf 93' lang='lat' dir='ltr'>qui</span> <span class='ocrx_word' id='word_1_415' title='bbox 1776 2414 1853 2450; x_wconf 90' lang='lat' dir='ltr'>per</span> 
     </span>
     <span class='ocr_line' id='line_1_50' title="bbox 206 2456 1850 2503; baseline -0.002 -7"><span class='ocrx_word' id='word_1_416' title='bbox 206 2456 357 2496; x_wconf 66' lang='lat' dir='ltr'>Reetas</span> <span class='ocrx_word' id='word_1_417' title='bbox 380 2458 453 2496; x_wconf 92' lang='lat' dir='ltr'>FB</span> <span class='ocrx_word' id='word_1_418' title='bbox 477 2458 515 2496; x_wconf 90' lang='lat'>&amp;</span> <span class='ocrx_word' id='word_1_419' title='bbox 538 2459 623 2497; x_wconf 92' lang='lat' dir='ltr'>FH</span> <span class='ocrx_word' id='word_1_420' title='bbox 647 2457 929 2497; x_wconf 69' lang='lat' dir='ltr'>connectatur</span> <span class='ocrx_word' id='word_1_421' title='bbox 948 2458 1096 2496; x_wconf 84' lang='lat' dir='ltr'>Terrae</span> <span class='ocrx_word' id='word_1_422' title='bbox 1120 2460 1166 2496; x_wconf 93' lang='lat' dir='ltr'>in</span> <span class='ocrx_word' id='word_1_423' title='bbox 1188 2458 1236 2503; x_wconf 93' lang='lat' dir='ltr'>B,</span> <span class='ocrx_word' id='word_1_424' title='bbox 1260 2458 1297 2496; x_wconf 93' lang='grc'>8(</span> <span class='ocrx_word' id='word_1_425' title='bbox 1320 2463 1468 2496; x_wconf 89' lang='lat' dir='ltr'>centro</span> <span class='ocrx_word' id='word_1_426' title='bbox 1491 2457 1554 2495; x_wconf 90' lang='lat' dir='ltr'>sui</span> <span class='ocrx_word' id='word_1_427' title='bbox 1575 2457 1704 2495; x_wconf 94' lang='lat' dir='ltr'>Orbis</span> <span class='ocrx_word' id='word_1_428' title='bbox 1725 2458 1770 2494; x_wconf 94' lang='lat' dir='ltr'>in</span> <span class='ocrx_word' id='word_1_429' title='bbox 1792 2456 1850 2493; x_wconf 90' lang='lat' dir='ltr'>H.</span> 
     </span>
    </p>
   </div>
   <div class='ocr_carea' id='block_1_11' title="bbox 206 2509 1851 2610">
    <p class='ocr_par' dir='ltr' id='par_1_12' title="bbox 206 2509 1851 2610">
     <span class='ocr_line' id='line_1_51' title="bbox 206 2509 1850 2600; baseline -0.002 -50"><span class='ocrx_word' id='word_1_430' title='bbox 206 2511 384 2549; x_wconf 85' lang='lat' dir='ltr'>Motum</span> <span class='ocrx_word' id='word_1_431' title='bbox 399 2516 548 2550; x_wconf 90' lang='lat' dir='ltr'>autern</span> <span class='ocrx_word' id='word_1_432' title='bbox 561 2512 759 2550; x_wconf 86' lang='lat' dir='ltr'>Cometae</span> <span class='ocrx_word' id='word_1_433' title='bbox 775 2513 821 2549; x_wconf 91' lang='lat' dir='ltr'>in</span> <span class='ocrx_word' id='word_1_434' title='bbox 837 2511 913 2550; x_wconf 92' lang='lat' dir='ltr'>suo</span> <span class='ocrx_word' id='word_1_435' title='bbox 926 2511 1043 2550; x_wconf 90' lang='lat' dir='ltr'>Orbe</span> <span class='ocrx_word' id='word_1_436' title='bbox 1059 2513 1164 2559; x_wconf 93' lang='lat' dir='ltr'>quia</span> <span class='ocrx_word' id='word_1_437' title='bbox 1180 2523 1271 2550; x_wconf 91' lang='lat' dir='ltr'>non</span> <span class='ocrx_word' id='word_1_438' title='bbox 1288 2511 1485 2559; x_wconf 89' lang='lat' dir='ltr'>intelligit</span> <span class='ocrx_word' id='word_1_439' title='bbox 1496 2510 1744 2600; x_wconf 72' lang='lat' dir='ltr'>Moestlinuls</span> <span class='ocrx_word' id='word_1_440' title='bbox 1758 2509 1850 2546; x_wconf 90' lang='lat' dir='ltr'>fim-</span> 
     </span>
     <span class='ocr_line' id='line_1_52' title="bbox 1686 2564 1851 2610; baseline -0.006 -10"><span class='ocrx_word' id='word_1_441' title='bbox 1686 2574 1713 2610; x_wconf 93' lang='lat' dir='ltr'>p</span> <span class='ocrx_word' id='word_1_442' title='bbox 1734 2564 1851 2600; x_wconf 90' lang='lat' dir='ltr'>iciter</span> 
     </span>
    </p>
   </div>
  </div>
 </body>
</html>
