2209 3213
518 231 1040 270 RECENTIORIBUS
1060 228 1520 269 PHAENOMENIS
1774 228 1842 265 201

199 339 386 378 rallaxin
401 340 447 376 in
463 338 546 376 hoc
561 337 760 381 Cometa,
778 349 831 375 ex
846 336 915 374 his
931 338 1054 381 datis,
1071 338 1165 375 erui
1181 337 1303 384 posse.
1321 335 1546 382 Siquidem
1562 334 1645 372 hac
1661 335 1843 377 ratione,

199 393 282 430 LN
307 394 454 430 vnitur
479 403 579 428 cum
604 391 708 433 LM,
740 390 870 437 idque
900 396 1142 438 propterea,
1173 391 1277 436 quia
1302 388 1385 426 ZN
1411 390 1531 435 prius
1558 386 1845 434 proueniebat

199 445 371 492 aequale
392 444 480 482 fere
502 443 577 491 ipfi
598 443 690 481 ZM
713 443 785 489 (est
806 445 924 481 enim
941 443 1046 487 ZM,
1070 443 1112 480 P.
1130 443 1192 480 49.
1210 442 1273 479 M.
1291 443 1327 479 5.
1345 441 1384 479 S.
1401 441 1438 484 0,
1462 441 1559 485 ZN,
1583 441 1625 478 P.
1643 440 1705 477 49.
1728 440 1790 477 M.
1808 439 1844 476 3.

200 499 238 537 S.
252 498 310 544 51)
328 498 365 535 &
382 497 500 544 quod
515 497 614 544 plus
631 496 697 539 est,
714 496 812 539 ZN,
829 499 974 534 minor
990 502 1081 534 erat
1097 495 1187 542 ipsa
1202 495 1295 532 ZM
1311 506 1400 532 vno
1416 495 1614 541 proxime
1631 492 1845 539 scrupulo,

147 566 162 590 5
201 563 300 589 cum
316 552 460 598 potius
477 552 619 588 maior
635 550 711 587 esse
728 550 940 593 debuisset,
957 549 986 587 fi
1002 548 1278 596 aliquantula
1289 548 1392 585 huic
1405 547 1603 585 Cometae
1616 545 1847 584 adhaefisset

200 604 452 642 Parallaxis.
466 603 615 649 Quare
628 605 760 640 etiam
773 614 825 639 ex
837 602 905 640 his
918 600 1319 645 Obseruationibus‚
1332 600 1401 638 die
1413 601 1566 637 vltimo
1579 598 1847 636 Nouembris

200 657 370 700 habitis,
388 656 505 694 idem
521 655 723 702 sequitur,
741 655 859 702 quod
875 667 952 703 per
967 655 1272 693 antecedentes
1289 653 1710 691 Demonstrauimus.
1729 652 1848 689 Nam

200 711 297 748 licet
313 711 492 757 propius
508 709 563 746 ad
580 708 714 746 finem
731 708 802 746 hic
818 709 1080 755 perducatur
1097 707 1303 750 calculus,
1324 706 1614 743 nihilominus
1630 711 1778 743 tamen
1795 716 1847 741 eo

201 775 291 801 non
320 764 532 810 pertingit,
563 768 606 799 vt
632 761 849 799 Parallaxi
879 761 1118 799 senfibilem
1143 760 1340 807 aliquam
1364 759 1614 796 mensuram
1639 758 1848 805 deputare

135 830 164 854 ιο
202 821 345 864 queat.

255 869 387 906 Nunc
408 880 461 906 ex
482 867 740 918 quibusdam
762 867 915 905 Mense
936 866 1170 904 Decembri
1191 865 1349 903 habitis
1365 864 1615 902 Azimuthis
1636 864 1673 901 &
1694 864 1849 901 Altitu-

201 922 388 966 dinibus,
405 921 522 959 idem
538 923 856 969 perquiremus.

258 1054 443 1102 Quarto,
470 1053 809 1091 DECEMBRIS
835 1052 935 1090 DIE
961 1052 990 1096 I,
1017 1052 1146 1089 Hora
1168 1052 1203 1089 6.
1228 1051 1291 1088 M.
1316 1051 1378 1094 34,
1405 1050 1729 1089 Obseruabatur
1750 1050 1850 1087 Azi-

203 1107 340 1152 muth,
362 1108 404 1145 P.
421 1107 484 1145 56.
502 1107 565 1144 M.
582 1106 645 1149 40,
667 1106 877 1149 Altitudo,
899 1106 941 1143 P.
959 1105 1022 1143 32.
1040 1105 1103 1142 M.
1120 1105 1183 1147 25,
1206 1104 1244 1141 8(
1266 1104 1393 1142 Hora
1409 1104 1444 1142 7.
1464 1104 1526 1141 M.
1543 1104 1606 1145 49,
1626 1103 1850 1146 Azimuth,

136 1175 166 1199 ιε,
203 1162 245 1199 P.
263 1162 325 1200 74.
343 1160 406 1198 M.
423 1160 460 1204 0,
477 1159 687 1202 Altitudo,
705 1159 747 1196 P.
760 1159 823 1196 22.
836 1159 899 1196 M.
911 1159 948 1196 0.
967 1158 1030 1196 Ex
1047 1158 1114 1195 his
1130 1160 1251 1195 iuxta
1268 1157 1600 1204 suprascriptum
1616 1157 1853 1204 processum

204 1214 300 1252 haec
316 1215 596 1261 proueniunt.
614 1209 628 1262 ΙΙ

115 1301 180 1333 238
785 1292 838 1330 In
862 1291 1112 1341 Triangulo
1128 1290 1167 1328 Z
1173 1289 1273 1329 OH.

1084 1352 1118 1377 G.
1258 1351 1298 1376 M.
1440 1351 1466 1376 s.

577 1399 711 1436 Latus
799 1398 833 1435 Z
840 1398 885 1435 H
1072 1397 1134 1435 38.
1244 1396 1307 1434 42.
1444 1396 1479 1433 0.

135 1467 168 1491 20
578 1452 712 1489 Latus
799 1451 834 1488 Z
842 1451 881 1489 O
1071 1450 1134 1488 68.
1271 1450 1307 1487 Ο.
1444 1449 1480 1486 0.

577 1504 781 1552 Angulus
800 1504 839 1543 O
849 1504 935 1542 ZH
1054 1503 1134 1541 106.
1271 1503 1307 1540 0.
1444 1502 1480 1540 Ο.

580 1558 712 1596 Latus
801 1557 846 1595 H
856 1557 894 1595 O
1071 1556 1134 1595 82.
1245 1556 1307 1593 22.
1418 1556 1480 1593 57.

579 1611 781 1658 Angulus
801 1610 888 1648 ZH
897 1610 936 1648 O
1072 1610 1134 1647 64.
1272 1609 1307 1646 3.
1428 1608 1481 1646 12.

579 1664 782 1712 Angulus
801 1663 938 1702 HOZ
1073 1663 1135 1701 37.
1255 1662 1308 1699 19.
1418 1662 1480 1699 40.

138 1786 171 1810 25
262 1771 523 1809 Differentia
539 1772 746 1817 temporis
763 1769 818 1808 est
834 1770 962 1807 Hora
978 1770 1005 1807 1.
1023 1769 1086 1807 M.
1104 1769 1157 1812 15,
1174 1768 1361 1815 ideoque

473 1879 677 1924 prouenit
694 1876 896 1924 Angulus
913 1875 1057 1913 NHO
1192 1829 1244 1912 1G8.
1354 1829 1417 1912 ἐξ.
1548 1828 1589 1911 S7.

476 1930 577 1968 Erat
593 1934 742 1968 autem
910 1928 1045 1966 ZHO
1181 1928 1244 1965 64.
1380 1927 1416 1965 3.
1536 1927 1589 1964 12.

475 1983 625 2030 Quare
643 1983 790 2021 euadit
910 1981 1047 2019 ZHN
1182 1981 1244 2019 45.
1364 1981 1417 2018 15.
1554 1981 1589 2018 5.

139 2104 173 2129 30
263 2090 382 2128 Hinc
402 2092 447 2127 in
463 2088 704 2137 Triangulo
721 2088 872 2132 ZHN,
894 2099 995 2125 cum
1011 2087 1144 2125 Latus
1161 2087 1258 2124 HN
1278 2086 1325 2124 fit
1342 2086 1396 2124 G.
1414 2086 1477 2124 82.
1495 2086 1557 2123 M.
1575 2086 1637 2123 22.
1655 2086 1694 2124 S.
1712 2086 1775 2129 57,
1796 2090 1856 2122 vt-

210 2149 310 2191 pote
331 2143 504 2190 aequale
524 2142 600 2190 ipfi
621 2142 715 2180 HO
736 2143 856 2189 prius
876 2143 1071 2185 inuento,
1094 2140 1236 2188 estque
1254 2140 1340 2177 ZH
1357 2145 1400 2177 vt
1418 2141 1550 2187 prius,
1572 2138 1857 2186 Angulusque

211 2195 550 2244 comprehensus
567 2201 708 2237 notus.
726 2195 885 2233 idcirco
902 2195 1029 2232 datur
1046 2194 1178 2232 Latus
1195 2193 1292 2238 ZN,
1310 2193 1352 2231 P.
1369 2193 1432 2231 57.
1450 2193 1513 2230 M.
1530 2193 1593 2230 20.
1611 2192 1651 2231 S.
1668 2192 1704 2230 3.
1727 2192 1859 2238 Quod

211 2250 240 2288 fi
257 2249 506 2288 conferatur
522 2260 623 2286 cum
634 2249 788 2286 Latere
801 2248 906 2291 ZM,
923 2247 1246 2294 complemento
1262 2248 1416 2294 primae
1428 2246 1695 2289 Altitudinis,
1713 2245 1860 2283 euadit

213 2315 265 2341 eo
281 2305 429 2341 minus
445 2303 486 2341 15
502 2304 702 2350 proxime
718 2301 940 2348 scrupulis,
958 2311 1058 2338 cum
1074 2301 1218 2338 maius
1229 2302 1374 2347 potius
1387 2299 1591 2343 existeret,
1608 2299 1637 2336 fi
1650 2299 1860 2345 Operatio

141 2370 175 2395 35
212 2357 268 2394 ad
287 2356 422 2394 finem
438 2355 594 2393 deduci
610 2355 750 2402 posset‚
771 2354 889 2401 fique
906 2354 1114 2401 aliquam,
1136 2365 1190 2391 ex
1210 2353 1293 2391 hac
1310 2352 1639 2395 obseruatione,
1662 2351 1860 2389 Cometae

213 2409 315 2447 huic
336 2409 471 2447 adesse
488 2408 738 2446 Parallaxin
760 2407 1102 2445 consentaneum
1122 2406 1243 2444 foret.
1265 2406 1350 2444 His
1370 2408 1517 2453 itaque
1536 2403 1705 2448 relidtis,
1727 2405 1781 2442 ad
1803 2404 1860 2441 se-

215 2467 423 2510 quentem
443 2462 559 2500 diem
581 2473 662 2499 nos
683 2460 972 2503 conferemus,
993 2460 1065 2498 vbi
1086 2460 1280 2498 calculus
1299 2459 1434 2507 paulo
1454 2459 1634 2496 vlterius
1656 2457 1861 2505 procedit,

216 2527 268 2554 eo
285 2516 404 2563 quod
421 2514 659 2553 exafflores
675 2514 762 2552 illic
777 2513 938 2551 fuerint
955 2513 1305 2551 Obseruationes.

324 2578 357 2602 26
1682 2562 1861 2610 Ouinio,
