2209 3213
90 813 119 839 10

89 1079 118 1104 15

72 1126 131 1157 22’

86 1344 118 1369 20

86 1610 119 1635 25

88 1875 121 1900 30

88 2140 120 2166 35

89 2405 122 2431 40

408 215 498 253 AD
521 215 833 255 CRAIGUM
855 216 1126 256 SCOTUM
1148 217 1231 255 DE
1252 217 1542 256 COMETIS
1717 218 1794 256 447

157 321 528 369 qvemadmodum
549 324 595 359 in
615 322 699 360 hoc
715 322 804 369 ipso
821 325 927 361 anni
943 324 1005 362 77.
1029 324 1215 362 Cometa
1232 335 1334 362 eum
1350 325 1496 362 docuit
1513 326 1794 372 experientia.

157 375 255 421 Qva
274 377 320 412 in
340 379 461 421 parte
481 375 544 412 illi
565 387 656 412 non
676 376 893 422 astipulor,
914 388 1068 414 omnes
1090 379 1208 415 enim
1229 380 1274 415 in
1295 377 1453 415 coelesti
1473 380 1650 425 regione
1666 377 1795 425 supra

157 429 222 474 (ζῐῐὶ
237 427 397 465 versari
418 427 589 465 nullum
608 429 726 475 apud
742 440 812 466 me
829 429 884 466 est
900 430 1095 473 dubium,
1117 442 1197 468 nec
1213 431 1549 478 Regiomontani
1565 435 1641 469 aut
1656 431 1794 479 Voge-

155 481 233 518 lini
244 480 565 519 observationes
578 484 846 519 contrarium
857 484 903 520 in
915 483 1086 521 duobus
1099 483 1294 521 Cometis
1306 484 1553 527 astruentes,
1571 484 1794 531 qvidpiam

155 545 315 578 moror,
333 545 465 581 qvam
479 534 604 572 facile
621 534 683 572 illi
700 534 782 572 hac
796 537 842 572 in
853 540 974 582 parte
987 536 1240 579 aberrarint,
1258 537 1362 574 alibi
1374 537 1628 575 ostensurus.
1646 537 1795 585 Major

155 589 299 634 itaqve
321 589 459 634 gratia
482 592 572 625 erat
594 587 823 626 referenda
846 588 1097 626 Maesthlino
1122 601 1201 636 pro
1224 589 1309 627 suis
1332 590 1562 637 ingeniofis
1586 590 1623 627 &
1646 591 1795 628 arduis

155 639 389 683 laboribus,
416 640 570 687 qvibus
593 642 820 678 veritatem
843 643 957 680 circa
980 642 1201 687 Cometas‚
1225 644 1279 681 ob
1303 643 1433 681 solius
1457 643 1696 681 Aristotelis
1719 655 1795 681 au-

155 693 416 736 thoritatem,
437 691 649 731 haetenus
665 695 711 731 in
727 693 897 732 Scholis
913 696 1151 742 oppressam
1172 698 1217 733 in
1238 701 1438 743 apertum
1454 696 1681 740 deducere,
1703 708 1794 734 non

155 747 529 784 intermittendum
549 747 683 784 duxit.
705 746 799 784 Nec
820 759 899 794 pro
915 747 1155 796 Phantafijs
1174 754 1248 787 aut
1265 749 1548 787 ostentatione
1565 750 1713 797 aliqva
1729 761 1794 787 ar-

156 799 374 847 roganti&
385 811 513 843 vana,
530 799 660 846 ipfius
677 802 889 838 eximium
905 800 988 838 hac
1004 803 1049 838 in
1066 813 1111 839 re
1127 801 1313 839 studium
1329 805 1483 840 merito
1500 803 1795 849 reputandum

155 854 283 896 venit,
305 864 446 900 neqve
468 854 611 896 etiam,
633 858 679 890 ut
699 858 800 891 ante
821 865 992 901 qvoqve
1013 854 1114 899 dixi,
1136 855 1206 892 vel
1227 867 1252 892 a
1273 855 1534 903 Tubingenfi
1554 855 1794 904 Gymnafio

155 905 224 943 vel
247 905 339 943 ullo
364 905 452 944 alio
478 907 738 953 penitiorem
762 908 991 945 veritatem
1016 909 1129 945 circa
1154 908 1237 946 hoc
1262 908 1549 947 Cometarum
1572 911 1795 956 negotium

156 958 313 997 discere
338 961 489 1006 potuit,
515 971 648 1006 qvam
672 958 849 1006 ipsemet
874 960 1044 998 coelitus
1070 962 1277 999 assecutus
1303 961 1369 1005 est,
1396 973 1449 999 eo
1473 962 1587 1009 qvod
1610 962 1672 1000 illi
1695 974 1794 1000 eam

155 1011 327 1060 prorsus
347 1013 559 1060 ignorent,
581 1012 686 1050 dum
708 1015 859 1051 omnia
875 1013 1087 1061 Stagiritae
1109 1014 1224 1052 istius
1245 1014 1379 1053 verba
1398 1026 1477 1062 pro
1495 1015 1697 1054 Oraeulis
1718 1015 1793 1053 ha—

154 1066 267 1109 bent,
287 1070 327 1103 et
342 1067 389 1102 in
405 1077 457 1103 ea
473 1067 533 1103 ita
544 1066 762 1113 jurarunt,
784 1071 830 1104 ut
846 1066 957 1104 nihil
968 1069 1062 1115 jam
1079 1068 1281 1115 amplius,
1304 1068 1418 1115 qvod
1435 1068 1640 1106 ulteriore
1656 1071 1794 1116 inqvi—

155 1118 305 1156 fitione
322 1130 433 1165 opus
449 1118 620 1163 habeat,
638 1118 805 1163 restare,
823 1119 897 1158 fibi
913 1119 951 1157 &
967 1120 1064 1168 alijs
1081 1120 1233 1159 frustra
1248 1118 1263 1171 ΙΙ
1279 1121 1574 1168 persvadeant.

208 1171 276 1209 De
298 1171 601 1210 CORNELIO
625 1171 870 1216 GEMMA,
893 1185 977 1220 qva
996 1174 1373 1212 demonstrationis
1389 1174 1598 1212 methodo
1615 1174 1715 1212 usus
1731 1174 1794 1212 fu-

155 1226 244 1269 erit,
270 1226 316 1262 in
338 1224 416 1262 fitu
440 1224 638 1263 Cometae
661 1224 934 1272 superlunari
960 1228 1309 1273 pronunciando,
1336 1228 1477 1265 dicere
1503 1239 1594 1265 non
1620 1228 1794 1275 possum,

154 1277 360 1325 fiqvidem
381 1278 558 1325 ipsemet
579 1290 678 1316 eam
698 1290 790 1316 non
811 1279 909 1317 satis
930 1280 1102 1323 indicat,
1127 1281 1241 1327 qvod
1264 1283 1395 1318 etiarn
1418 1283 1464 1318 in
1485 1292 1550 1324 eo,
1572 1280 1655 1319 1136
1676 1281 1728 1318 de
1749 1292 1794 1318 re

155 1342 300 1378 agens,
326 1331 530 1369 defidero.
556 1332 753 1379 Apparet
774 1338 924 1370 tamen
946 1332 1072 1371 illum
1096 1345 1149 1371 ex
1172 1335 1332 1371 accessu
1356 1334 1554 1372 Cometae
1580 1334 1635 1371 ad
1660 1333 1795 1372 fixam

155 1384 347 1431 aliqvam
367 1384 531 1422 stellam
549 1384 801 1422 Parallaxin
823 1387 917 1433 ejus
939 1386 1103 1424 Lunari
1124 1389 1341 1425 minorem
1363 1387 1580 1434 collegisse,
1603 1387 1716 1434 qvod
1738 1399 1796 1425 an

156 1448 220 1481 ea,
242 1449 326 1484 qva
341 1449 420 1485 par
437 1443 539 1481 erat,
561 1437 899 1486 investigationis
915 1439 1144 1477 subtilitate
1164 1440 1400 1487 perfecerit,
1422 1441 1656 1478 asseverare
1673 1440 1795 1484 nolo;

155 1491 362 1529 Attamen
379 1502 481 1528 eum
496 1490 567 1528 vel
586 1490 670 1529 hac
690 1491 834 1529 latiori
854 1493 1060 1540 indagine
1077 1504 1355 1540 neqvaqvam
1371 1493 1484 1531 infra
1501 1495 1566 1538 (¹¹¹
1583 1504 1795 1540 reponen—

155 1544 272 1587 dum,
289 1544 453 1582 nedum
465 1549 511 1582 ut
523 1544 773 1582 Parallaxin
784 1546 807 1583 5
820 1556 910 1591 par.
925 1546 1044 1591 (tunc
1059 1548 1176 1584 enim
1190 1558 1267 1594 per
1282 1546 1397 1585 hanc
1413 1547 1643 1584 necessario
1659 1545 1796 1585 factus

155 1596 287 1635 fuisset
302 1597 428 1635 nobis
444 1598 736 1645 retrogradus)
754 1598 983 1641 admiserit,
1001 1599 1099 1637 satis
1115 1600 1270 1647 asseqvi
1286 1601 1472 1647 potuisse,
1490 1599 1614 1637 nulla
1630 1600 1795 1638 dubita-

155 1651 273 1688 tione
289 1650 470 1698 dignum
487 1650 694 1689 existimo.

206 1703 562 1742 THADDAEUS
587 1704 948 1744 HAGGECIUS
974 1708 1019 1743 in
1043 1705 1119 1744 sua
1145 1706 1321 1744 Dialexi
1347 1707 1399 1744 de
1425 1718 1542 1744 nova
1567 1705 1696 1750 stella,
1725 1705 1796 1744 etfi

155 1756 360 1804 pleraqve
385 1757 557 1801 habeat,
584 1769 681 1804 qvae
707 1758 762 1796 ad
787 1769 892 1803 rem,
919 1770 1050 1806 qvam
1075 1760 1271 1803 intendit,
1302 1771 1393 1797 non
1417 1759 1515 1797 satis
1540 1758 1797 1797 sufficientia

155 1810 397 1855 videantur,
421 1810 459 1848 &
482 1812 596 1848 circa
618 1811 917 1849 Parallaxium
941 1813 1304 1857 enucleationem,
1329 1824 1420 1850 non
1443 1824 1601 1859 parum
1622 1824 1648 1850 a
1668 1812 1795 1860 scopo

158 1862 396 1907 deflexerit;
420 1864 462 1902 id
478 1869 628 1902 tamen
644 1864 698 1902 ab
714 1864 790 1902 illo
807 1864 1025 1903 refflssime
1042 1869 1382 1913 pronunciatum
1404 1866 1470 1909 est,
1491 1866 1655 1903 stellam
1675 1865 1797 1904 illam

157 1927 335 1955 omnem
359 1916 533 1964 prorsus
559 1917 771 1955 exclufisse
797 1918 1059 1963 Parallaxin,
1090 1925 1130 1957 et
1154 1919 1331 1967 ipsemet
1355 1919 1546 1967 plurima
1571 1921 1616 1956 in
1641 1919 1797 1956 eodem

156 1969 278 2013 libro,
294 1976 388 2008 tum
404 1971 656 2008 admonitus
673 1971 727 2009 ab
743 1971 853 2019 alijS,
870 1976 964 2009 tum
982 1974 1113 2010 etiam
1128 1975 1306 2020 propria
1317 1972 1524 2010 industria
1536 1972 1797 2016 emendavit,

156 2023 290 2061 veluti
313 2023 538 2071 exemplar
561 2023 616 2062 ab
638 2024 728 2071 ipso
752 2024 1006 2069 correctum,
1032 2028 1077 2063 in
1101 2038 1186 2073 qvo
1209 2026 1349 2064 multa
1372 2026 1467 2063 sunt
1491 2025 1797 2073 manuscripta,

158 2087 253 2123 qvae
278 2078 412 2124 priori
437 2089 529 2115 non
555 2079 844 2122 continentur,
875 2078 985 2116 mihi
1010 2080 1300 2117 transmissum
1325 2079 1493 2117 affatim
1517 2079 1702 2116 testatur.
1734 2078 1798 2116 Est

158 2131 275 2167 enim
290 2131 356 2167 vir
372 2130 444 2168 ille
461 2132 506 2168 in
522 2130 656 2178 hujus
673 2133 831 2179 negotij
852 2133 1032 2170 veritate
1048 2132 1387 2181 pervestiganda,
1408 2132 1437 2169 fi
1458 2134 1552 2179 qvis
1573 2132 1699 2176 alius,
1720 2131 1798 2169 stu-

158 2182 418 2228 diofissimus‚
441 2188 481 2221 et
496 2183 525 2221 fi
542 2184 718 2231 qvando
734 2184 775 2222 se
791 2184 953 2222 alicubi
973 2187 1122 2224 errasse
1138 2186 1322 2229 senserit,
1344 2186 1442 2224 suos
1463 2185 1607 2233 lapsus
1628 2197 1732 2229 non,
1753 2191 1800 2223 ut

157 2235 350 2283 pleriqve
371 2236 519 2281 solent,
540 2237 763 2275 mordicus
784 2243 940 2282 tuetur,
962 2238 1032 2277 sed
1048 2242 1220 2278 veritati
1238 2238 1394 2277 rectius
1411 2237 1636 2286 patefactae
1653 2238 1800 2276 locum

158 2289 365 2333 concedit,
383 2291 757 2337 qvemadmodum
774 2293 906 2329 etiam
918 2292 972 2330 ab
985 2292 1074 2340 ipso
1086 2294 1131 2330 in
1143 2292 1227 2331 hoc
1239 2293 1426 2331 Cometa
1438 2294 1626 2340 ingenue
1638 2290 1800 2330 factum

159 2341 224 2386 611,
243 2354 371 2390 qvem
387 2355 487 2381 cum
502 2355 579 2391 per
595 2345 812 2382 incuriam
828 2344 1033 2391 aliqvam,
1051 2348 1183 2384 etiam
1199 2346 1516 2394 refragantibus
1528 2347 1713 2393 proprijs
1726 2345 1798 2382 ob-

158 2394 472 2434 servationibus
497 2409 550 2435 ex
576 2397 848 2435 Dedomenis
879 2398 942 2444 (ut
967 2411 993 2437 a
1018 2400 1144 2438 nobis
1169 2400 1344 2438 abunde
1371 2399 1583 2437 ostensum
1609 2398 1680 2444 611)
1706 2398 1798 2435 sub—

158 2447 359 2486 lunarem
374 2449 502 2494 fuisse‚
520 2450 632 2488 adeo
648 2456 695 2488 ut
711 2450 961 2489 Parallaxin
977 2454 1193 2500 majorem
1209 2454 1232 2491 5
1248 2465 1339 2500 par.
1356 2452 1546 2490 habuisse
1562 2452 1733 2499 putarit,
1754 2453 1798 2488 in

158 2503 291 2548 priori
306 2501 459 2550 scripto
475 2504 805 2551 pronunciasset,
826 2503 1101 2551 postmodum
1118 2518 1162 2544 re
1179 2506 1337 2544 melius
1354 2506 1602 2548 deliberata,
1622 2504 1797 2552 ipsemet

1746 2569 1797 2594 ea
