2209 3213
375 222 441 257 412
846 216 927 253 DE
950 214 1220 253 COMETA
1242 214 1408 251 ANNI
1431 213 1537 251 1585

375 328 504 363 etiam
526 325 594 361 hic
612 324 796 361 Cometa
813 321 1041 358 seditiones
1062 320 1213 367 populi
1231 319 1268 357 &
1284 320 1402 367 vulgi
1418 322 1464 357 in
1480 319 1658 357 diuersis
1678 319 1784 358 locis
1804 320 2012 359 aduersus

374 378 664 425 magistratum
674 374 984 421 excita[tu]rus,
996 385 1096 420 quae
1106 379 1254 411 tamen
1263 375 1308 410 in
1318 372 1358 410 se
1368 372 1469 419 ipsae
1480 372 1714 417 soluentur‚
1726 384 1806 410 nec
1815 373 2012 411 validum

373 430 571 468 effectum
589 428 856 471 obtinebunt,
874 427 943 464 sed
960 428 1037 464 erit
1054 426 1215 463 horum
1232 425 1422 463 conditio
1438 425 1633 473 lugubris
1649 425 1687 463 8(
1703 424 2012 464 afflictionibus

372 484 512 530 plena.
532 482 749 519 Portendit
761 480 934 526 insuper
945 479 1164 527 pecudum
1176 479 1213 516 &
1226 484 1528 516 armentorum
1540 481 1763 517 interitum
1774 484 1864 517 tam
1875 482 2011 517 maio-

372 547 480 577 rum,
499 546 631 581 quam
648 536 883 575 minorum,
904 544 956 570 ex
975 534 1106 580 varijs
1124 532 1162 569 &
1178 534 1308 570 nouis
1323 532 1487 570 morbis
1503 543 1579 579 per
1595 534 1902 580 contagionem
1918 544 2010 580 per-

372 588 659 626 uenientibus.
673 584 687 636 ΙΙ
699 587 844 633 Atque
857 585 952 623 haec
964 585 1052 623 fere
1064 585 1172 629 sunt,
1189 597 1290 632 quae
1302 587 1347 622 in
1358 597 1515 633 genere
1528 585 1841 633 astrologorum
1852 585 2010 633 placita
2072 600 2087 612 v

371 641 649 688 perscrutanti
668 639 777 677 mihi
793 638 1031 686 fignificare
1047 639 1217 676 videtur
1235 637 1338 685 [hic]
1356 638 1579 682 Cometes;
1600 639 1884 686 particulares
1902 650 2010 686 prae-

370 693 578 732 dictiones
594 693 623 730 fi
640 695 735 739 quis
752 692 806 730 ab
823 697 913 730 arte
930 692 1012 730 hac
1028 691 1320 738 postulauerit‚
1337 694 1458 739 prius
1473 691 1820 739 superstitionum
1837 691 1875 729 8(
1889 694 2011 730 vani-

370 753 507 785 tatum
524 746 721 793 scopulos
737 748 939 788 incurret,
957 756 1091 792 quam
1108 745 1225 792 quod
1242 747 1434 783 veritatis
1450 750 1614 783 metam
1630 745 1882 792 assequetur.

711 842 775 872 DE
796 840 1114 878 QUANTITATE
1136 840 1164 870 8(
1187 839 1338 872 MODO
1360 840 1666 872 EFFECTUUM.

424 906 587 944 Omnia
603 916 714 952 pene
731 905 818 949 illa,
836 916 936 951 quae
953 904 1140 942 Cometa
1155 904 1225 942 hic
1242 903 1480 952 significare
1496 904 1679 948 videtur,
1702 910 1828 942 erunt
1843 915 1935 942 non
1950 903 2011 942 vs·

371 971 455 1006 que
476 959 586 996 adeo
603 958 882 995 vehementia
904 957 941 994 8(
961 969 1135 1005 magna,
1157 969 1210 995 eo
1233 957 1351 1004 quod
1372 958 1613 996 admodum
1634 957 1771 1001 exilis,
1792 969 1918 996 rarus
1939 957 2011 995 ob-

372 1012 599 1058 scurusque
620 1011 747 1049 fuerit
769 1011 840 1049 hic
861 1011 1079 1054 Cometes,
1102 1010 1172 1048 sed
1195 1013 1340 1058 potius
1359 1013 1486 1049 tacite
1508 1011 1546 1049 8(
1566 1011 1750 1049 latenter
1769 1010 1937 1058 serpent
1957 1011 2011 1049 ab

372 1077 458 1102 vno
475 1065 571 1102 loco
588 1067 632 1102 in
649 1065 799 1109 alium,
816 1064 870 1102 ab
884 1076 972 1101 vno
989 1064 1220 1102 indiuiduo
1233 1066 1279 1102 in
1290 1064 1440 1107 alium,
1457 1066 1517 1102 ita
1527 1069 1571 1102 vt
1582 1075 1674 1102 non
1685 1063 1822 1102 subito
1835 1063 1873 1101 &
1884 1063 2012 1102 valde

372 1124 631 1165 apparenter
654 1118 868 1155 damnum
889 1117 1055 1161 inferet,
1078 1117 1149 1155 sed
1169 1119 1314 1164 potius
1334 1117 1485 1155 senfim
1506 1117 1544 1155 8(
1565 1117 1760 1161 latenter,
1782 1117 1900 1165 quod
1921 1128 2013 1155 non

371 1172 501 1218 vsque
527 1172 638 1209 adeo
664 1171 889 1209 euidenter
913 1176 1136 1218 appareat,
1161 1170 1231 1208 sed
1256 1176 1405 1208 tamen
1430 1170 1561 1219 longo
1587 1171 1625 1209 8(
1649 1170 1739 1208 lato
1761 1169 1899 1209 tractu
1921 1181 2013 1208 non

371 1225 644 1262 mediocriter
663 1224 811 1262 furtim
833 1230 1000 1262 noceat.
1021 1223 1203 1261 Videtur
1225 1226 1343 1262 enim
1363 1224 1532 1262 malum
1552 1235 1629 1271 per
1649 1223 1884 1262 Cometam
1903 1223 2012 1261 indi-

371 1284 516 1315 catum
539 1277 734 1315 futurum
757 1277 896 1315 latum
917 1277 954 1314 8(
975 1277 1245 1321 diuturnum,
1270 1288 1323 1315 eo
1344 1278 1462 1325 quod
1483 1279 1604 1316 iuxta
1624 1277 1915 1324 AEquatorem
1937 1288 2013 1324 per

372 1331 470 1368 coeli
495 1331 690 1368 medium
715 1329 893 1369 ductum
918 1332 1141 1377 incaeperit
1165 1330 1202 1368 8(
1225 1331 1481 1375 Zodiacum,
1509 1333 1711 1369 omnium
1731 1330 2013 1368 Planetarum

371 1386 500 1427 viam,
522 1384 597 1421 suo
618 1389 741 1422 motu
762 1383 1095 1431 pertranfiuerit‚
1116 1386 1207 1421 imo
1228 1383 1316 1422 fere
1337 1384 1504 1431 semper
1524 1386 1638 1422 intra
1654 1384 1834 1422 Zodiaci
1854 1383 2013 1421 limites

370 1437 453 1475 sese
470 1440 731 1475 continuerit
748 1437 785 1474 &
800 1437 899 1484 plus
914 1439 1082 1484 integro
1098 1437 1244 1475 mense
1260 1437 1516 1485 perdurarit.

424 1491 582 1538 Colligi
599 1493 717 1528 enim
733 1490 864 1538 potest
881 1490 934 1528 ab
952 1490 1157 1528 omnibus
1173 1490 1358 1538 historijs
1370 1491 1422 1528 de
1435 1490 1723 1529 Cometarum
1738 1491 2012 1538 apparitione

372 1543 409 1581 8(
422 1543 575 1582 effedtu
591 1544 717 1582 nobis
732 1546 970 1591 quicquam
984 1546 1086 1581 certi
1102 1544 1408 1588 indicantibus,
1425 1544 1565 1582 multo
1581 1546 1818 1592 grauiores,
1836 1543 2012 1581 euiden-

370 1599 500 1634 tiores
512 1597 549 1634 8(
561 1597 855 1635 diuturniores
868 1596 1045 1635 effeetus
1056 1596 1172 1635 fuisse
1185 1597 1485 1641 Cometarum,
1503 1599 1578 1644 qui
1589 1597 1834 1635 rubicundo
1845 1596 2013 1634 lumine

372 1650 672 1688 incandescere
688 1650 961 1694 videbantur,
983 1662 1118 1697 quam
1139 1652 1214 1698 qui
1235 1650 1322 1689 albi
1339 1650 1377 1688 8(
1392 1650 1622 1698 subpallidi
1643 1648 1856 1698 conspeffl
1872 1649 1980 1688 sunt.
1997 1645 2012 1699 ΙΙ

396 1746 440 1777 11.
464 1745 650 1783 QUIBUS
672 1745 972 1777 REGIONIBUS
993 1746 1022 1777 8(
1042 1745 1250 1777 POPULIS
1272 1746 1358 1777 HIC
1379 1746 1604 1777 COMETES
1624 1745 1987 1777 PRINCIPALITER

861 1799 959 1831 SUA
980 1799 1200 1830 DECRETA
1220 1798 1522 1831 PORTENDAT.

425 1862 700 1901 Generaliter
723 1863 765 1900 id
789 1865 909 1901 iuxta
929 1863 1258 1911 Astrologorum
1280 1865 1607 1911 praecipuorum
1630 1863 1802 1901 decreta
1824 1862 2013 1901 confide-

371 1916 521 1959 rando,
535 1922 660 1953 erunt
673 1914 849 1954 effectus
861 1916 994 1954 huius
1005 1916 1203 1954 Cometae
1216 1918 1262 1954 in
1273 1918 1326 1965 ijs
1337 1917 1600 1964 regionibus,
1613 1927 1713 1964 quae
1725 1916 1843 1964 figno
1852 1917 2013 1953 Arietis

372 1969 716 2016 correspondent,
731 1972 776 2007 in
789 1981 876 2017 quo
890 1969 1075 2008 Cometa
1087 1969 1157 2007 hic
1169 1972 1362 2017 primum
1374 1970 1539 2014 exarfit,
1552 1969 1646 2007 &in
1659 1981 1748 2017 quo
1760 1971 1806 2007 in
1816 1971 2013 2008 maximo

371 2024 517 2068 vigore
539 2024 685 2067 extitit,
706 2029 918 2070 praeterea
933 2025 979 2060 in
995 2025 1047 2070 ijs
1063 2023 1314 2071 regionibus
1331 2023 1369 2060 8(
1385 2023 1571 2071 populis,
1594 2034 1694 2070 quae
1711 2022 1900 2061 Saturno
1921 2034 2012 2070 prae

372 2077 537 2112 caeteris
554 2075 741 2113 Planetis
758 2076 1050 2114 assimilantur.

423 2127 590 2165 Tribuit
616 2134 763 2166 autern
788 2129 1053 2167 Ptolomaeus
1081 2135 1127 2169 V
1154 2129 1272 2177 figno
1297 2130 1572 2168 Britanniam
1596 2134 1745 2173 totam,
1772 2140 1907 2176 quam
1931 2140 2013 2166 nos

372 2181 578 2228 Angliam
589 2181 625 2218 8(
636 2181 825 2219 Scotiam
838 2182 1163 2220 discriminatim
1175 2182 1463 2230 appellamus,
1478 2182 1639 2221 Galliae
1651 2188 1832 2230 partem,
1844 2182 2013 2229 Longo-

371 2234 582 2276 bardiam,
601 2234 891 2272 Germaniam
904 2235 941 2272 8(
953 2236 1203 2283 Vngariam.
1223 2236 1499 2274 Recentiores
1514 2236 1681 2274 addunt
1692 2235 1923 2273 Poloniam
1934 2237 2012 2272 mi-

372 2298 526 2324 norem
544 2286 581 2324 &
598 2287 864 2334 Burgundiae
881 2288 1100 2332 ducatum,
1120 2288 1315 2326 Silefiam
1332 2288 1369 2326 8(
1386 2289 1609 2327 Sueuiam.
1631 2288 1700 2326 De
1716 2290 1895 2333 caeteris‚
1913 2299 2013 2335 quae

372 2340 510 2377 Arieti
526 2340 774 2378 tribuuntur
790 2343 833 2377 in
852 2341 953 2378 Asia
970 2341 1007 2378 8(
1023 2341 1172 2379 Africa
1191 2342 1334 2389 politis
1350 2342 1613 2390 regionibus,
1635 2353 1726 2379 non
1743 2353 1854 2389 opus
1871 2341 1925 2379 est
1941 2340 2013 2378 hic

373 2404 514 2430 comm
522 2392 768 2440 emora[re]‚
790 2393 999 2440 liquidem
1021 2400 1142 2432 extra
1162 2395 1351 2433 nostram
1367 2397 1568 2433 notitiam
1583 2395 1679 2433 sunt
1694 2406 1941 2442 parumque
1957 2394 2013 2432 ad

372 2457 453 2483 nos
469 2445 645 2490 faciunt,
663 2448 867 2492 quamuis
884 2446 921 2484 8(
938 2446 1008 2484 hae
1025 2447 1126 2494 ipsae
1143 2450 1354 2495 regiones,
1377 2460 1477 2496 quae
1493 2460 1520 2486 a
1535 2448 1779 2486 Ptolomaeo
1795 2447 1833 2485 8(
1849 2447 1947 2496 alijs
1964 2453 2011 2487 V

372 2498 621 2536 tribuuntur
633 2499 670 2536 8(
682 2499 808 2537 nobis
822 2505 938 2537 notae
951 2499 1057 2544 sunt,
1075 2512 1165 2538 non
1177 2500 1309 2548 vsque
1321 2502 1432 2539 adeo
1444 2504 1506 2540 rei
1519 2501 1822 2539 certitudinem
1834 2501 2012 2539 demon-

1870 2553 2011 2597 strant,

2050 545 2065 570 υἱ

2053 846 2083 871 10

2054 1130 2083 1154 15

2050 1395 2084 1420 20

2050 1493 2070 1524 ’1-

2050 1662 2084 1687 25

2046 1744 2084 1776 6¹-

2051 1981 2085 2007 30

2051 2247 2084 2272 35

2051 2512 2085 2538 40
