<?xml version="1.0" encoding="UTF-8"?>
<!DOCTYPE html PUBLIC "-//W3C//DTD XHTML 1.0 Transitional//EN"
    "http://www.w3.org/TR/xhtml1/DTD/xhtml1-transitional.dtd">
<html xmlns="http://www.w3.org/1999/xhtml" xml:lang="en" lang="en">
 <head>
  <title>
</title>
<meta http-equiv="Content-Type" content="text/html;charset=utf-8" />
  <meta name='ocr-system' content='tesseract 3.04.00' />
  <meta name='ocr-capabilities' content='ocr_page ocr_carea ocr_par ocr_line ocrx_word'/>
</head>
<body>
  <div class='ocr_page' id='page_1' title='image "./operaomniaedidit04brahuoft/operaomniaedidit04brahuoft_0265.png"; bbox 0 0 2209 3213; ppageno 0'>
   <div class='ocr_carea' id='block_1_1' title="bbox 121 565 186 597">
    <p class='ocr_par' dir='ltr' id='par_1_1' title="bbox 121 565 186 597">
     <span class='ocr_line' id='line_1_1' title="bbox 121 565 186 597; baseline -0.015 0"><span class='ocrx_word' id='word_1_1' title='bbox 121 565 186 597; x_wconf 80' lang='lat'><strong>306</strong></span> 
     </span>
    </p>
   </div>
   <div class='ocr_carea' id='block_1_2' title="bbox 139 925 169 950">
    <p class='ocr_par' dir='ltr' id='par_1_2' title="bbox 139 925 169 950">
     <span class='ocr_line' id='line_1_2' title="bbox 139 925 169 950; baseline 0 0"><span class='ocrx_word' id='word_1_2' title='bbox 139 925 169 950; x_wconf 91' lang='lat'><strong>10</strong></span> 
     </span>
    </p>
   </div>
   <div class='ocr_carea' id='block_1_3' title="bbox 138 1193 167 1218">
    <p class='ocr_par' dir='ltr' id='par_1_3' title="bbox 138 1193 167 1218">
     <span class='ocr_line' id='line_1_3' title="bbox 138 1193 167 1218; baseline 0.034 -1"><span class='ocrx_word' id='word_1_3' title='bbox 138 1193 167 1218; x_wconf 85' lang='lat'><strong>15</strong></span> 
     </span>
    </p>
   </div>
   <div class='ocr_carea' id='block_1_4' title="bbox 131 1460 165 1485">
    <p class='ocr_par' dir='ltr' id='par_1_4' title="bbox 131 1460 165 1485">
     <span class='ocr_line' id='line_1_4' title="bbox 131 1460 165 1485; baseline 0 0"><span class='ocrx_word' id='word_1_4' title='bbox 131 1460 165 1485; x_wconf 88' lang='grc'><strong>20</strong></span> 
     </span>
    </p>
   </div>
   <div class='ocr_carea' id='block_1_5' title="bbox 130 1728 163 1752">
    <p class='ocr_par' dir='ltr' id='par_1_5' title="bbox 130 1728 163 1752">
     <span class='ocr_line' id='line_1_5' title="bbox 130 1728 163 1752; baseline 0 0"><span class='ocrx_word' id='word_1_5' title='bbox 130 1728 163 1752; x_wconf 82' lang='grc'><strong>25</strong></span> 
     </span>
    </p>
   </div>
   <div class='ocr_carea' id='block_1_6' title="bbox 129 1994 163 2020">
    <p class='ocr_par' dir='ltr' id='par_1_6' title="bbox 129 1994 163 2020">
     <span class='ocr_line' id='line_1_6' title="bbox 129 1994 163 2020; baseline -0.029 0"><span class='ocrx_word' id='word_1_6' title='bbox 129 1994 163 2020; x_wconf 87' lang='grc'><strong>30</strong></span> 
     </span>
    </p>
   </div>
   <div class='ocr_carea' id='block_1_7' title="bbox 113 2096 176 2127">
    <p class='ocr_par' dir='ltr' id='par_1_7' title="bbox 113 2096 176 2127">
     <span class='ocr_line' id='line_1_7' title="bbox 113 2096 176 2127; baseline -0.016 0"><span class='ocrx_word' id='word_1_7' title='bbox 113 2096 176 2127; x_wconf 85' lang='grc'><strong>307</strong></span> 
     </span>
    </p>
   </div>
   <div class='ocr_carea' id='block_1_8' title="bbox 130 2262 162 2287">
    <p class='ocr_par' dir='ltr' id='par_1_8' title="bbox 130 2262 162 2287">
     <span class='ocr_line' id='line_1_8' title="bbox 130 2262 162 2287; baseline 0 0"><span class='ocrx_word' id='word_1_8' title='bbox 130 2262 162 2287; x_wconf 83' lang='grc'><strong>35</strong></span> 
     </span>
    </p>
   </div>
   <div class='ocr_carea' id='block_1_9' title="bbox 127 2528 161 2553">
    <p class='ocr_par' dir='ltr' id='par_1_9' title="bbox 127 2528 161 2553">
     <span class='ocr_line' id='line_1_9' title="bbox 127 2528 161 2553; baseline 0.029 -1"><span class='ocrx_word' id='word_1_9' title='bbox 127 2528 161 2553; x_wconf 84' lang='grc'><strong>40</strong></span> 
     </span>
    </p>
   </div>
   <div class='ocr_carea' id='block_1_10' title="bbox 531 221 1855 262">
    <p class='ocr_par' dir='ltr' id='par_1_10' title="bbox 531 221 1855 262">
     <span class='ocr_line' id='line_1_10' title="bbox 531 221 1855 262; baseline 0.002 -2"><span class='ocrx_word' id='word_1_10' title='bbox 531 221 1054 262; x_wconf 88' lang='lat' dir='ltr'><strong>RECENTIORIBUS</strong></span> <span class='ocrx_word' id='word_1_11' title='bbox 1074 223 1532 261; x_wconf 90' lang='lat' dir='ltr'><strong>PHAENOMENIS</strong></span> <span class='ocrx_word' id='word_1_12' title='bbox 1787 225 1855 262; x_wconf 88' lang='lat'><strong>251</strong></span> 
     </span>
    </p>
   </div>
   <div class='ocr_carea' id='block_1_11' title="bbox 210 329 1854 487">
    <p class='ocr_par' dir='ltr' id='par_1_11' title="bbox 210 329 1854 487">
     <span class='ocr_line' id='line_1_11' title="bbox 211 329 1854 373; baseline 0 -5"><span class='ocrx_word' id='word_1_13' title='bbox 211 329 405 373; x_wconf 65' lang='lat' dir='ltr'><strong>tractare,</strong></span> <span class='ocrx_word' id='word_1_14' title='bbox 428 329 498 367; x_wconf 87' lang='lat' dir='ltr'><strong>sed</strong></span> <span class='ocrx_word' id='word_1_15' title='bbox 519 329 668 367; x_wconf 87' lang='lat' dir='ltr'><strong>saltem</strong></span> <span class='ocrx_word' id='word_1_16' title='bbox 690 329 1053 368; x_wconf 88' lang='lat' dir='ltr'><strong>Mathematicam</strong></span> <span class='ocrx_word' id='word_1_17' title='bbox 1074 330 1112 367; x_wconf 86' lang='lat'>&amp;</span> <span class='ocrx_word' id='word_1_18' title='bbox 1132 330 1482 367; x_wconf 86' lang='lat' dir='ltr'><strong>Astronomicam</strong></span> <span class='ocrx_word' id='word_1_19' title='bbox 1502 329 1634 367; x_wconf 91' lang='lat' dir='ltr'><strong>huius</strong></span> <span class='ocrx_word' id='word_1_20' title='bbox 1656 330 1854 369; x_wconf 84' lang='lat' dir='ltr'><strong>Cometae</strong></span> 
     </span>
     <span class='ocr_line' id='line_1_12' title="bbox 212 382 1854 431; baseline 0.001 -10"><span class='ocrx_word' id='word_1_21' title='bbox 212 382 626 430; x_wconf 87' lang='lat' dir='ltr'><strong>contemplationem</strong></span> <span class='ocrx_word' id='word_1_22' title='bbox 646 382 884 427; x_wconf 88' lang='lat' dir='ltr'><strong>absoluere,</strong></span> <span class='ocrx_word' id='word_1_23' title='bbox 905 383 1228 431; x_wconf 90' lang='lat' dir='ltr'><strong>proposuimus;</strong></span> <span class='ocrx_word' id='word_1_24' title='bbox 1253 383 1302 420; x_wconf 92' lang='lat' dir='ltr'><strong>In</strong></span> <span class='ocrx_word' id='word_1_25' title='bbox 1323 383 1505 430; x_wconf 89' lang='lat' dir='ltr'><strong>Epilogo</strong></span> <span class='ocrx_word' id='word_1_26' title='bbox 1525 383 1702 421; x_wconf 89' lang='lat' dir='ltr'><strong>fortassis</strong></span> <span class='ocrx_word' id='word_1_27' title='bbox 1721 383 1854 422; x_wconf 91' lang='lat' dir='ltr'><strong>huius</strong></span> 
     </span>
     <span class='ocr_line' id='line_1_13' title="bbox 210 434 1748 487; baseline 0.001 -13"><span class='ocrx_word' id='word_1_28' title='bbox 210 438 342 475; x_wconf 89' lang='lat' dir='ltr'><strong>totius</strong></span> <span class='ocrx_word' id='word_1_29' title='bbox 359 436 527 483; x_wconf 84' lang='lat' dir='ltr'>Operis,</span> <span class='ocrx_word' id='word_1_30' title='bbox 545 436 596 474; x_wconf 92' lang='lat' dir='ltr'><strong>de</strong></span> <span class='ocrx_word' id='word_1_31' title='bbox 613 435 696 473; x_wconf 90' lang='lat' dir='ltr'><strong>istis</strong></span> <span class='ocrx_word' id='word_1_32' title='bbox 713 436 809 484; x_wconf 88' lang='lat' dir='ltr'><strong>alijs</strong></span> <span class='ocrx_word' id='word_1_33' title='bbox 826 439 871 474; x_wconf 91' lang='lat' dir='ltr'><strong>in</strong></span> <span class='ocrx_word' id='word_1_34' title='bbox 887 448 1044 484; x_wconf 85' lang='lat' dir='ltr'><strong>genere</strong></span> <span class='ocrx_word' id='word_1_35' title='bbox 1060 436 1249 475; x_wconf 90' lang='lat' dir='ltr'><strong>nostram</strong></span> <span class='ocrx_word' id='word_1_36' title='bbox 1266 435 1419 475; x_wconf 71' lang='lat' dir='ltr'><strong>dicturi</strong></span> <span class='ocrx_word' id='word_1_37' title='bbox 1435 436 1715 475; x_wconf 83' lang='lat' dir='ltr'><strong>Sententiam.</strong></span> <span class='ocrx_word' id='word_1_38' title='bbox 1733 434 1748 487; x_wconf 93' lang='grc' dir='ltr'><strong>ΙΙ</strong></span> 
     </span>
    </p>
   </div>
   <div class='ocr_carea' id='block_1_12' title="bbox 314 553 1753 670">
    <p class='ocr_par' dir='ltr' id='par_1_12' title="bbox 314 553 1753 670">
     <span class='ocr_line' id='line_1_14' title="bbox 314 553 1753 606; baseline 0.001 -9"><span class='ocrx_word' id='word_1_39' title='bbox 314 554 376 598; x_wconf 91' lang='lat' dir='ltr'><strong>D.</strong></span> <span class='ocrx_word' id='word_1_40' title='bbox 401 553 755 598; x_wconf 90' lang='lat' dir='ltr'><strong>HELISAEVS</strong></span> <span class='ocrx_word' id='word_1_41' title='bbox 778 554 1060 606; x_wconf 91' lang='lat' dir='ltr'><strong>ROESLIN,</strong></span> <span class='ocrx_word' id='word_1_42' title='bbox 1084 554 1398 599; x_wconf 91' lang='lat' dir='ltr'><strong>MEDICVS</strong></span> <span class='ocrx_word' id='word_1_43' title='bbox 1418 553 1753 599; x_wconf 88' lang='lat' dir='ltr'><strong>TABERNIS</strong></span> 
     </span>
     <span class='ocr_line' id='line_1_15' title="bbox 872 625 1192 670; baseline -0.003 0"><span class='ocrx_word' id='word_1_44' title='bbox 872 625 1192 670; x_wconf 85' lang='lat' dir='ltr'><strong>ALSATIAE.</strong></span> 
     </span>
    </p>
   </div>
   <div class='ocr_carea' id='block_1_13' title="bbox 198 702 1852 2513">
    <p class='ocr_par' dir='ltr' id='par_1_13' title="bbox 199 702 1852 2032">
     <span class='ocr_line' id='line_1_16' title="bbox 315 702 1851 751; baseline 0.001 -10"><span class='ocrx_word' id='word_1_45' title='bbox 315 704 348 741; x_wconf 92' lang='lat' dir='ltr'>E</span> <span class='ocrx_word' id='word_1_46' title='bbox 377 703 461 741; x_wconf 92' lang='lat' dir='ltr'><strong>hoc</strong></span> <span class='ocrx_word' id='word_1_47' title='bbox 486 702 673 741; x_wconf 91' lang='lat' dir='ltr'><strong>Cometa</strong></span> <span class='ocrx_word' id='word_1_48' title='bbox 697 703 795 741; x_wconf 86' lang='lat' dir='ltr'><strong>suas</strong></span> <span class='ocrx_word' id='word_1_49' title='bbox 820 706 952 741; x_wconf 91' lang='lat' dir='ltr'><strong>etiam</strong></span> <span class='ocrx_word' id='word_1_50' title='bbox 977 706 1284 751; x_wconf 86' lang='lat' dir='ltr'><strong>conceptiones</strong></span> <span class='ocrx_word' id='word_1_51' title='bbox 1313 706 1357 741; x_wconf 92' lang='lat' dir='ltr'><strong>in</strong></span> <span class='ocrx_word' id='word_1_52' title='bbox 1387 704 1612 751; x_wconf 92' lang='lat' dir='ltr'><strong>publicum</strong></span> <span class='ocrx_word' id='word_1_53' title='bbox 1638 704 1772 742; x_wconf 85' lang='lat' dir='ltr'><strong>emisit</strong></span> <span class='ocrx_word' id='word_1_54' title='bbox 1797 705 1851 742; x_wconf 90' lang='lat' dir='ltr'><strong>D.</strong></span> 
     </span>
     <span class='ocr_line' id='line_1_17' title="bbox 336 756 1851 805; baseline 0.001 -10"><span class='ocrx_word' id='word_1_55' title='bbox 336 756 637 795; x_wconf 89' lang='lat' dir='ltr'><strong>HELISAEVS</strong></span> <span class='ocrx_word' id='word_1_56' title='bbox 661 757 900 801; x_wconf 86' lang='lat' dir='ltr'><strong>ROESLIN,</strong></span> <span class='ocrx_word' id='word_1_57' title='bbox 927 756 1085 804; x_wconf 89' lang='lat' dir='ltr'><strong>quibus</strong></span> <span class='ocrx_word' id='word_1_58' title='bbox 1107 758 1329 795; x_wconf 90' lang='lat' dir='ltr'><strong>mirabiles</strong></span> <span class='ocrx_word' id='word_1_59' title='bbox 1353 757 1562 804; x_wconf 87' lang='lat' dir='ltr'><strong>quasdam</strong></span> <span class='ocrx_word' id='word_1_60' title='bbox 1586 758 1851 805; x_wconf 92' lang='lat' dir='ltr'><strong>Speculatio-</strong></span> 
     </span>
     <span class='ocr_line' id='line_1_18' title="bbox 207 810 1852 859; baseline 0.001 -11"><span class='ocrx_word' id='word_1_61' title='bbox 207 822 297 854; x_wconf 85' lang='lat' dir='ltr'><strong>nes,</strong></span> <span class='ocrx_word' id='word_1_62' title='bbox 315 811 367 849; x_wconf 93' lang='lat' dir='ltr'><strong>de</strong></span> <span class='ocrx_word' id='word_1_63' title='bbox 384 810 567 858; x_wconf 87' lang='lat' dir='ltr'><strong>Sphaera</strong></span> <span class='ocrx_word' id='word_1_64' title='bbox 582 811 716 848; x_wconf 93' lang='lat' dir='ltr'><strong>Noua</strong></span> <span class='ocrx_word' id='word_1_65' title='bbox 728 810 981 848; x_wconf 87' lang='lat' dir='ltr'><strong>Coelestium</strong></span> <span class='ocrx_word' id='word_1_66' title='bbox 998 810 1058 856; x_wconf 91' lang='lat' dir='ltr'><strong>(vt</strong></span> <span class='ocrx_word' id='word_1_67' title='bbox 1074 810 1217 857; x_wconf 88' lang='lat' dir='ltr'><strong>vocat)</strong></span> <span class='ocrx_word' id='word_1_68' title='bbox 1236 811 1551 855; x_wconf 90' lang='lat' dir='ltr'><strong>Meteororum,</strong></span> <span class='ocrx_word' id='word_1_69' title='bbox 1569 814 1788 859; x_wconf 90' lang='lat' dir='ltr'><strong>proponit;</strong></span> <span class='ocrx_word' id='word_1_70' title='bbox 1807 815 1852 849; x_wconf 89' lang='lat' dir='ltr'><strong>in</strong></span> 
     </span>
     <span class='ocr_line' id='line_1_19' title="bbox 207 863 1852 911; baseline 0.001 -9"><span class='ocrx_word' id='word_1_71' title='bbox 207 876 296 911; x_wconf 92' lang='lat' dir='ltr'><strong>qua</strong></span> <span class='ocrx_word' id='word_1_72' title='bbox 315 864 389 902; x_wconf 89' lang='lat' dir='ltr'><strong>sub</strong></span> <span class='ocrx_word' id='word_1_73' title='bbox 407 864 524 902; x_wconf 91' lang='lat' dir='ltr'><strong>Orbe</strong></span> <span class='ocrx_word' id='word_1_74' title='bbox 545 864 751 911; x_wconf 92' lang='lat' dir='ltr'><strong>quodam,</strong></span> <span class='ocrx_word' id='word_1_75' title='bbox 774 866 887 902; x_wconf 91' lang='lat' dir='ltr'><strong>circa</strong></span> <span class='ocrx_word' id='word_1_76' title='bbox 907 863 1099 901; x_wconf 89' lang='lat' dir='ltr'><strong>eiusdem</strong></span> <span class='ocrx_word' id='word_1_77' title='bbox 1115 864 1311 911; x_wconf 84' lang='lat' dir='ltr'><strong>Sphaerae</strong></span> <span class='ocrx_word' id='word_1_78' title='bbox 1328 864 1496 906; x_wconf 84' lang='lat' dir='ltr'><strong>Polum,</strong></span> <span class='ocrx_word' id='word_1_79' title='bbox 1517 867 1563 902; x_wconf 92' lang='lat' dir='ltr'><strong>in</strong></span> <span class='ocrx_word' id='word_1_80' title='bbox 1584 865 1781 903; x_wconf 83' lang='lat' dir='ltr'><strong>distantia</strong></span> <span class='ocrx_word' id='word_1_81' title='bbox 1801 866 1852 903; x_wconf 79' lang='lat'><strong>60</strong></span> 
     </span>
     <span class='ocr_line' id='line_1_20' title="bbox 206 917 1850 965; baseline 0.001 -10"><span class='ocrx_word' id='word_1_82' title='bbox 206 920 396 965; x_wconf 84' lang='lat' dir='ltr'><strong>partium</strong></span> <span class='ocrx_word' id='word_1_83' title='bbox 413 917 634 964; x_wconf 90' lang='lat' dir='ltr'><strong>descripto,</strong></span> <span class='ocrx_word' id='word_1_84' title='bbox 656 919 731 964; x_wconf 93' lang='lat' dir='ltr'><strong>qui</strong></span> <span class='ocrx_word' id='word_1_85' title='bbox 747 917 893 955; x_wconf 88' lang='lat' dir='ltr'><strong>versus</strong></span> <span class='ocrx_word' id='word_1_86' title='bbox 910 917 1092 955; x_wconf 90' lang='lat' dir='ltr'><strong>Nouam</strong></span> <span class='ocrx_word' id='word_1_87' title='bbox 1108 917 1288 955; x_wconf 90' lang='lat' dir='ltr'><strong>Stellam</strong></span> <span class='ocrx_word' id='word_1_88' title='bbox 1304 918 1425 955; x_wconf 89' lang='lat' dir='ltr'><strong>Anni</strong></span> <span class='ocrx_word' id='word_1_89' title='bbox 1441 918 1491 956; x_wconf 87' lang='lat'><strong>72</strong></span> <span class='ocrx_word' id='word_1_90' title='bbox 1507 919 1666 961; x_wconf 84' lang='lat' dir='ltr'><strong>tendat,</strong></span> <span class='ocrx_word' id='word_1_91' title='bbox 1685 918 1722 956; x_wconf 86' lang='lat'>&amp;</span> <span class='ocrx_word' id='word_1_92' title='bbox 1738 919 1850 956; x_wconf 89' lang='lat' dir='ltr'><strong>Lati-</strong></span> 
     </span>
     <span class='ocr_line' id='line_1_21' title="bbox 206 971 1850 1018; baseline 0.001 -9"><span class='ocrx_word' id='word_1_93' title='bbox 206 971 403 1009; x_wconf 88' lang='lat' dir='ltr'><strong>tudinem</strong></span> <span class='ocrx_word' id='word_1_94' title='bbox 424 983 450 1009; x_wconf 91' lang='lat' dir='ltr'><strong>a</strong></span> <span class='ocrx_word' id='word_1_95' title='bbox 470 971 547 1009; x_wconf 92' lang='lat' dir='ltr'><strong>suo</strong></span> <span class='ocrx_word' id='word_1_96' title='bbox 563 971 806 1009; x_wconf 89' lang='lat' dir='ltr'><strong>meditullio</strong></span> <span class='ocrx_word' id='word_1_97' title='bbox 823 971 1016 1008; x_wconf 89' lang='lat' dir='ltr'><strong>obtineat</strong></span> <span class='ocrx_word' id='word_1_98' title='bbox 1031 973 1233 1018; x_wconf 89' lang='lat' dir='ltr'><strong>vtrinque</strong></span> <span class='ocrx_word' id='word_1_99' title='bbox 1249 971 1274 1009; x_wconf 93' lang='lat'>8</span> <span class='ocrx_word' id='word_1_100' title='bbox 1289 973 1492 1018; x_wconf 90' lang='lat' dir='ltr'><strong>partium,</strong></span> <span class='ocrx_word' id='word_1_101' title='bbox 1515 974 1589 1018; x_wconf 92' lang='lat' dir='ltr'><strong>qui</strong></span> <span class='ocrx_word' id='word_1_102' title='bbox 1611 974 1741 1010; x_wconf 90' lang='lat' dir='ltr'><strong>etiarn</strong></span> <span class='ocrx_word' id='word_1_103' title='bbox 1762 984 1850 1010; x_wconf 93' lang='lat' dir='ltr'><strong>me-</strong></span> 
     </span>
     <span class='ocr_line' id='line_1_22' title="bbox 206 1024 1849 1072; baseline 0.001 -10"><span class='ocrx_word' id='word_1_104' title='bbox 206 1025 375 1063; x_wconf 85' lang='lat' dir='ltr'><strong>dietatis</strong></span> <span class='ocrx_word' id='word_1_105' title='bbox 392 1025 595 1071; x_wconf 82' lang='lat' dir='ltr'><strong>Europae.</strong></span> <span class='ocrx_word' id='word_1_106' title='bbox 617 1024 686 1062; x_wconf 94' lang='lat' dir='ltr'><strong>vel</strong></span> <span class='ocrx_word' id='word_1_107' title='bbox 707 1024 924 1072; x_wconf 88' lang='lat' dir='ltr'><strong>praecifius</strong></span> <span class='ocrx_word' id='word_1_108' title='bbox 945 1024 1075 1071; x_wconf 84' lang='lat' dir='ltr'><strong>ipsius</strong></span> <span class='ocrx_word' id='word_1_109' title='bbox 1092 1024 1348 1063; x_wconf 77' lang='lat' dir='ltr'><strong>Germaniae</strong></span> <span class='ocrx_word' id='word_1_110' title='bbox 1365 1025 1568 1063; x_wconf 90' lang='lat' dir='ltr'><strong>Horizon</strong></span> <span class='ocrx_word' id='word_1_111' title='bbox 1585 1025 1743 1069; x_wconf 86' lang='lat' dir='ltr'><strong>existat,</strong></span> <span class='ocrx_word' id='word_1_112' title='bbox 1765 1026 1849 1064; x_wconf 94' lang='lat' dir='ltr'><strong>Co-</strong></span> 
     </span>
     <span class='ocr_line' id='line_1_23' title="bbox 205 1077 1851 1126; baseline 0.001 -11"><span class='ocrx_word' id='word_1_113' title='bbox 205 1083 367 1116; x_wconf 89' lang='lat' dir='ltr'><strong>metam</strong></span> <span class='ocrx_word' id='word_1_114' title='bbox 392 1078 563 1116; x_wconf 89' lang='lat' dir='ltr'><strong>cursum</strong></span> <span class='ocrx_word' id='word_1_115' title='bbox 585 1078 711 1115; x_wconf 89' lang='lat' dir='ltr'><strong>suum</strong></span> <span class='ocrx_word' id='word_1_116' title='bbox 734 1089 948 1121; x_wconf 88' lang='lat' dir='ltr'><strong>exercere,</strong></span> <span class='ocrx_word' id='word_1_117' title='bbox 971 1077 1041 1115; x_wconf 93' lang='lat' dir='ltr'><strong>vel</strong></span> <span class='ocrx_word' id='word_1_118' title='bbox 1063 1080 1255 1116; x_wconf 90' lang='lat' dir='ltr'><strong>inuitum</strong></span> <span class='ocrx_word' id='word_1_119' title='bbox 1278 1081 1404 1125; x_wconf 87' lang='lat' dir='ltr'><strong>cogit;</strong></span> <span class='ocrx_word' id='word_1_120' title='bbox 1428 1078 1560 1125; x_wconf 91' lang='lat' dir='ltr'><strong>idque</strong></span> <span class='ocrx_word' id='word_1_121' title='bbox 1584 1090 1636 1116; x_wconf 90' lang='lat' dir='ltr'><strong>ea</strong></span> <span class='ocrx_word' id='word_1_122' title='bbox 1659 1079 1783 1126; x_wconf 86' lang='lat' dir='ltr'><strong>Lege,</strong></span> <span class='ocrx_word' id='word_1_123' title='bbox 1807 1084 1851 1116; x_wconf 91' lang='lat' dir='ltr'><strong>vt</strong></span> 
     </span>
     <span class='ocr_line' id='line_1_24' title="bbox 205 1131 1850 1179; baseline 0.001 -10"><span class='ocrx_word' id='word_1_124' title='bbox 205 1131 442 1170; x_wconf 90' lang='lat' dir='ltr'><strong>secundum</strong></span> <span class='ocrx_word' id='word_1_125' title='bbox 466 1133 797 1179; x_wconf 88' lang='lat' dir='ltr'><strong>proportionem</strong></span> <span class='ocrx_word' id='word_1_126' title='bbox 821 1131 1161 1175; x_wconf 89' lang='lat' dir='ltr'><strong>Geometricam‚</strong></span> <span class='ocrx_word' id='word_1_127' title='bbox 1187 1136 1316 1179; x_wconf 90' lang='lat' dir='ltr'><strong>prout</strong></span> <span class='ocrx_word' id='word_1_128' title='bbox 1340 1132 1412 1169; x_wconf 93' lang='lat' dir='ltr'><strong>ille</strong></span> <span class='ocrx_word' id='word_1_129' title='bbox 1435 1132 1540 1176; x_wconf 80' lang='lat' dir='ltr'><strong>vult,</strong></span> <span class='ocrx_word' id='word_1_130' title='bbox 1565 1137 1655 1170; x_wconf 89' lang='lat' dir='ltr'><strong>tam</strong></span> <span class='ocrx_word' id='word_1_131' title='bbox 1682 1144 1769 1178; x_wconf 92' lang='lat' dir='ltr'><strong>quo</strong></span> <span class='ocrx_word' id='word_1_132' title='bbox 1795 1133 1850 1170; x_wconf 88' lang='lat' dir='ltr'><strong>ad</strong></span> 
     </span>
     <span class='ocr_line' id='line_1_25' title="bbox 205 1184 1848 1232; baseline 0.001 -10"><span class='ocrx_word' id='word_1_133' title='bbox 205 1185 554 1232; x_wconf 91' lang='lat' dir='ltr'><strong>Longitudinem,</strong></span> <span class='ocrx_word' id='word_1_134' title='bbox 572 1196 707 1232; x_wconf 89' lang='lat' dir='ltr'><strong>quarn</strong></span> <span class='ocrx_word' id='word_1_135' title='bbox 723 1185 1030 1228; x_wconf 88' lang='lat' dir='ltr'><strong>Latitudinem,</strong></span> <span class='ocrx_word' id='word_1_136' title='bbox 1048 1184 1086 1222; x_wconf 86' lang='lat'>&amp;</span> <span class='ocrx_word' id='word_1_137' title='bbox 1103 1185 1470 1228; x_wconf 84' lang='lat' dir='ltr'><strong>Declinationem‚</strong></span> <span class='ocrx_word' id='word_1_138' title='bbox 1490 1187 1535 1223; x_wconf 92' lang='lat' dir='ltr'><strong>in</strong></span> <span class='ocrx_word' id='word_1_139' title='bbox 1551 1185 1635 1223; x_wconf 93' lang='lat' dir='ltr'><strong>hoc</strong></span> <span class='ocrx_word' id='word_1_140' title='bbox 1653 1186 1769 1224; x_wconf 92' lang='lat' dir='ltr'><strong>Orbe</strong></span> <span class='ocrx_word' id='word_1_141' title='bbox 1787 1188 1848 1223; x_wconf 92' lang='lat' dir='ltr'><strong>in-</strong></span> 
     </span>
     <span class='ocr_line' id='line_1_26' title="bbox 204 1237 1849 1286; baseline 0 -10"><span class='ocrx_word' id='word_1_142' title='bbox 204 1239 372 1276; x_wconf 85' lang='lat' dir='ltr'><strong>cesserit.</strong></span> <span class='ocrx_word' id='word_1_143' title='bbox 389 1238 555 1276; x_wconf 90' lang='lat' dir='ltr'><strong>Verum</strong></span> <span class='ocrx_word' id='word_1_144' title='bbox 573 1237 669 1276; x_wconf 87' lang='lat' dir='ltr'><strong>haec</strong></span> <span class='ocrx_word' id='word_1_145' title='bbox 686 1238 724 1276; x_wconf 86' lang='lat'>&amp;</span> <span class='ocrx_word' id='word_1_146' title='bbox 740 1238 949 1286; x_wconf 88' lang='lat' dir='ltr'><strong>pleraque</strong></span> <span class='ocrx_word' id='word_1_147' title='bbox 970 1238 1070 1281; x_wconf 82' lang='lat' dir='ltr'><strong>alia,</strong></span> <span class='ocrx_word' id='word_1_148' title='bbox 1092 1250 1192 1285; x_wconf 87' lang='lat' dir='ltr'><strong>quae</strong></span> <span class='ocrx_word' id='word_1_149' title='bbox 1213 1239 1330 1277; x_wconf 91' lang='lat' dir='ltr'><strong>idem</strong></span> <span class='ocrx_word' id='word_1_150' title='bbox 1346 1239 1568 1277; x_wconf 91' lang='lat' dir='ltr'><strong>Roeslinus</strong></span> <span class='ocrx_word' id='word_1_151' title='bbox 1588 1241 1633 1276; x_wconf 93' lang='lat' dir='ltr'><strong>in</strong></span> <span class='ocrx_word' id='word_1_152' title='bbox 1653 1239 1849 1277; x_wconf 90' lang='lat' dir='ltr'><strong>medium</strong></span> 
     </span>
     <span class='ocr_line' id='line_1_27' title="bbox 204 1291 1849 1339; baseline 0.001 -10"><span class='ocrx_word' id='word_1_153' title='bbox 204 1291 390 1334; x_wconf 88' lang='lat' dir='ltr'><strong>adducit,</strong></span> <span class='ocrx_word' id='word_1_154' title='bbox 409 1291 479 1329; x_wconf 90' lang='lat' dir='ltr'><strong>ets1</strong></span> <span class='ocrx_word' id='word_1_155' title='bbox 495 1303 587 1329; x_wconf 93' lang='lat' dir='ltr'><strong>non</strong></span> <span class='ocrx_word' id='word_1_156' title='bbox 603 1291 691 1329; x_wconf 87' lang='lat' dir='ltr'><strong>fine</strong></span> <span class='ocrx_word' id='word_1_157' title='bbox 707 1291 843 1329; x_wconf 80' lang='lat' dir='ltr'><strong>studio</strong></span> <span class='ocrx_word' id='word_1_158' title='bbox 860 1291 1088 1335; x_wconf 89' lang='lat' dir='ltr'><strong>laborioso,</strong></span> <span class='ocrx_word' id='word_1_159' title='bbox 1107 1291 1144 1329; x_wconf 86' lang='lat'>&amp;</span> <span class='ocrx_word' id='word_1_160' title='bbox 1161 1292 1299 1339; x_wconf 83' lang='lat' dir='ltr'><strong>sagaci</strong></span> <span class='ocrx_word' id='word_1_161' title='bbox 1316 1292 1534 1335; x_wconf 88' lang='lat' dir='ltr'><strong>industria,</strong></span> <span class='ocrx_word' id='word_1_162' title='bbox 1552 1293 1607 1330; x_wconf 90' lang='lat' dir='ltr'><strong>ad</strong></span> <span class='ocrx_word' id='word_1_163' title='bbox 1619 1292 1752 1330; x_wconf 92' lang='lat' dir='ltr'><strong>huius</strong></span> <span class='ocrx_word' id='word_1_164' title='bbox 1765 1293 1849 1331; x_wconf 92' lang='lat' dir='ltr'><strong>Co-</strong></span> 
     </span>
     <span class='ocr_line' id='line_1_28' title="bbox 203 1345 1848 1392; baseline 0.001 -10"><span class='ocrx_word' id='word_1_165' title='bbox 203 1349 344 1388; x_wconf 87' lang='lat' dir='ltr'><strong>metae,</strong></span> <span class='ocrx_word' id='word_1_166' title='bbox 369 1345 407 1383; x_wconf 92' lang='grc'><strong>8(</strong></span> <span class='ocrx_word' id='word_1_167' title='bbox 430 1345 711 1392; x_wconf 87' lang='lat' dir='ltr'><strong>quorundam</strong></span> <span class='ocrx_word' id='word_1_168' title='bbox 733 1345 936 1388; x_wconf 86' lang='lat' dir='ltr'><strong>aliorum,</strong></span> <span class='ocrx_word' id='word_1_169' title='bbox 962 1345 1162 1392; x_wconf 89' lang='lat' dir='ltr'><strong>adeoque</strong></span> <span class='ocrx_word' id='word_1_170' title='bbox 1186 1346 1333 1383; x_wconf 88' lang='lat' dir='ltr'><strong>Nouae</strong></span> <span class='ocrx_word' id='word_1_171' title='bbox 1355 1345 1471 1383; x_wconf 90' lang='lat' dir='ltr'><strong>illius</strong></span> <span class='ocrx_word' id='word_1_172' title='bbox 1495 1345 1640 1384; x_wconf 83' lang='lat' dir='ltr'><strong>Stellae</strong></span> <span class='ocrx_word' id='word_1_173' title='bbox 1663 1346 1787 1383; x_wconf 82' lang='lat' dir='ltr'><strong>situm</strong></span> <span class='ocrx_word' id='word_1_174' title='bbox 1811 1346 1848 1384; x_wconf 89' lang='grc'><strong>8(</strong></span> 
     </span>
     <span class='ocr_line' id='line_1_29' title="bbox 202 1398 1848 1447; baseline 0.001 -11"><span class='ocrx_word' id='word_1_175' title='bbox 202 1399 497 1446; x_wconf 87' lang='lat' dir='ltr'><strong>Apparentias</strong></span> <span class='ocrx_word' id='word_1_176' title='bbox 513 1398 807 1445; x_wconf 87' lang='lat' dir='ltr'><strong>explicandas,</strong></span> <span class='ocrx_word' id='word_1_177' title='bbox 829 1398 884 1437; x_wconf 90' lang='lat' dir='ltr'><strong>ab</strong></span> <span class='ocrx_word' id='word_1_178' title='bbox 905 1398 995 1445; x_wconf 88' lang='lat' dir='ltr'><strong>ipso</strong></span> <span class='ocrx_word' id='word_1_179' title='bbox 1015 1398 1226 1437; x_wconf 90' lang='lat' dir='ltr'><strong>laudabili</strong></span> <span class='ocrx_word' id='word_1_180' title='bbox 1243 1404 1404 1437; x_wconf 87' lang='lat' dir='ltr'><strong>conatu</strong></span> <span class='ocrx_word' id='word_1_181' title='bbox 1421 1401 1662 1447; x_wconf 86' lang='lat' dir='ltr'><strong>excogitata</strong></span> <span class='ocrx_word' id='word_1_182' title='bbox 1678 1399 1767 1443; x_wconf 88' lang='lat' dir='ltr'><strong>fint,</strong></span> <span class='ocrx_word' id='word_1_183' title='bbox 1788 1405 1848 1437; x_wconf 91' lang='lat' dir='ltr'><strong>ta-</strong></span> 
     </span>
     <span class='ocr_line' id='line_1_30' title="bbox 202 1451 1848 1500; baseline 0.001 -11"><span class='ocrx_word' id='word_1_184' title='bbox 202 1463 305 1489; x_wconf 88' lang='lat' dir='ltr'><strong>men</strong></span> <span class='ocrx_word' id='word_1_185' title='bbox 321 1454 383 1489; x_wconf 88' lang='lat' dir='ltr'><strong>rei</strong></span> <span class='ocrx_word' id='word_1_186' title='bbox 399 1452 674 1499; x_wconf 75' lang='lat' dir='ltr'><strong>inquirendae</strong></span> <span class='ocrx_word' id='word_1_187' title='bbox 690 1451 868 1499; x_wconf 91' lang='lat' dir='ltr'><strong>scopum</strong></span> <span class='ocrx_word' id='word_1_188' title='bbox 884 1451 1137 1490; x_wconf 89' lang='lat' dir='ltr'><strong>nullatenus</strong></span> <span class='ocrx_word' id='word_1_189' title='bbox 1152 1454 1379 1500; x_wconf 82' lang='lat' dir='ltr'><strong>attingunt,</strong></span> <span class='ocrx_word' id='word_1_190' title='bbox 1401 1452 1615 1500; x_wconf 88' lang='lat' dir='ltr'><strong>nimisque</strong></span> <span class='ocrx_word' id='word_1_191' title='bbox 1632 1451 1792 1496; x_wconf 69' lang='lat' dir='ltr'><strong>coacta,</strong></span> <span class='ocrx_word' id='word_1_192' title='bbox 1811 1453 1848 1490; x_wconf 89' lang='grc'><strong>8(</strong></span> 
     </span>
     <span class='ocr_line' id='line_1_31' title="bbox 202 1505 1847 1552; baseline 0.001 -10"><span class='ocrx_word' id='word_1_193' title='bbox 202 1507 247 1542; x_wconf 91' lang='lat' dir='ltr'><strong>in</strong></span> <span class='ocrx_word' id='word_1_194' title='bbox 262 1505 476 1552; x_wconf 85' lang='lat' dir='ltr'><strong>plerisque</strong></span> <span class='ocrx_word' id='word_1_195' title='bbox 492 1505 665 1552; x_wconf 88' lang='lat' dir='ltr'><strong>prorsus</strong></span> <span class='ocrx_word' id='word_1_196' title='bbox 681 1507 1053 1548; x_wconf 83' lang='lat' dir='ltr'><strong>inconuenientia,</strong></span> <span class='ocrx_word' id='word_1_197' title='bbox 1074 1518 1129 1543; x_wconf 92' lang='lat' dir='ltr'><strong>ne</strong></span> <span class='ocrx_word' id='word_1_198' title='bbox 1151 1506 1293 1544; x_wconf 91' lang='lat' dir='ltr'><strong>dicam</strong></span> <span class='ocrx_word' id='word_1_199' title='bbox 1314 1506 1499 1544; x_wconf 87' lang='lat' dir='ltr'><strong>absurda</strong></span> <span class='ocrx_word' id='word_1_200' title='bbox 1516 1506 1714 1549; x_wconf 84' lang='lat' dir='ltr'><strong>existunt;</strong></span> <span class='ocrx_word' id='word_1_201' title='bbox 1736 1506 1847 1544; x_wconf 89' lang='lat' dir='ltr'><strong>adeo</strong></span> 
     </span>
     <span class='ocr_line' id='line_1_32' title="bbox 201 1558 1846 1606; baseline 0.001 -10"><span class='ocrx_word' id='word_1_202' title='bbox 201 1563 244 1596; x_wconf 91' lang='lat' dir='ltr'><strong>vt</strong></span> <span class='ocrx_word' id='word_1_203' title='bbox 256 1570 311 1596; x_wconf 91' lang='lat' dir='ltr'><strong>ne</strong></span> <span class='ocrx_word' id='word_1_204' title='bbox 323 1558 397 1596; x_wconf 86' lang='lat' dir='ltr'><strong>fibi</strong></span> <span class='ocrx_word' id='word_1_205' title='bbox 408 1558 484 1606; x_wconf 89' lang='lat' dir='ltr'><strong>ipfi</strong></span> <span class='ocrx_word' id='word_1_206' title='bbox 495 1559 674 1605; x_wconf 91' lang='lat' dir='ltr'><strong>quidem</strong></span> <span class='ocrx_word' id='word_1_207' title='bbox 686 1560 731 1596; x_wconf 92' lang='lat' dir='ltr'><strong>in</strong></span> <span class='ocrx_word' id='word_1_208' title='bbox 742 1558 810 1596; x_wconf 92' lang='lat' dir='ltr'><strong>his</strong></span> <span class='ocrx_word' id='word_1_209' title='bbox 822 1558 1080 1601; x_wconf 84' lang='lat' dir='ltr'><strong>satisfecerit,</strong></span> <span class='ocrx_word' id='word_1_210' title='bbox 1093 1559 1258 1596; x_wconf 91' lang='lat' dir='ltr'><strong>nedum</strong></span> <span class='ocrx_word' id='word_1_211' title='bbox 1269 1564 1312 1597; x_wconf 88' lang='lat' dir='ltr'><strong>vt</strong></span> <span class='ocrx_word' id='word_1_212' title='bbox 1324 1559 1432 1606; x_wconf 86' lang='lat' dir='ltr'><strong>alijs‚</strong></span> <span class='ocrx_word' id='word_1_213' title='bbox 1446 1571 1538 1597; x_wconf 90' lang='lat' dir='ltr'><strong>rem</strong></span> <span class='ocrx_word' id='word_1_214' title='bbox 1550 1561 1609 1597; x_wconf 89' lang='lat' dir='ltr'><strong>ita</strong></span> <span class='ocrx_word' id='word_1_215' title='bbox 1620 1559 1659 1597; x_wconf 88' lang='lat' dir='ltr'><strong>se</strong></span> <span class='ocrx_word' id='word_1_216' title='bbox 1672 1559 1846 1604; x_wconf 91' lang='lat' dir='ltr'><strong>habere,</strong></span> 
     </span>
     <span class='ocr_line' id='line_1_33' title="bbox 200 1611 1846 1660; baseline 0.001 -11"><span class='ocrx_word' id='word_1_217' title='bbox 200 1611 468 1659; x_wconf 89' lang='lat' dir='ltr'><strong>persuadeat.</strong></span> <span class='ocrx_word' id='word_1_218' title='bbox 493 1612 598 1650; x_wconf 90' lang='lat' dir='ltr'><strong>Non</strong></span> <span class='ocrx_word' id='word_1_219' title='bbox 622 1614 740 1650; x_wconf 90' lang='lat' dir='ltr'><strong>enim</strong></span> <span class='ocrx_word' id='word_1_220' title='bbox 763 1611 948 1659; x_wconf 89' lang='lat' dir='ltr'><strong>idipsum</strong></span> <span class='ocrx_word' id='word_1_221' title='bbox 971 1612 1089 1659; x_wconf 91' lang='lat' dir='ltr'><strong>quod</strong></span> <span class='ocrx_word' id='word_1_222' title='bbox 1110 1612 1260 1656; x_wconf 93' lang='lat' dir='ltr'><strong>voluit,</strong></span> <span class='ocrx_word' id='word_1_223' title='bbox 1285 1612 1455 1650; x_wconf 88' lang='lat' dir='ltr'><strong>efficere</strong></span> <span class='ocrx_word' id='word_1_224' title='bbox 1476 1613 1590 1650; x_wconf 90' lang='lat' dir='ltr'><strong>visus</strong></span> <span class='ocrx_word' id='word_1_225' title='bbox 1611 1613 1677 1655; x_wconf 89' lang='lat' dir='ltr'><strong>est,</strong></span> <span class='ocrx_word' id='word_1_226' title='bbox 1702 1625 1846 1660; x_wconf 90' lang='lat' dir='ltr'><strong>neque</strong></span> 
     </span>
     <span class='ocr_line' id='line_1_34' title="bbox 200 1664 1847 1712; baseline 0.001 -9"><span class='ocrx_word' id='word_1_227' title='bbox 200 1664 330 1712; x_wconf 81' lang='lat' dir='ltr'><strong>ipsius</strong></span> <span class='ocrx_word' id='word_1_228' title='bbox 355 1667 537 1703; x_wconf 89' lang='lat' dir='ltr'><strong>inuenta</strong></span> <span class='ocrx_word' id='word_1_229' title='bbox 562 1667 614 1712; x_wconf 90' lang='lat' dir='ltr'><strong>ijs</strong></span> <span class='ocrx_word' id='word_1_230' title='bbox 638 1665 735 1712; x_wconf 86' lang='lat' dir='ltr'><strong>ipfis</strong></span> <span class='ocrx_word' id='word_1_231' title='bbox 759 1665 967 1708; x_wconf 90' lang='lat' dir='ltr'><strong>Cometis,</strong></span> <span class='ocrx_word' id='word_1_232' title='bbox 993 1677 1104 1712; x_wconf 90' lang='lat' dir='ltr'><strong>quos</strong></span> <span class='ocrx_word' id='word_1_233' title='bbox 1129 1668 1174 1703; x_wconf 93' lang='lat' dir='ltr'><strong>in</strong></span> <span class='ocrx_word' id='word_1_234' title='bbox 1197 1666 1511 1704; x_wconf 85' lang='lat' dir='ltr'><strong>Testimonium</strong></span> <span class='ocrx_word' id='word_1_235' title='bbox 1537 1666 1723 1709; x_wconf 91' lang='lat' dir='ltr'><strong>adducit,</strong></span> <span class='ocrx_word' id='word_1_236' title='bbox 1749 1666 1847 1704; x_wconf 89' lang='lat' dir='ltr'><strong>satis</strong></span> 
     </span>
     <span class='ocr_line' id='line_1_35' title="bbox 201 1718 1846 1765; baseline 0.001 -9"><span class='ocrx_word' id='word_1_237' title='bbox 201 1723 470 1765; x_wconf 76' lang='lat' dir='ltr'><strong>competunt:</strong></span> <span class='ocrx_word' id='word_1_238' title='bbox 487 1718 626 1756; x_wconf 90' lang='lat' dir='ltr'><strong>multo</strong></span> <span class='ocrx_word' id='word_1_239' title='bbox 638 1720 797 1763; x_wconf 85' lang='lat' dir='ltr'><strong>minus,</strong></span> <span class='ocrx_word' id='word_1_240' title='bbox 809 1723 853 1756; x_wconf 91' lang='lat' dir='ltr'><strong>vt</strong></span> <span class='ocrx_word' id='word_1_241' title='bbox 865 1720 1066 1756; x_wconf 92' lang='lat' dir='ltr'><strong>omnium</strong></span> <span class='ocrx_word' id='word_1_242' title='bbox 1079 1724 1337 1757; x_wconf 70' lang='lat' dir='ltr'><strong>caeterorum</strong></span> <span class='ocrx_word' id='word_1_243' title='bbox 1350 1719 1665 1757; x_wconf 89' lang='lat' dir='ltr'><strong>Phoenomenis</strong></span> <span class='ocrx_word' id='word_1_244' title='bbox 1677 1719 1846 1758; x_wconf 89' lang='lat' dir='ltr'><strong>saluan-</strong></span> 
     </span>
     <span class='ocr_line' id='line_1_36' title="bbox 201 1771 1847 1819; baseline 0.001 -10"><span class='ocrx_word' id='word_1_245' title='bbox 201 1772 265 1810; x_wconf 92' lang='lat' dir='ltr'><strong>dis</strong></span> <span class='ocrx_word' id='word_1_246' title='bbox 288 1771 518 1815; x_wconf 87' lang='lat' dir='ltr'><strong>sufficiant;</strong></span> <span class='ocrx_word' id='word_1_247' title='bbox 543 1772 749 1819; x_wconf 92' lang='lat' dir='ltr'><strong>quodque</strong></span> <span class='ocrx_word' id='word_1_248' title='bbox 772 1774 964 1810; x_wconf 86' lang='lat' dir='ltr'><strong>maxime</strong></span> <span class='ocrx_word' id='word_1_249' title='bbox 988 1773 1302 1819; x_wconf 84' lang='lat' dir='ltr'><strong>requirebatur,</strong></span> <span class='ocrx_word' id='word_1_250' title='bbox 1326 1772 1654 1815; x_wconf 83' lang='lat' dir='ltr'><strong>Mathematice,</strong></span> <span class='ocrx_word' id='word_1_251' title='bbox 1679 1785 1701 1810; x_wconf 92' lang='lat' dir='ltr'><strong>e</strong></span> <span class='ocrx_word' id='word_1_252' title='bbox 1723 1775 1847 1810; x_wconf 90' lang='lat' dir='ltr'><strong>certis</strong></span> 
     </span>
     <span class='ocr_line' id='line_1_37' title="bbox 201 1825 1846 1873; baseline 0.001 -10"><span class='ocrx_word' id='word_1_253' title='bbox 201 1825 603 1869; x_wconf 83' lang='lat' dir='ltr'><strong>Obseruationibus,</strong></span> <span class='ocrx_word' id='word_1_254' title='bbox 621 1825 927 1863; x_wconf 88' lang='lat' dir='ltr'><strong>Phoenomena</strong></span> <span class='ocrx_word' id='word_1_255' title='bbox 943 1827 1002 1863; x_wconf 88' lang='lat' dir='ltr'><strong>ita</strong></span> <span class='ocrx_word' id='word_1_256' title='bbox 1018 1837 1257 1873; x_wconf 89' lang='lat' dir='ltr'><strong>congruere</strong></span> <span class='ocrx_word' id='word_1_257' title='bbox 1274 1838 1364 1864; x_wconf 93' lang='lat' dir='ltr'><strong>non</strong></span> <span class='ocrx_word' id='word_1_258' title='bbox 1377 1826 1666 1869; x_wconf 88' lang='lat' dir='ltr'><strong>Demonstrat,</strong></span> <span class='ocrx_word' id='word_1_259' title='bbox 1684 1826 1753 1864; x_wconf 86' lang='lat' dir='ltr'><strong>sed</strong></span> <span class='ocrx_word' id='word_1_260' title='bbox 1770 1826 1846 1864; x_wconf 86' lang='lat' dir='ltr'><strong>sal-</strong></span> 
     </span>
     <span class='ocr_line' id='line_1_38' title="bbox 199 1878 1846 1926; baseline 0.001 -10"><span class='ocrx_word' id='word_1_261' title='bbox 199 1883 287 1916; x_wconf 90' lang='lat' dir='ltr'><strong>tem</strong></span> <span class='ocrx_word' id='word_1_262' title='bbox 309 1879 505 1926; x_wconf 89' lang='lat' dir='ltr'><strong>Cornelij</strong></span> <span class='ocrx_word' id='word_1_263' title='bbox 529 1878 734 1916; x_wconf 88' lang='lat' dir='ltr'><strong>Gemmae</strong></span> <span class='ocrx_word' id='word_1_264' title='bbox 756 1879 939 1917; x_wconf 87' lang='lat' dir='ltr'><strong>crassiori</strong></span> <span class='ocrx_word' id='word_1_265' title='bbox 960 1879 1164 1926; x_wconf 88' lang='lat' dir='ltr'><strong>indagine</strong></span> <span class='ocrx_word' id='word_1_266' title='bbox 1182 1891 1204 1917; x_wconf 93' lang='lat' dir='ltr'><strong>e</strong></span> <span class='ocrx_word' id='word_1_267' title='bbox 1223 1879 1369 1918; x_wconf 90' lang='lat' dir='ltr'><strong>Globo</strong></span> <span class='ocrx_word' id='word_1_268' title='bbox 1391 1882 1611 1917; x_wconf 87' lang='lat' dir='ltr'><strong>annotatis</strong></span> <span class='ocrx_word' id='word_1_269' title='bbox 1633 1879 1846 1918; x_wconf 89' lang='lat' dir='ltr'><strong>Obserua-</strong></span> 
     </span>
     <span class='ocr_line' id='line_1_39' title="bbox 199 1932 1845 1981; baseline 0.001 -12"><span class='ocrx_word' id='word_1_270' title='bbox 199 1932 391 1970; x_wconf 92' lang='lat' dir='ltr'><strong>tionibus</strong></span> <span class='ocrx_word' id='word_1_271' title='bbox 411 1932 613 1975; x_wconf 77' lang='lat' dir='ltr'><strong>insistens,</strong></span> <span class='ocrx_word' id='word_1_272' title='bbox 635 1934 965 1979; x_wconf 90' lang='lat' dir='ltr'><strong>proportionem</strong></span> <span class='ocrx_word' id='word_1_273' title='bbox 983 1937 1129 1970; x_wconf 90' lang='lat' dir='ltr'><strong>motus</strong></span> <span class='ocrx_word' id='word_1_274' title='bbox 1146 1933 1357 1976; x_wconf 83' lang='lat' dir='ltr'><strong>Cometae‚</strong></span> <span class='ocrx_word' id='word_1_275' title='bbox 1379 1935 1510 1971; x_wconf 91' lang='lat' dir='ltr'><strong>etiam</strong></span> <span class='ocrx_word' id='word_1_276' title='bbox 1531 1933 1710 1971; x_wconf 82' lang='lat' dir='ltr'><strong>Muficis</strong></span> <span class='ocrx_word' id='word_1_277' title='bbox 1726 1933 1845 1981; x_wconf 92' lang='lat' dir='ltr'><strong>Legi-</strong></span> 
     </span>
     <span class='ocr_line' id='line_1_40' title="bbox 201 1984 1114 2032; baseline 0 -9"><span class='ocrx_word' id='word_1_278' title='bbox 201 1984 282 2023; x_wconf 90' lang='lat' dir='ltr'><strong>bus</strong></span> <span class='ocrx_word' id='word_1_279' title='bbox 299 1985 686 2032; x_wconf 84' lang='lat' dir='ltr'><strong>obtemperantem,</strong></span> <span class='ocrx_word' id='word_1_280' title='bbox 704 1990 902 2023; x_wconf 88' lang='lat' dir='ltr'><strong>extruere</strong></span> <span class='ocrx_word' id='word_1_281' title='bbox 920 1991 1114 2023; x_wconf 89' lang='lat' dir='ltr'><strong>conatur.</strong></span> 
     </span>
    </p>

    <p class='ocr_par' dir='ltr' id='par_1_14' title="bbox 198 2038 1845 2513">
     <span class='ocr_line' id='line_1_41' title="bbox 255 2038 1845 2087; baseline 0.001 -11"><span class='ocrx_word' id='word_1_282' title='bbox 255 2039 521 2086; x_wconf 88' lang='lat' dir='ltr'><strong>Principium</strong></span> <span class='ocrx_word' id='word_1_283' title='bbox 533 2050 638 2076; x_wconf 90' lang='lat' dir='ltr'><strong>vero</strong></span> <span class='ocrx_word' id='word_1_284' title='bbox 655 2041 760 2082; x_wconf 89' lang='lat' dir='ltr'><strong>eius,</strong></span> <span class='ocrx_word' id='word_1_285' title='bbox 778 2050 866 2086; x_wconf 92' lang='lat' dir='ltr'><strong>quo</strong></span> <span class='ocrx_word' id='word_1_286' title='bbox 883 2038 1136 2086; x_wconf 89' lang='lat' dir='ltr'><strong>Eclipticam</strong></span> <span class='ocrx_word' id='word_1_287' title='bbox 1153 2039 1437 2087; x_wconf 88' lang='lat' dir='ltr'><strong>pertranfiuit,</strong></span> <span class='ocrx_word' id='word_1_288' title='bbox 1454 2051 1683 2087; x_wconf 89' lang='lat' dir='ltr'><strong>perperam</strong></span> <span class='ocrx_word' id='word_1_289' title='bbox 1698 2040 1752 2078; x_wconf 92' lang='lat' dir='ltr'><strong>ad</strong></span> <span class='ocrx_word' id='word_1_290' title='bbox 1767 2042 1845 2077; x_wconf 93' lang='lat' dir='ltr'><strong>ini-</strong></span> 
     </span>
     <span class='ocr_line' id='line_1_42' title="bbox 201 2090 1845 2140; baseline 0.001 -11"><span class='ocrx_word' id='word_1_291' title='bbox 201 2093 310 2129; x_wconf 91' lang='lat' dir='ltr'><strong>tium</strong></span> <span class='ocrx_word' id='word_1_292' title='bbox 336 2097 360 2132; x_wconf 69' lang='lat' dir='ltr'><strong><em>z</em></strong></span> <span class='ocrx_word' id='word_1_293' title='bbox 384 2091 524 2135; x_wconf 86' lang='lat' dir='ltr'><strong>refert,</strong></span> <span class='ocrx_word' id='word_1_294' title='bbox 549 2091 586 2129; x_wconf 91' lang='lat'>&amp;</span> <span class='ocrx_word' id='word_1_295' title='bbox 609 2092 712 2129; x_wconf 92' lang='lat' dir='ltr'><strong>hinc</strong></span> <span class='ocrx_word' id='word_1_296' title='bbox 735 2091 873 2130; x_wconf 89' lang='lat' dir='ltr'><strong>multa</strong></span> <span class='ocrx_word' id='word_1_297' title='bbox 893 2092 981 2130; x_wconf 87' lang='lat' dir='ltr'><strong>alia</strong></span> <span class='ocrx_word' id='word_1_298' title='bbox 1002 2094 1115 2130; x_wconf 92' lang='lat' dir='ltr'><strong>circa</strong></span> <span class='ocrx_word' id='word_1_299' title='bbox 1135 2090 1597 2140; x_wconf 77' lang='lat' dir='ltr'><strong>correspondenti-ssam</strong></span> <span class='ocrx_word' id='word_1_300' title='bbox 1621 2094 1676 2131; x_wconf 88' lang='lat' dir='ltr'><strong>ad</strong></span> <span class='ocrx_word' id='word_1_301' title='bbox 1699 2093 1845 2131; x_wconf 89' lang='lat' dir='ltr'><strong>locum</strong></span> 
     </span>
     <span class='ocr_line' id='line_1_43' title="bbox 202 2145 1845 2193; baseline 0.001 -10"><span class='ocrx_word' id='word_1_302' title='bbox 202 2145 347 2183; x_wconf 88' lang='lat' dir='ltr'><strong>Nouae</strong></span> <span class='ocrx_word' id='word_1_303' title='bbox 364 2145 522 2187; x_wconf 86' lang='lat' dir='ltr'><strong>Stellae,</strong></span> <span class='ocrx_word' id='word_1_304' title='bbox 544 2145 582 2182; x_wconf 85' lang='grc'><strong>8(</strong></span> <span class='ocrx_word' id='word_1_305' title='bbox 603 2145 802 2183; x_wconf 90' lang='lat' dir='ltr'><strong>cardines</strong></span> <span class='ocrx_word' id='word_1_306' title='bbox 824 2145 996 2189; x_wconf 87' lang='lat' dir='ltr'><strong>Mundi,</strong></span> <span class='ocrx_word' id='word_1_307' title='bbox 1019 2146 1262 2193; x_wconf 90' lang='lat' dir='ltr'><strong>Polumque</strong></span> <span class='ocrx_word' id='word_1_308' title='bbox 1279 2146 1475 2193; x_wconf 86' lang='lat' dir='ltr'><strong>Sphaerae</strong></span> <span class='ocrx_word' id='word_1_309' title='bbox 1492 2146 1779 2185; x_wconf 90' lang='lat' dir='ltr'><strong>Cometarum</strong></span> <span class='ocrx_word' id='word_1_310' title='bbox 1800 2149 1845 2184; x_wconf 91' lang='lat' dir='ltr'><strong>in</strong></span> 
     </span>
     <span class='ocr_line' id='line_1_44' title="bbox 201 2197 1845 2247; baseline 0.001 -11"><span class='ocrx_word' id='word_1_311' title='bbox 201 2197 369 2236; x_wconf 91' lang='lat' dir='ltr'><strong>Coluro</strong></span> <span class='ocrx_word' id='word_1_312' title='bbox 394 2198 680 2236; x_wconf 90' lang='lat' dir='ltr'><strong>Solstitiorum</strong></span> <span class='ocrx_word' id='word_1_313' title='bbox 706 2197 853 2237; x_wconf 67' lang='lat' dir='ltr'><strong>exacte</strong></span> <span class='ocrx_word' id='word_1_314' title='bbox 878 2198 1015 2242; x_wconf 86' lang='lat' dir='ltr'><strong>situm,</strong></span> <span class='ocrx_word' id='word_1_315' title='bbox 1041 2201 1188 2237; x_wconf 89' lang='lat' dir='ltr'><strong>minus</strong></span> <span class='ocrx_word' id='word_1_316' title='bbox 1213 2200 1403 2247; x_wconf 82' lang='lat' dir='ltr'><strong>apposite</strong></span> <span class='ocrx_word' id='word_1_317' title='bbox 1427 2200 1602 2238; x_wconf 88' lang='lat' dir='ltr'><strong>inducit.</strong></span> <span class='ocrx_word' id='word_1_318' title='bbox 1629 2200 1845 2238; x_wconf 87' lang='lat' dir='ltr'><strong>Tranfiuit</strong></span> 
     </span>
     <span class='ocr_line' id='line_1_45' title="bbox 201 2251 1844 2300; baseline 0.001 -11"><span class='ocrx_word' id='word_1_319' title='bbox 201 2253 319 2289; x_wconf 90' lang='lat' dir='ltr'><strong>enim</strong></span> <span class='ocrx_word' id='word_1_320' title='bbox 338 2251 591 2299; x_wconf 90' lang='lat' dir='ltr'><strong>Eclipticam</strong></span> <span class='ocrx_word' id='word_1_321' title='bbox 612 2254 657 2289; x_wconf 94' lang='lat' dir='ltr'><strong>in</strong></span> <span class='ocrx_word' id='word_1_322' title='bbox 677 2252 718 2289; x_wconf 89' lang='lat'><strong>21</strong></span> <span class='ocrx_word' id='word_1_323' title='bbox 739 2252 876 2300; x_wconf 90' lang='lat' dir='ltr'><strong>gradu</strong></span> <span class='ocrx_word' id='word_1_324' title='bbox 898 2256 937 2294; x_wconf 49' lang='grc' dir='ltr'><em>β</em></span> <span class='ocrx_word' id='word_1_325' title='bbox 947 2283 954 2295; x_wconf 87' lang='grc'>,</span> <span class='ocrx_word' id='word_1_326' title='bbox 976 2254 1100 2290; x_wconf 90' lang='lat' dir='ltr'><strong>tertia</strong></span> <span class='ocrx_word' id='word_1_327' title='bbox 1120 2252 1209 2291; x_wconf 91' lang='lat' dir='ltr'><strong>fere</strong></span> <span class='ocrx_word' id='word_1_328' title='bbox 1229 2258 1350 2300; x_wconf 89' lang='lat' dir='ltr'><strong>parte</strong></span> <span class='ocrx_word' id='word_1_329' title='bbox 1371 2255 1501 2291; x_wconf 92' lang='lat' dir='ltr'><strong>vnius</strong></span> <span class='ocrx_word' id='word_1_330' title='bbox 1522 2253 1641 2300; x_wconf 90' lang='lat' dir='ltr'><strong>Signi</strong></span> <span class='ocrx_word' id='word_1_331' title='bbox 1656 2253 1844 2300; x_wconf 90' lang='lat' dir='ltr'><strong>Tropico</strong></span> 
     </span>
     <span class='ocr_line' id='line_1_46' title="bbox 200 2303 1843 2353; baseline 0.001 -10"><span class='ocrx_word' id='word_1_332' title='bbox 200 2305 415 2353; x_wconf 92' lang='lat' dir='ltr'><strong>Hyberno</strong></span> <span class='ocrx_word' id='word_1_333' title='bbox 440 2307 647 2349; x_wconf 88' lang='lat' dir='ltr'><strong>anterius,</strong></span> <span class='ocrx_word' id='word_1_334' title='bbox 673 2310 716 2343; x_wconf 93' lang='lat' dir='ltr'><strong>vt</strong></span> <span class='ocrx_word' id='word_1_335' title='bbox 741 2303 853 2343; x_wconf 62' lang='lat' dir='ltr'><strong>reae</strong></span> <span class='ocrx_word' id='word_1_336' title='bbox 879 2306 1011 2343; x_wconf 87' lang='lat' dir='ltr'><strong>etiam</strong></span> <span class='ocrx_word' id='word_1_337' title='bbox 1036 2306 1248 2344; x_wconf 90' lang='lat' dir='ltr'><strong>constituit</strong></span> <span class='ocrx_word' id='word_1_338' title='bbox 1269 2306 1529 2345; x_wconf 88' lang='lat' dir='ltr'><strong>Moestlinus.</strong></span> <span class='ocrx_word' id='word_1_339' title='bbox 1556 2307 1650 2344; x_wconf 91' lang='lat' dir='ltr'><strong>Nec</strong></span> <span class='ocrx_word' id='word_1_340' title='bbox 1675 2312 1843 2344; x_wconf 92' lang='lat' dir='ltr'><strong>motum</strong></span> 
     </span>
     <span class='ocr_line' id='line_1_47' title="bbox 199 2357 1843 2406; baseline 0.001 -10"><span class='ocrx_word' id='word_1_341' title='bbox 199 2357 324 2396; x_wconf 85' lang='lat' dir='ltr'><strong>suum</strong></span> <span class='ocrx_word' id='word_1_342' title='bbox 345 2360 518 2406; x_wconf 91' lang='lat' dir='ltr'><strong>proprie</strong></span> <span class='ocrx_word' id='word_1_343' title='bbox 540 2358 693 2396; x_wconf 86' lang='lat' dir='ltr'><strong>direxit</strong></span> <span class='ocrx_word' id='word_1_344' title='bbox 709 2358 856 2396; x_wconf 87' lang='lat' dir='ltr'><strong>versus</strong></span> <span class='ocrx_word' id='word_1_345' title='bbox 873 2358 1054 2396; x_wconf 89' lang='lat' dir='ltr'><strong>Nouam</strong></span> <span class='ocrx_word' id='word_1_346' title='bbox 1071 2359 1262 2403; x_wconf 85' lang='lat' dir='ltr'><strong>Stellam,</strong></span> <span class='ocrx_word' id='word_1_347' title='bbox 1284 2365 1358 2398; x_wconf 90' lang='lat' dir='ltr'><strong>aut</strong></span> <span class='ocrx_word' id='word_1_348' title='bbox 1374 2360 1509 2398; x_wconf 90' lang='lat' dir='ltr'><strong>vllam</strong></span> <span class='ocrx_word' id='word_1_349' title='bbox 1530 2360 1664 2398; x_wconf 89' lang='lat' dir='ltr'><strong>aliam</strong></span> <span class='ocrx_word' id='word_1_350' title='bbox 1681 2362 1726 2397; x_wconf 89' lang='lat' dir='ltr'><strong>in</strong></span> <span class='ocrx_word' id='word_1_351' title='bbox 1744 2372 1843 2397; x_wconf 93' lang='lat' dir='ltr'><strong>con-</strong></span> 
     </span>
     <span class='ocr_line' id='line_1_48' title="bbox 198 2411 1843 2460; baseline 0.001 -11"><span class='ocrx_word' id='word_1_352' title='bbox 198 2411 436 2450; x_wconf 86' lang='lat' dir='ltr'><strong>stellatione</strong></span> <span class='ocrx_word' id='word_1_353' title='bbox 447 2411 697 2459; x_wconf 78' lang='lat' dir='ltr'><strong>Caffiopeae,</strong></span> <span class='ocrx_word' id='word_1_354' title='bbox 707 2411 777 2450; x_wconf 88' lang='lat' dir='ltr'><strong>sed</strong></span> <span class='ocrx_word' id='word_1_355' title='bbox 786 2413 931 2458; x_wconf 91' lang='lat' dir='ltr'><strong>potius</strong></span> <span class='ocrx_word' id='word_1_356' title='bbox 940 2423 1016 2459; x_wconf 92' lang='lat' dir='ltr'><strong>per</strong></span> <span class='ocrx_word' id='word_1_357' title='bbox 1025 2412 1324 2451; x_wconf 88' lang='lat' dir='ltr'><strong>Andromedae</strong></span> <span class='ocrx_word' id='word_1_358' title='bbox 1335 2413 1462 2451; x_wconf 93' lang='lat' dir='ltr'><strong>Sidus</strong></span> <span class='ocrx_word' id='word_1_359' title='bbox 1472 2413 1699 2457; x_wconf 87' lang='lat' dir='ltr'><strong>transiisset,</strong></span> <span class='ocrx_word' id='word_1_360' title='bbox 1712 2413 1843 2460; x_wconf 93' lang='lat' dir='ltr'><strong>longo</strong></span> 
     </span>
     <span class='ocr_line' id='line_1_49' title="bbox 198 2464 1843 2513; baseline 0.001 -11"><span class='ocrx_word' id='word_1_361' title='bbox 198 2464 431 2502; x_wconf 90' lang='lat' dir='ltr'><strong>interuallo</strong></span> <span class='ocrx_word' id='word_1_362' title='bbox 448 2464 536 2512; x_wconf 90' lang='lat' dir='ltr'><strong>ipsa</strong></span> <span class='ocrx_word' id='word_1_363' title='bbox 550 2465 775 2512; x_wconf 88' lang='lat' dir='ltr'><strong>Cassiopea</strong></span> <span class='ocrx_word' id='word_1_364' title='bbox 787 2465 1137 2508; x_wconf 83' lang='lat' dir='ltr'><strong>Meridionalior,</strong></span> <span class='ocrx_word' id='word_1_365' title='bbox 1154 2468 1244 2504; x_wconf 91' lang='lat' dir='ltr'><strong>imo</strong></span> <span class='ocrx_word' id='word_1_366' title='bbox 1256 2469 1367 2504; x_wconf 89' lang='lat' dir='ltr'><strong>inter</strong></span> <span class='ocrx_word' id='word_1_367' title='bbox 1378 2466 1492 2504; x_wconf 90' lang='lat' dir='ltr'><strong>hanc</strong></span> <span class='ocrx_word' id='word_1_368' title='bbox 1505 2466 1543 2504; x_wconf 85' lang='lat'>&amp;</span> <span class='ocrx_word' id='word_1_369' title='bbox 1554 2466 1843 2513; x_wconf 84' lang='lat' dir='ltr'><strong>AEquatorem</strong></span> 
     </span>
    </p>
   </div>
   <div class='ocr_carea' id='block_1_14' title="bbox 198 2517 1842 2609">
    <p class='ocr_par' dir='ltr' id='par_1_15' title="bbox 198 2517 1842 2609">
     <span class='ocr_line' id='line_1_50' title="bbox 198 2517 1780 2564; baseline 0.001 -9"><span class='ocrx_word' id='word_1_370' title='bbox 198 2517 318 2564; x_wconf 87' lang='lat' dir='ltr'><strong>quafi</strong></span> <span class='ocrx_word' id='word_1_371' title='bbox 334 2518 505 2556; x_wconf 89' lang='lat' dir='ltr'><strong>medius</strong></span> <span class='ocrx_word' id='word_1_372' title='bbox 522 2518 739 2560; x_wconf 90' lang='lat' dir='ltr'><strong>incedens,</strong></span> <span class='ocrx_word' id='word_1_373' title='bbox 757 2518 785 2555; x_wconf 84' lang='lat' dir='ltr'><strong>si</strong></span> <span class='ocrx_word' id='word_1_374' title='bbox 803 2518 1030 2556; x_wconf 90' lang='lat' dir='ltr'><strong>Circulum</strong></span> <span class='ocrx_word' id='word_1_375' title='bbox 1046 2519 1108 2557; x_wconf 85' lang='lat' dir='ltr'><strong>sui</strong></span> <span class='ocrx_word' id='word_1_376' title='bbox 1125 2517 1278 2557; x_wconf 76' lang='lat' dir='ltr'><strong>duc&#39;tus</strong></span> <span class='ocrx_word' id='word_1_377' title='bbox 1294 2519 1473 2557; x_wconf 91' lang='lat' dir='ltr'><strong>vlterius</strong></span> <span class='ocrx_word' id='word_1_378' title='bbox 1490 2520 1780 2557; x_wconf 91' lang='lat' dir='ltr'><strong>continuasset.</strong></span> 
     </span>
     <span class='ocr_line' id='line_1_51' title="bbox 304 2572 1842 2609; baseline 0.004 -6"><span class='ocrx_word' id='word_1_379' title='bbox 304 2578 354 2603; x_wconf 83' lang='lat'><strong>32*</strong></span> <span class='ocrx_word' id='word_1_380' title='bbox 1697 2572 1842 2609; x_wconf 87' lang='lat' dir='ltr'><strong>Errori</strong></span> 
     </span>
    </p>
   </div>
  </div>
 </body>
</html>
