2209 3213
535 233 1057 273 RECENTIORIBUS
1079 233 1535 271 PHAENOMENIS
1792 234 1858 272 195

269 339 559 387 Quapropter,
581 351 634 377 ex
650 339 718 378 his
735 341 993 379 Illustrissimi
1010 341 1219 386 Principis
1236 339 1637 383 obseruationibus,
1656 340 1711 378 ad
1727 340 1857 387 septe-

214 404 296 430 nos
308 393 411 436 dies,
428 404 505 440 per
516 392 686 431 diuersa
697 394 938 432 Azimutha
950 393 988 431 &
1000 393 1276 436 Altitudines‚
1295 404 1394 430 cum
1406 398 1601 440 tempore
1613 393 1857 440 interlapso,

215 447 336 484 iuxta
345 446 680 494 Regiomontani
690 449 1082 489 ratiocinationem,
1095 445 1339 493 periculum
1348 445 1571 490 faciemus,
1582 458 1639 484 an
1649 446 1857 493 aliquam,

215 499 254 537 8(
267 504 480 546 quantam
495 498 697 537 habuerit
712 500 782 538 hic
795 500 981 538 Cometa
992 499 1254 542 Parallaxin,
1272 498 1309 536 &
1326 504 1470 536 vtrum
1487 511 1540 537 ea
1555 504 1675 537 tanta
1691 500 1767 537 esse
1784 511 1858 547 po-

162 566 178 590 5
215 553 354 595 tuerit,
376 557 587 599 quantam
608 553 812 590 nonnulli
828 553 1119 591 Astronomiae
1141 550 1297 590 addicti
1318 554 1363 589 in
1381 552 1637 595 Germania,
1661 552 1859 600 (quidam

215 607 347 643 etiam
370 616 536 649 eorum,
561 605 598 642 &
620 605 828 644 fimilibus
850 605 1178 653 praesuppofitis‚
1203 605 1445 652 eademque
1467 605 1859 643 Demonstrationis

215 657 430 696 Methodo
442 658 517 704 vfi)
529 658 691 706 scriptis
702 659 997 706 prodiderunt.
1015 659 1084 696 Ne
1097 660 1223 706 igitur
1235 660 1458 705 negotium
1470 658 1553 696 hoc
1566 659 1727 696 diutius
1739 658 1858 696 diffe-

214 716 346 754 ratur,
364 713 458 749 eius
474 711 786 759 expolitionem
802 712 995 760 sequenti
1013 712 1203 759 processu
1219 711 1455 759 aggrediar.
1473 708 1487 760 ΙΙ

126 851 190 883 230
215 843 511 890 SEQUITUR
541 844 868 891 INQUISITIO
898 843 1333 882 PARALLAXIUM
1364 844 1553 882 HUIUS
1581 843 1859 888 COMETAE,

147 919 177 944 ιο
215 906 294 944 EX
309 906 646 945 AZIMUTHIS
664 906 701 944 8(
717 906 1197 949 ALTITUDINIBUS,
1217 905 1354 943 CUM
1370 905 1649 944 TEMPORE
1666 906 1859 943 INTER-

214 968 425 1012 MEDIO,
454 968 635 1012 DATIS,
664 969 741 1006 EX
763 967 1188 1014 JLLUSTRISSIMI
1214 967 1495 1005 PRINCIPIS
1522 967 1859 1005 GVILHELMI

312 1029 721 1068 LANDTGRAVII
743 1030 975 1068 HASSIAE
997 1029 1559 1073 OBSERUATIONIBUS,
1581 1029 1764 1067 IUXTA

443 1091 719 1130 NORMAM
740 1092 781 1129 A
802 1091 1295 1130 REGIOMONTANO
1318 1091 1469 1129 OLIM
1491 1091 1634 1128 PRAE-

528 1153 832 1198 SCRIPTAM,
850 1153 1167 1200 EXQUISITA
1185 1152 1222 1190 8(
1239 1152 1548 1191 DILIGENTI

146 1229 176 1254 15
642 1215 1084 1254 SUPPUTATIONE
1104 1214 1431 1253 INSTITUTA.

729 1287 829 1325 DIE
850 1287 964 1324 XVI.
987 1285 1345 1325 NOVEMBRIS.

299 1348 464 1391 RIMO,
491 1349 554 1386 Ex
577 1348 1046 1387 Animaduerfionibus
1071 1348 1171 1386 DIE
1195 1348 1296 1385 XVI
1320 1347 1666 1386 NOVEMBRIS
1690 1348 1860 1389 habitis,

299 1401 427 1439 Hora
447 1402 483 1445 4,
504 1404 675 1440 minuto
696 1402 759 1445 56,
780 1404 826 1439 in
846 1401 1101 1445 Azimutho,
1122 1402 1164 1439 P.
1182 1401 1244 1439 33.
1262 1401 1326 1439 M.
1343 1401 1368 1439 Ο
1389 1401 1672 1444 Occidentali‚
1695 1401 1733 1439 &
1754 1401 1860 1438 Alti-

213 1455 376 1499 tudine‚
394 1455 436 1493 P.
453 1455 516 1492 24.
534 1455 597 1492 Μ.
614 1455 677 1499 20,
694 1455 732 1493 8(
750 1455 878 1493 Hora
894 1456 929 1493 7.
948 1455 1010 1492 M.
1028 1455 1082 1498 16,
1104 1457 1150 1492 in
1166 1454 1407 1492 Azimutho
1424 1455 1466 1492 P.
1484 1455 1546 1493 65.
1565 1454 1627 1492 M.
1645 1455 1681 1497 O,
1699 1454 1737 1491 &
1753 1454 1860 1492 Alti-

142 1520 175 1546 20
212 1508 375 1552 tudine,
396 1508 439 1546 P.
456 1508 492 1546 8.
515 1508 578 1546 M.
596 1508 649 1552 10,
670 1508 921 1546 Parallaxes
941 1510 1063 1546 iuxta
1084 1508 1419 1555 Regiomontani
1439 1508 1718 1545 traditionem
1739 1510 1860 1545 inue-

212 1561 472 1609 Rigabimus.

266 1615 514 1652 Assumatur
530 1616 677 1662 itaque
693 1614 777 1652 hoc
793 1614 903 1659 loco,
920 1614 1079 1662 Figura
1095 1614 1197 1652 huic
1208 1614 1467 1661 Pragmatiae
1484 1620 1715 1661 oportuna,
1733 1619 1861 1661 prout

213 1666 375 1706 factum
397 1667 452 1706 est
472 1667 667 1715 superius
689 1667 843 1715 Capite
866 1668 995 1710 sexto,
1020 1668 1125 1705 dum
1148 1667 1311 1705 nostras
1333 1669 1464 1705 etiam
1485 1669 1530 1704 in
1551 1667 1801 1705 Azimuthis
1823 1667 1861 1705 8(

213 1721 530 1759 Altitudinibus
556 1720 907 1765 obseruationes,
933 1722 1028 1768 pari
1053 1722 1235 1764 ratione,
1261 1720 1499 1758 secundum
1525 1721 1860 1768 Regiomontani

143 1787 176 1812 25
213 1774 384 1822 placita,
402 1776 775 1817 examinaremus;
793 1774 935 1821 estque
953 1786 1005 1811 ea
1021 1774 1163 1821 qualis
1180 1775 1378 1821 proxime
1394 1773 1596 1821 sequitur.

268 1828 317 1866 In
334 1827 417 1866 hac
432 1839 550 1871 vero,
568 1827 900 1866 Delineationes
916 1827 1000 1865 hoc
1016 1827 1149 1865 modo
1165 1827 1459 1875 intelligendae
1476 1829 1674 1865 veniunt:

214 1881 297 1919 AB
308 1881 397 1919 CD
427 1880 689 1928 representat
706 1880 934 1919 Circulum
950 1881 1264 1918 Meridianum.

224 1934 397 1972 BKED
428 1934 713 1972 Medietatem
730 1934 989 1972 Horizontis
1006 1933 1311 1972 Occidentalis

364 1988 397 2025 L
427 1988 595 2025 Locum
610 1999 765 2025 verum
781 1987 980 2025 Cometae
997 1989 1042 2024 in
1058 1989 1200 2034 prima
1218 1986 1546 2025 Obseruatione.

144 2052 177 2077 30
346 2041 397 2078 M
428 2041 595 2078 Locum
610 2040 749 2078 visum
766 2040 964 2078 Cometae
982 2040 1172 2078 eiusdem
1187 2042 1407 2087 temporis.

355 2094 398 2132 G
429 2094 595 2132 Locum
611 2105 765 2132 verum
782 2093 980 2132 Cometae
996 2096 1042 2131 in
1057 2093 1245 2131 lecunda
1262 2093 1590 2132 obseruatione.

358 2147 397 2185 O
428 2147 595 2185 Locum
611 2147 750 2185 visum
767 2147 958 2185 eiusdem
973 2147 1174 2185 secundae
1191 2146 1534 2185 Obseruationis.

363 2201 398 2238 Z
428 2200 560 2238 Polus
576 2200 834 2238 Horizontis
851 2200 918 2244 est,
936 2200 974 2238 8(
991 2200 1036 2238 H
1053 2200 1184 2238 Polus
1200 2200 1466 2247 AEquatoris.

282 2254 398 2292 ZLR
428 2253 483 2292 est
508 2254 724 2292 verticalis
748 2253 958 2291 tranfiens
982 2264 1058 2301 per
1083 2253 1117 2291 L
1140 2252 1178 2290 8(
1201 2253 1264 2297 Μ,
1291 2253 1458 2291 Locum
1483 2264 1637 2290 verum
1663 2252 1701 2290 8(
1723 2252 1863 2290 visum

144 2318 178 2344 35
428 2309 582 2354 primae
600 2307 941 2345 Obseruationis.

265 2360 400 2399 ZGK
429 2360 484 2398 est
499 2360 716 2399 verticalis
731 2360 941 2398 tranfiens
959 2371 1035 2407 per
1053 2359 1095 2398 G
1112 2359 1150 2397 &
1167 2360 1219 2403 O,
1242 2360 1408 2398 Locum
1424 2371 1579 2397 verum
1596 2359 1633 2396 8(
1649 2359 1787 2397 visum
1804 2358 1861 2396 se-

429 2413 586 2452 cundae
603 2413 944 2452 Obseruationis.
962 2410 976 2463 ΙΙ

127 2473 187 2505 231
311 2466 400 2504 HL
428 2467 570 2505 Arcus
595 2479 622 2505 a
646 2467 752 2505 Polo
777 2466 1032 2514 AEquatoris
1061 2468 1107 2504 in
1136 2466 1283 2504 locum
1309 2466 1507 2505 Cometae
1532 2477 1687 2503 verum
1716 2466 1761 2509 L,
1793 2466 1863 2502 cui

429 2520 614 2568 aequalis
629 2520 824 2559 statuitur
840 2520 885 2558 H
895 2520 950 2558 G.

324 2581 373 2606 25*
686 2625 690 2629 ῃ
1727 2572 1760 2608 L
1767 2570 1812 2608 H
1821 2570 1863 2607 N
