2209 3213
408 216 485 254 426
805 212 1276 250 APOLOGETICA
1298 212 1657 252 RESPONSIO

408 329 451 359 ut
471 322 524 358 ob
542 322 582 357 id
600 331 826 365 nunqvam
840 330 864 355 3
881 317 958 362 (3¹⁶³
970 318 1083 355 ultra
1099 318 1261 356 sextam
1279 319 1378 356 coeli
1395 324 1564 366 partem
1581 325 1787 366 evagatus
1804 319 1862 363 sit,
1879 320 1948 358 sed
1964 320 2047 358 1136

408 376 649 412 remotione
680 370 853 419 peracta
882 383 986 408 mox
1020 371 1152 418 (qvod
1183 371 1271 418 post
1301 374 1425 410 initia
1453 371 1565 409 Xbris
1595 372 1742 418 fiebat)
1772 373 1827 411 ad
1857 374 2047 411 eundem

408 429 590 468 redierit.
613 437 703 462 non
724 425 848 462 aliter
864 436 996 471 qvam
1013 426 1058 461 in
1078 428 1139 467 Qre
1157 424 1194 462 &
1217 423 1277 469 §³0
1293 424 1389 463 fieri
1405 425 1618 469 videmus,
1640 425 1758 463 velut
1778 426 1874 464 haec
1892 426 2046 474 Capite

408 480 573 518 0613νο
599 490 674 525 per
700 483 1019 524 competentem
1044 477 1304 525 hypothesin
1330 490 1382 516 ex
1407 478 1505 525 ipsis
1528 478 1902 517 observationibus
1927 479 2046 517 lucu-

407 535 542 570 lenter
559 544 584 569 a
602 532 726 569 nobis
743 530 1034 568 demonstrata
1050 530 1156 574 sunt,
1174 531 1322 569 addita
1337 533 1468 569 etiam
1481 532 1771 578 Ephemeride
1783 538 1928 570 motus
1940 534 2046 580 ejus,

408 598 503 633 qvae
515 597 566 622 ex
577 585 666 631 ipsa
678 584 903 632 hypothesi
918 584 1019 631 (qva
1030 584 1263 622 Cometam
1273 597 1364 622 non
1374 585 1523 622 saltem
1534 585 1826 623 orbicularem
1835 586 1890 623 ad
1901 585 2048 624 Solem

406 638 652 685 descripsisse
669 643 838 675 motum
855 638 1077 675 evidenter
1094 638 1415 684 comprobatur,
1432 638 1502 675 sed
1518 650 1609 676 una
1625 640 1757 676 etiam
1773 638 1914 677 Solari
1930 639 2047 686 Apo-

405 704 500 739 gaeo
514 698 552 728 et
566 691 879 728 Eccentricitati
896 690 1012 728 fuisse
1029 690 1272 728 obnoxium
1289 691 1525 737 inducitur)
1544 693 1637 739 ejus
1654 697 1939 738 apparentem
1955 704 2047 730 mo-

405 752 498 782 tum
519 745 574 782 ad
596 744 782 791 singulos
804 746 933 780 totius
955 744 1198 781 durationis
1220 745 1311 782 dies
1332 750 1547 788 numerat,
1570 745 1681 782 adeo
1702 745 1814 782 belle
1831 757 1931 782 cum
1950 745 2048 792 ipfiS

407 797 779 836 observationibus
791 796 1143 840 consentientem,
1160 803 1205 835 ut
1217 809 1436 845 nusqvam
1449 798 1490 835 lO
1502 797 1650 845 Scrup.
1664 800 1884 846 contingat
1896 798 2046 836 discre-

406 853 567 898 pantia,
594 862 690 897 qvae
716 850 817 887 sane
843 850 1036 897 praecifio
1057 852 1102 887 in
1124 851 1247 888 nullo
1268 851 1429 898 septem
1445 851 1739 893 Planetarum,
1764 856 1858 889 utut
1880 851 2047 899 regula-

405 905 556 942 rissime
578 903 793 946 incedant,
816 903 917 940 inde
939 915 964 941 a
985 903 1153 941 mundo
1171 904 1345 942 condito
1368 915 1444 951 per
1460 904 1598 942 ullam
1615 904 1872 952 hypothesin
1888 904 2046 942 hucus-

406 970 487 1004 qve
505 958 559 995 est
576 957 809 994 exantlata.
832 957 905 993 An
921 957 963 994 id
980 956 1058 994 ulli
1076 956 1278 994 Meteoro
1294 957 1621 995 attribuendum
1638 957 1795 1001 censes,
1817 963 1862 995 ut
1878 963 1968 995 tam
1984 970 2046 996 re-

406 1011 601 1058 gularem
617 1015 762 1047 motus
776 1009 838 1047 sui
853 1021 1069 1052 normam,
1086 1010 1216 1048 instar
1228 1010 1338 1048 Astri
1350 1013 1548 1058 perpetui
1561 1011 1815 1048 omnimode
1829 1009 2048 1049 observet?

407 1064 521 1110 Qvid
544 1064 629 1101 huc
653 1062 844 1100 conferet
868 1065 1071 1100 materies
1093 1063 1381 1101 Elementaris
1403 1063 1440 1101 &
1461 1063 1727 1102 fumositates
1748 1064 1877 1102 instar
1899 1064 2048 1112 lychni

406 1117 609 1159 accensae,
632 1128 729 1163 qvae
750 1116 851 1153 [3116
873 1116 1086 1163 pabulum
1107 1123 1314 1163 qvaerent,
1337 1122 1376 1154 et
1398 1129 1483 1164 qvo
1504 1117 1584 1155 fert
1605 1119 1792 1164 impetus
1813 1117 2048 1156 anomalus

406 1171 507 1208 hinc
524 1170 624 1207 inde
641 1169 887 1217 vagibunde
904 1181 1048 1213 1116115,
1066 1181 1166 1207 611111
1182 1170 1305 1213 nihil,
1323 1170 1438 1217 qvod
1455 1171 1616 1213 ardeat,
1638 1172 1684 1208 in
1700 1182 1791 1208 una
1807 1171 2048 1218 eademqve

406 1225 588 1261 materia
605 1224 679 1260 diu
697 1222 917 1260 consistere
935 1221 1089 1270 qveat?
1106 1223 1234 1269 Qvod
1251 1228 1399 1261 autem
1415 1225 1460 1261 in
1476 1225 1705 1271 majorem,
1722 1235 1813 1261 non
1829 1225 2048 1261 minorem

407 1277 559 1314 abierit
585 1276 809 1319 circulum,
836 1276 937 1313 inde
962 1274 1125 1314 fadlum
1150 1282 1289 1323 putas,
1315 1277 1438 1325 qvod
1458 1276 1656 1315 variarit
1674 1287 1701 1315 a
1728 1277 1868 1315 Terra
1890 1274 2047 1324 distan-

408 1329 529 1374 tiam,
546 1328 744 1368 materia
759 1328 916 1379 magis
932 1331 1183 1368 extenuata
1193 1328 1441 1378 successive
1453 1332 1500 1368 et
1510 1330 1570 1368 ad
1574 1328 1817 1379 superiora
1830 1330 2047 1369 tendente

406 1382 605 1421 flamma.
628 1384 685 1420 At
703 1383 804 1429 qvid
820 1382 904 1420 hoc
922 1382 976 1420 est
993 1382 1162 1420 dicere?
1179 1395 1287 1421 num
1305 1383 1360 1420 ob
1376 1384 1419 1421 id
1436 1383 1648 1421 circulum
1664 1386 1709 1421 in
1725 1383 1895 1430 sphaera
1911 1385 2048 1421 maxi-

406 1448 528 1474 mum
541 1448 676 1483 usqve
689 1436 744 1473 ad
757 1436 856 1474 coeli
869 1436 1156 1483 qvadrantem
1168 1436 1417 1484 descripfisse
1430 1436 1764 1474 existimandum
1775 1439 1935 1479 veniat,
1948 1438 2049 1483 qvia

406 1489 552 1527 versus
563 1489 786 1536 superiora
798 1488 1018 1527 tenderet?
1035 1489 1151 1536 qvasi
1164 1501 1255 1527 non
1267 1492 1399 1527 etiam
1411 1491 1456 1527 in
1468 1490 1607 1528 altum
1619 1490 1835 1533 scandere,
1849 1495 1889 1528 et
1901 1501 2047 1537 qvem-

406 1545 470 1580 vis
486 1543 776 1580 nihilominus
792 1541 969 1580 ductum
987 1545 1119 1580 etiam
1135 1543 1407 1587 anomalum,
1425 1548 1471 1580 ut
1486 1543 1758 1590 competebat
1770 1545 1941 1590 corpori
1953 1542 2047 1580 Ele-

406 1598 604 1639 mentari,
627 1598 671 1633 in
688 1598 800 1639 3616,
823 1601 869 1633 111
885 1601 931 1633 111
948 1598 1025 1639 vis,
1048 1596 1312 1640 discurrenti,
1330 1608 1531 1634 exercere
1548 1597 1676 1643 possit.
1698 1596 1742 1634 Si
1758 1598 1928 1634 ratione
1943 1596 2046 1633 levi-

406 1651 503 1687 tatis
519 1652 565 1686 in
581 1649 718 1687 altum
730 1649 992 1696 pervolasset,
1010 1651 1157 1696 utiqve
1169 1648 1285 1687 16613
1296 1649 1473 1693 [111[11111,
1490 1652 1639 1687 nonin
1651 1649 1889 1697 obliqvum,
1906 1660 2047 1696 neqve

406 1708 494 1740 tam
512 1702 710 1740 circulari
728 1701 870 1745 (1116111,
889 1703 1027 1749 qvalis
1042 1714 1068 1740 a
1082 1703 1208 1740 nobis
1226 1702 1476 1741 observatus
1493 1708 1532 1741 et
1549 1703 1864 1741 demonstratus
1881 1702 1947 1746 est,
1964 1701 2047 1740 sese

407 1755 760 1802 conspiciendum
779 1756 1041 1798 exhibuisset‚
1064 1761 1104 1794 et
1124 1756 1214 1803 ipsa
1230 1756 1371 1794 cauda
1389 1761 1600 1804 perpetuo
1616 1756 1781 1794 sursum
1797 1758 1965 1794 ratione
1982 1767 2047 1794 ar-

408 1810 524 1846 doris
548 1808 585 1846 &
609 1809 794 1847 levitatis
817 1809 1061 1847 tetendisset.
1087 1809 1227 1857 Cujus
1251 1815 1399 1847 tamen
1422 1811 1691 1847 contrarium
1711 1821 1738 1847 a
1759 1809 1885 1846 nobis
1908 1820 2001 1856 cap.
2024 1809 2048 1846 7

407 1873 483 1908 per
499 1868 635 1899 totam
653 1864 746 1910 ejus
763 1864 1041 1900 durationem
1057 1863 1365 1901 manifestatur.
1388 1863 1456 1901 Sic
1473 1863 1588 1910 qvod
1604 1863 1762 1906 censes,
1782 1874 1884 1900 eum
1899 1864 2047 1899 minus

408 1927 433 1952 3
450 1917 591 1962 primo
608 1922 730 1953 motu
747 1916 1015 1954 retardatum
1032 1918 1144 1954 circa
1162 1918 1298 1960 initia,
1322 1928 1374 1954 eo
1396 1916 1510 1963 qvod
1532 1916 1670 1954 moles
1687 1922 1781 1953 tum
1796 1917 1939 1964 major
1955 1915 2048 1953 esset

408 1968 589 2015 plusqve
602 1969 844 2013 subsisteret,
862 1970 904 2007 id
920 1970 1153 2016 neqvidem
1166 1966 1180 2019 ΙΙ
1192 1970 1421 2007 verisimile
1433 1970 1615 2007 videtur.
1633 1969 1752 2008 Nam
1764 1969 1793 2006 [1
1805 1968 1861 2006 01)
1873 1973 2047 2016 raptum
2108 1981 2122 1993 v

409 2021 638 2068 superioris
660 2024 771 2060 aeris
793 2034 869 2069 per
890 2025 1278 2061 concomitantiam
1298 2025 1427 2070 primi
1445 2023 1619 2060 mobilis
1635 2028 1781 2060 motus
1797 2023 1968 2060 diurnae
1985 2033 2047 2059 re-

408 2074 645 2112 volutionis
657 2077 702 2112 in
715 2076 901 2113 Cometa
917 2075 1060 2119 fiebat,
1078 2081 1123 2113 ut
1134 2088 1213 2114 vos
1225 2076 1482 2114 Aristotelici
1500 2076 1761 2120 existimatis,
1779 2078 1926 2122 utiqve
1943 2074 2049 2112 dum

408 2129 454 2164 in
465 2130 622 2175 majori
634 2128 713 2165 suit
725 2140 918 2175 corpore,
935 2129 1142 2175 fiqvidem
1159 2129 1345 2176 idipsum
1361 2141 1452 2167 non
1468 2141 1599 2177 grave
1615 2129 1685 2167 sed
1701 2129 1796 2167 leve
1814 2134 1905 2166 erat
1922 2127 2048 2175 (alias

410 2182 527 2217 enim
553 2182 773 2227 qvomodo
799 2182 963 2219 sursum
988 2182 1221 2227 scanderet,
1252 2195 1353 2221 cum
1379 2185 1530 2220 omnia
1555 2184 1706 2230 gravia
1731 2182 1932 2220 deorsum
1957 2186 2047 2219 ten-

409 2232 555 2279 dant?)
573 2245 599 2271 3
616 2234 871 2272 circumfuso
889 2237 988 2272 3616
1008 2238 1250 2283 promptius
1272 2236 1533 2283 rapiebatur.
1559 2236 1707 2283 Itaqve
1730 2235 1888 2273 melius
1909 2236 2048 2272 motui

408 2288 549 2332 primo
572 2286 902 2329 obsecundabat.
925 2289 1299 2334 qvemadmodum
1320 2290 1520 2327 videmus
1542 2301 1606 2332 ea,
1629 2300 1727 2336 qvae
1748 2290 1920 2336 majora
1939 2287 2047 2331 sunt,

408 2339 506 2385 plus
527 2345 757 2377 ventorum
779 2343 944 2387 impetu
966 2343 1071 2388 rapi,
1095 2354 1225 2388 qvam
1247 2345 1433 2386 minora,
1457 2342 1534 2380 nis1
1555 2342 1643 2380 alia
1664 2342 1841 2384 obstant,
1863 2341 2048 2387 ideoqve

409 2391 519 2430 16616
537 2392 679 2440 ajebat
696 2393 843 2430 Poeta:

680 2473 884 2520 Velaqve
895 2474 1006 2520 plus
1017 2473 1185 2521 parvis
1200 2485 1375 2523 magna
1393 2474 1574 2513 timoris
1590 2474 1774 2513 habent.

1854 2552 2047 2591 Cernere

2089 811 2119 836 10

2090 1077 2118 1101 15

2085 1342 2119 1367 20

2085 1608 2119 1632 25

2086 1873 2119 1898 30

2086 2139 2119 2164 35

2085 2404 2118 2430 40
