2209 3213
378 237 443 274 168
867 231 949 268 DE
972 229 1196 267 MUNDI
1217 228 1518 267 AETHEREI

375 341 573 378 existente
590 345 695 385 part.
714 337 765 374 16.
783 339 886 374 min.
900 336 962 379 53,
979 340 1175 373 remanet
1191 334 1284 377 DF,
1301 340 1407 382 part.
1421 335 1456 372 6.
1469 336 1572 371 min.
1586 334 1648 372 27.
1667 335 1848 372 Metitur
1863 339 2011 372 autem

375 394 454 431 DF
470 395 514 429 in
531 392 619 438 ipsa
635 389 939 438 Hypotheseos
959 388 1252 425 delineatione
1269 388 1436 425 Arcum
1452 387 1561 431 DH,
1582 390 1871 425 remotionem
1891 388 2010 426 uide-

373 447 467 483 licet
485 446 617 482 centri
634 443 762 481 Orbis
779 442 976 480 Cometae
993 441 1034 478 D
1051 452 1077 478 a
1093 441 1285 488 Perigaeo
1302 441 1360 478 H.

426 498 570 535 Postea
587 497 641 534 ad
659 495 963 543 Hypotheseos
980 494 1183 541 Figuram
1200 494 1461 536 accedendo,
1483 495 1695 540 quoniam
1710 496 1756 531 in
1772 493 2011 541 Triangulo

373 551 498 588 DAB
516 551 710 597 cognitus
727 548 781 586 est
797 547 999 595 Angulus
1015 546 1147 584 ABD
1164 558 1240 593 per
1256 548 1422 584 Arcum
1438 546 1547 591 DH,
1564 546 1606 584 P.
1619 546 1655 584 6.
1669 546 1731 584 M.
1744 546 1806 591 27,
1824 546 1862 584 8(
1878 546 2011 585 Latus
2049 561 2064 585 5

372 605 453 641 AB
475 603 635 649 ubique
657 602 711 639 est
731 601 819 643 360,
842 602 1043 647 prouenit
1065 600 1197 637 Latus
1217 600 1308 637 AD
1329 599 1445 643 9643,
1467 599 1505 637 &
1525 599 1727 647 Angulus
1747 599 1892 644 ADB,
1914 600 1956 637 P.
1973 600 2009 637 0.

372 657 434 694 M.
460 657 534 695 145.
566 656 779 692 Praeterea
805 656 848 691 in
873 652 1112 700 Triangulo
1138 652 1223 689 DA
1231 653 1282 696 K,
1309 655 1412 699 quia
1437 653 1639 700 Angulus
1664 652 1795 690 BDK
1820 652 2011 690 referens

372 710 568 747 Cometae
589 708 830 746 distantiam
851 708 895 743 in
916 706 991 743 suo
1008 705 1125 744 Orbe
1142 717 1168 743 a
1183 706 1377 753 Perigaeo
1398 705 1589 743 eiusdem
1609 705 1767 750 medio,
1789 705 1844 743 est
1864 705 2010 743 secun-

371 763 475 800 dum
492 763 791 799 assumtionem
802 765 946 797 motus
959 761 1053 796 eius
1064 760 1109 796 in
1122 759 1277 796 eodem
1290 759 1419 803 Orbe,
1436 764 1543 806 part.
1555 760 1618 796 44.
1630 761 1735 796 min.
1747 759 1802 803 21,
1819 764 1865 796 ut
1876 759 2012 806 liquet

371 827 423 852 ex
447 814 618 852 Tabula
642 813 915 861 postmodum
939 811 1197 859 adijcienda,
1223 812 1325 849 hinc
1350 811 1379 849 fi
1404 811 1627 850 auferatur
1647 811 1849 859 Angulus
1865 812 2009 856 ADB,
2051 825 2082 850 10

370 868 541 905 resultat
561 866 712 910 ADK,
736 867 778 904 Ρ.
795 866 857 903 44.
880 865 942 903 M.
960 866 1018 909 623,
1042 867 1117 912 qui
1140 867 1314 902 metitur
1336 870 1506 903 motum
1527 865 1725 903 Cometae
1748 877 1775 903 a
1796 865 1859 902 sui
1881 865 2010 903 Orbis

371 922 562 968 Perigaeo
575 917 588 970 ΙΙ
600 931 707 958 uero
719 918 910 966 respec‘tu
920 918 1080 956 Terrae.
1099 918 1215 956 Cum
1227 923 1375 955 autem
1386 918 1504 956 hunc
1515 918 1743 966 Angulum
1755 918 1842 956 duo
1855 918 2011 956 Latera
2039 925 2100 957 199

371 980 475 1012 nota
495 974 701 1015 ambiant,
723 973 812 1010 DK
828 971 1159 1010 Semidiameter
1177 971 1306 1009 Orbis
1324 971 1534 1015 Cometae‚
1552 971 1590 1009 &
1605 971 1696 1008 AD
1716 973 1836 1018 prius
1857 973 2010 1009 inuen-

370 1034 462 1065 tum
478 1027 594 1071 9643,
611 1038 701 1064 non
717 1026 863 1064 latebit
879 1027 1053 1062 tertium
1069 1025 1202 1062 Latus
1218 1024 1305 1062 AK
1321 1024 1437 1069 6873,
1459 1025 1577 1072 quod
1592 1026 1638 1062 in
1654 1024 2010 1062 Semidiametros

370 1080 517 1118 Terrae
533 1078 756 1117 reda-aum
772 1078 900 1116 efficit
917 1078 1115 1116 Cometae
1128 1089 1154 1115 a
1165 1077 1301 1115 Terra
1317 1077 1560 1115 distantiam
1575 1077 2009 1116 Semidiametrorum
2050 1091 2080 1116 15

370 1134 458 1177 785,
476 1144 528 1171 ea
544 1132 744 1171 uidelicet
759 1134 940 1175 ratione,
958 1143 1046 1178 qua
1062 1131 1146 1168 BD
1163 1131 1285 1168 10000
1300 1131 1538 1178 aequiualet
1554 1130 1895 1169 Semidiametris
1911 1131 2008 1168 1142.

370 1187 597 1224 Inuenitur
605 1185 778 1233 insuper
787 1188 833 1222 in
842 1185 997 1222 eodem
1006 1183 1246 1231 Triangulo
1255 1184 1458 1231 Angulus
1468 1184 1554 1221 DA
1561 1184 1613 1228 K,
1623 1190 1730 1231 part.
1738 1184 1800 1222 58.
1811 1186 1916 1222 min.
1924 1184 2009 1229 2073,

370 1252 397 1278 a
412 1251 500 1287 quo
516 1239 545 1276 fi
561 1238 784 1277 auferatur
799 1237 1000 1285 Angulus
1017 1237 1144 1275 DAL
1160 1237 1345 1284 aequalis
1360 1236 1437 1284 ipsi
1452 1237 1585 1274 ADB
1601 1236 1729 1284 supra
1744 1242 1927 1284 reperto,
1946 1249 2009 1275 re-

370 1293 580 1340 linquitur
596 1292 797 1339 Angulus
818 1291 946 1329 KAL
966 1296 1072 1338 part.
1090 1290 1152 1328 58.
1170 1292 1275 1328 min.
1292 1290 1328 1333 6,
1351 1292 1426 1337 qui
1447 1290 1621 1328 exhibet
1638 1290 1836 1328 Cometae
1857 1302 2010 1328 ueram

370 1346 739 1392 intercapedinem
755 1356 781 1382 a
796 1344 942 1382 medio
959 1344 1055 1381 loco
1072 1343 1196 1382 Solis.
2048 1356 2082 1382 20

422 1399 475 1436 Vt
496 1404 643 1436 autem
663 1398 765 1435 hinc
785 1397 914 1445 ipsius
935 1408 1152 1445 apparens
1168 1396 1340 1444 politus,
1361 1402 1454 1434 tum
1471 1408 1559 1444 quo
1576 1396 1631 1434 ad
1647 1396 1831 1444 planum
1846 1398 2007 1444 proprij

370 1451 533 1495 ductus,
550 1458 643 1489 tum
655 1463 743 1498 quo
755 1451 809 1489 ad
822 1450 1074 1497 Eclipticam
1088 1449 1314 1494 habeatur,
1331 1450 1645 1487 recurrendum
1657 1449 1712 1488 ad
1725 1461 1824 1488 eam
1835 1449 2009 1497 Figura-

369 1507 533 1542 tionem
559 1516 646 1552 qua
670 1504 753 1542 hoc
779 1506 1002 1551 negotium
1026 1502 1263 1551 perficitur;
1289 1503 1363 1541 ubi
1386 1503 1420 1541 Β
1443 1503 1639 1541 medium
1661 1503 1809 1541 locum
1831 1502 1943 1541 Solis
1965 1505 2011 1540 in

370 1558 575 1605 Ecliptica
591 1557 879 1605 repraesentat,
901 1556 944 1595 G
961 1568 1068 1594 uero
1084 1556 1231 1594 locum
1248 1556 1446 1594 Cometae
1463 1558 1508 1593 in
1523 1555 1599 1594 suo
1616 1554 1759 1600 ductu,
1781 1555 1914 1603 fitque
1930 1556 2012 1593 AF

370 1611 432 1656 (ut
455 1616 554 1649 ante
578 1611 784 1657 diximus)
808 1615 914 1657 part.
933 1610 985 1648 10.
1007 1612 1112 1647 min.
1129 1609 1192 1653 26,
1217 1609 1254 1646 8(
1277 1609 1355 1647 FG
1378 1610 1520 1647 Arcus
1543 1609 1727 1656 aequalis
1749 1609 1927 1657 Angulo
1950 1609 2010 1647 di·
2048 1622 2082 1647 25

370 1664 532 1702 stantiae
550 1664 746 1702 Cometae
763 1676 789 1701 a
805 1664 951 1701 medio
968 1663 1092 1707 Solis,
1114 1674 1247 1710 quem
1265 1664 1519 1700 inuenimus
1535 1668 1642 1710 part.
1659 1662 1721 1701 58.
1738 1664 1842 1700 min.
1860 1662 1896 1706 6,
1918 1664 2010 1709 qui-

369 1718 449 1755 bus
465 1717 589 1755 fimul
606 1715 859 1760 coniunffitis,
881 1716 1022 1764 prodit
1038 1716 1125 1754 AG
1142 1721 1249 1763 part.
1266 1715 1328 1754 68.
1346 1718 1450 1753 min.
1468 1715 1530 1759 32,
1552 1715 1796 1753 distantiam
1813 1715 2010 1754 Cometae

369 1773 413 1807 in
430 1770 505 1808 sua
521 1772 595 1808 uia
611 1770 665 1808 ab
682 1768 983 1808 Intersed’tione
1001 1781 1101 1807 cum
1118 1769 1325 1816 Ecliptica
1341 1769 1564 1807 exhibens.
1586 1769 1705 1806 Huic
1723 1768 1950 1816 respondet
1965 1770 2011 1806 in

370 1823 575 1870 Ecliptica
592 1824 673 1860 AE
689 1828 795 1870 part.
813 1823 875 1861 65.
893 1823 956 1861 M.
974 1823 1036 1867 44,
1058 1823 1245 1869 ideoque
1262 1822 1507 1870 Longitudo
1525 1822 1723 1860 Cometae
1745 1821 1791 1868 (fi
1811 1822 2011 1860 uidelicet

369 1876 553 1914 addatur
569 1877 710 1914 Arcus
726 1876 795 1914 hic
813 1876 894 1913 AE
911 1876 965 1914 ad
982 1876 1129 1914 locum
1146 1874 1460 1914 Intersed'tionis
1476 1877 1521 1912 in
1537 1875 1580 1913 P.
1597 1875 1659 1913 20.
1678 1875 1741 1912 M.
1758 1875 1808 1913 55
1830 1879 1869 1917 μ
1878 1875 1891 1921 )
1912 1886 2009 1922 pro·
2047 1887 2081 1913 30

370 1931 488 1967 uenit
504 1931 549 1966 in
561 1929 603 1967 P.
616 1929 678 1967 26.
692 1929 755 1966 M.
768 1929 818 1967 39
834 1938 892 1973 m,
909 1929 947 1967 &
963 1941 1040 1976 per
1050 1930 1217 1966 Arcum
1233 1928 1317 1966 GE
1333 1928 1505 1966 dabitur
1517 1928 1720 1966 Latitudo
1736 1927 1791 1966 ab
1803 1928 2011 1975 Ecliptica

368 1987 474 2028 part.
487 1982 549 2020 27.
562 1984 665 2019 min.
678 1982 714 2020 3.
732 1982 849 2019 Patet
866 1984 1012 2029 itaque
1029 1983 1147 2029 quod
1163 1982 1285 2019 locus
1302 1983 1396 2019 eius
1411 1993 1488 2028 per
1500 1981 1774 2030 Hypothesin
1789 1983 2009 2025 inuentus,

368 2035 465 2073 satis
485 2035 595 2072 bene
617 2035 852 2073 consentiat
873 2047 973 2073 cum
994 2047 1046 2073 eo
1068 2037 1143 2082 qui
1164 2047 1217 2072 ex
1237 2034 1552 2073 Obseruatione
1573 2034 1744 2082 prodijt,
1766 2033 2011 2072 differentia

368 2087 516 2125 saltem
538 2088 738 2125 existente
759 2090 804 2125 in
825 2088 1114 2136 Longitudine
1136 2088 1159 2125 4
1180 2087 1495 2135 scrupulorum,
1518 2087 1555 2125 &
1576 2090 1622 2125 in
1638 2087 1885 2125 Latitudine
1902 2087 2008 2125 duo-

369 2152 479 2184 rum,
497 2141 614 2188 quod
632 2140 686 2178 est
702 2141 953 2179 insenfibile.
2047 2152 2080 2178 3⁵

422 2193 558 2231 Lubet
574 2205 681 2231 uero
697 2194 881 2240 idipsum
896 2199 1063 2232 tentare
1079 2194 1134 2232 ad
1151 2194 1267 2231 diem
1283 2194 1364 2231 XV
1381 2194 1587 2241 Ianuarij‚
1609 2198 1655 2231 ut
1671 2193 1863 2231 constare
1879 2193 2008 2240 possit,

369 2247 592 2293 quomodo
608 2247 742 2293 paulo
759 2252 858 2284 ante
875 2246 1009 2284 finem
1026 2247 1314 2294 disparitionis
1327 2246 1591 2294 Hypothefis
1607 2246 1749 2284 nostra
1763 2258 1863 2284 cum
1877 2257 2008 2293 appa-

368 2304 488 2337 rente
504 2299 601 2337 loco
618 2300 816 2337 Cometae
832 2311 908 2346 per
925 2300 1287 2338 Obseruationem
1303 2302 1498 2343 inuento,
1516 2299 1859 2346 correspondeat.

421 2352 490 2390 Ad
507 2350 668 2390 dictum
685 2355 831 2399 itaque
848 2353 976 2396 diem,
997 2353 1242 2400 horamque
1259 2364 1285 2390 a
1301 2353 1502 2396 Meridie,
1524 2358 1569 2390 ut
1590 2352 1700 2390 alias
1720 2351 1898 2399 semper,
1919 2351 2007 2390 sex-

367 2411 469 2449 tam,
500 2405 626 2443 datur
650 2407 695 2442 in
721 2417 772 2443 ea
798 2417 897 2452 quae
925 2406 1011 2443 huc
1034 2408 1281 2453 requiritur,
1311 2408 1481 2443 minore
1507 2405 1784 2453 Figuratione
1810 2406 2008 2442 Arcuum
2045 2417 2079 2442 40

369 2458 586 2504 Eclipticae
603 2458 641 2496 8(
657 2460 743 2496 uiae
761 2458 958 2496 Cometae
979 2458 1258 2497 habitudines
1274 2459 1329 2496 ad
1345 2458 1385 2496 se
1404 2460 1595 2496 inuicem
1613 2458 1891 2502 discernente,
1913 2458 2007 2496 Me-

368 2511 464 2549 dius
480 2511 601 2548 locus
621 2513 664 2555 Θ
684 2511 823 2548 noster
838 2514 883 2548 in
900 2512 941 2549 P.
957 2512 992 2549 4.
1011 2512 1073 2549 M.
1086 2512 1137 2549 32
1153 2522 1195 2548 zzz
1215 2523 1291 2558 per
1307 2511 1341 2549 E
1358 2511 1583 2555 indicatus,
1601 2510 1813 2549 Distantia
1829 2522 1936 2549 uero
1953 2510 2008 2549 ab

1706 2562 2007 2602 Interfec'tione
