2209 3213
352 215 427 252 288
842 209 924 247 DE
945 207 1169 246 MUNDI
1190 205 1490 244 AETHEREI

350 320 447 355 dem
460 318 684 362 vtrobique
699 316 794 352 loca
810 314 1174 361 praesupponeret,
1192 323 1282 349 non
1294 311 1420 349 facile
1433 318 1535 357 erat,
1553 323 1605 350 ex
1616 311 1825 350 mendosa
1836 311 1985 349 Stella-

350 383 445 407 rum
470 371 731 411 assumtione,
755 370 800 404 in
823 367 1143 404 aberrationem
1167 365 1428 408 euidentem,
1455 367 1567 403 circa
1589 365 1870 403 Parallaxeos
1892 376 1985 412 per-

350 424 661 463 scrutationem,
679 420 859 467 prolabi.
877 419 995 456 Nam
1007 418 1044 455 &
1058 429 1135 465 ego
1147 418 1281 455 Anno
1298 418 1404 461 1572,
1422 430 1522 456 cum
1538 418 1627 456 solo
1644 417 1811 456 oculari
1827 419 1986 455 intuitu

349 475 641 521 perspicerem,
664 474 843 510 Nouam
864 471 1055 514 Stellam,
1076 477 1166 508 tam
1187 472 1300 508 circa
1320 473 1538 515 verticem,
1559 482 1694 518 quam
1714 472 1836 508 iuxta
1852 470 1984 508 Hori-

349 534 532 569 zontem,
550 526 672 563 simili
688 525 820 563 modo
836 524 919 562 sese
936 522 1126 571 respectu
1140 525 1489 571 propinquarum
1502 524 1740 571 Cassiopeae
1752 523 1985 561 Stellarum
2023 537 2038 561 5

349 581 563 623 exhibere,
585 579 681 617 satis
699 579 922 616 euidenter
939 577 1206 624 colligebam,
1227 588 1325 614 eam
1341 576 1411 614 vel
1426 577 1609 621 nullam,
1625 577 1695 615 vel
1710 576 1882 624 prorsus
1899 578 1985 614 exi-

348 644 476 680 guam
494 633 685 670 obtinere
703 631 963 669 Parallaxin.
986 630 1142 677 Neque
1160 631 1346 677 cognitio
1363 630 1562 668 locorum
1579 630 1819 668 earundem
1835 629 1985 667 Stella-

348 698 443 723 rum
465 686 519 723 ad
540 684 653 722 hanc
674 686 1051 722 ratiocinationem
1071 683 1384 729 requirebatur.
1407 683 1524 721 Cum
1540 694 1644 721 vero
1664 682 1809 730 postea
1826 693 1902 729 per
1918 682 1985 720 In-

347 739 579 776 strumenta
591 749 682 775 rem
694 748 872 774 omnem
884 738 1073 783 penitius
1090 735 1378 783 explorarem,
1395 738 1547 774 inueni
1564 747 1664 774 eam
1679 738 1738 773 ita
1753 735 1794 772 se
1810 734 1984 779 habere,

348 792 383 828 8(
401 791 570 838 prorsus
586 790 758 828 nullum
774 790 835 827 illi
852 789 1025 827 adfuisse
1037 789 1276 826 Parallaxis
1288 788 1527 836 vestigium;
1543 794 1587 827 vt
1599 789 1728 827 Libro
1744 790 1887 835 priore
1904 787 1984 826 suf·
2026 801 2056 826 io

347 844 537 881 ficienter
558 843 912 881 Demonstratum
935 842 1001 880 est.
1026 842 1123 880 Pari
1145 842 1278 879 modo
1302 844 1347 879 in
1369 842 1556 880 Cometa
1578 842 1633 880 ad
1655 843 1822 879 vicinas
1842 841 1983 884 Fixas,

346 909 423 943 pro
446 897 662 934 Parallaxi
685 896 946 943 indaganda,
973 894 1135 933 etiamsi
1158 895 1254 932 loca
1277 894 1510 933 Stellarum
1534 906 1625 932 non
1647 894 1746 932 satis
1767 893 1985 942 perspecta

346 950 433 993 11111,
451 950 582 987 11111115
593 951 638 987 111
651 949 936 987 Obseruando
953 948 1072 986 modi
1088 959 1179 985 non
1195 948 1511 995 improbandus
1521 948 1619 986 vsus
1632 948 1708 985 esse
1724 949 1891 995 poterit,
1908 947 1985 985 nifi

346 1004 462 1050 quod
478 1003 548 1040 hic
564 1008 708 1040 motus
725 1004 855 1040 etiam
871 1003 1032 1049 proprij
1046 1003 1262 1039 rationem
1273 1003 1318 1039 in
1331 1001 1557 1040 confilium
1568 1001 1788 1045 adhibere,
1805 1001 1984 1039 1166683-

345 1058 454 1093 1111111
475 1056 644 1093 euadat.
2025 1067 2056 1092 15

398 1109 447 1146 Et
463 1109 576 1152 sane,
593 1114 636 1146 vt
651 1108 783 1146 libere
801 1108 936 1155 (quod
952 1107 1103 1154 sentio)
1121 1107 1275 1151 dicam,
1292 1107 1411 1145 hunc
1427 1119 1504 1155 per
1515 1107 1671 1152 Filum,
1687 1107 1758 1145 vel
1773 1106 1985 1155 Regulam

345 1163 399 1199 ad
421 1161 574 1199 Stellas
595 1162 723 1199 Fixas
744 1164 788 1199 in
810 1162 963 1199 eadem
986 1161 1103 1199 linea
1124 1159 1239 1199 reeta
1259 1172 1359 1198 cum
1381 1160 1567 1199 Cometa
1589 1160 1685 1199 litas
1708 1160 1984 1208 applicatam,

347 1215 616 1252 Obseruandi
639 1220 848 1258 tenorem,
871 1213 1056 1261 praefero
1079 1214 1153 1257 illi,
1178 1216 1253 1261 qui
1275 1225 1352 1261 per
1372 1214 1623 1258 Azimutha,
1645 1213 1923 1257 Altitudines,
1946 1213 1984 1250 &

346 1268 589 1312 Distantias‚
607 1267 930 1314 Interuallaque
943 1269 1161 1314 temporis,
1178 1269 1409 1315 peragitur,
1426 1267 1504 1305 11111
1516 1267 1706 1315 Organa,
1719 1266 1877 1314 quibus
1888 1265 1984 1304 1186

346 1323 495 1359 01111113
512 1322 749 1368 capiantur,
770 1320 848 1358 fint
869 1332 959 1358 non
979 1320 1119 1358 solum
1139 1320 1257 1358 iustae
1273 1321 1598 1368 magnitudinis,
1619 1320 1689 1358 sed
1711 1321 1843 1358 etiam
1863 1321 1984 1357 omni
2021 1332 2056 1357 20

344 1373 515 1420 prorsus
531 1375 635 1411 vitio
652 1376 696 1411 in
712 1374 788 1411 sua
802 1373 966 1411 fabrica
982 1378 1170 1417 careant,
1187 1373 1337 1420 qualia
1352 1374 1555 1411 rarissime
1572 1373 1767 1411 obtinere
1783 1373 1892 1411 licet.

398 1427 444 1464 Id
455 1438 559 1464 vero
572 1429 630 1465 ita
641 1426 681 1464 se
693 1426 866 1470 habere,
884 1426 973 1474 ipsa
985 1426 1194 1464 Moestlini
1210 1428 1404 1471 inuenta,
1421 1431 1514 1465 tum
1525 1429 1571 1464 in
1583 1427 1718 1464 Noua
1729 1426 1874 1470 Stella,
1890 1431 1984 1464 tum

344 1482 389 1516 in
405 1480 487 1517 1106
505 1480 690 1518 Cometa
705 1481 901 1527 apprime
918 1479 1151 1518 declarant.
1173 1479 1237 1517 Ea
1258 1481 1375 1517 enim
1395 1480 1493 1518 licet
1513 1491 1589 1527 per
1607 1479 1743 1518 solam
1758 1479 1821 1517 fili
1837 1484 1983 1517 exten-

344 1532 506 1570 110116111
527 1533 697 1571 coelitus
717 1533 963 1576 obtinuerit,
986 1538 1134 1571 tamen
1155 1532 1223 1570 his
1243 1532 1380 1580 ipsam
1395 1533 1633 1571 Veritatem
1655 1533 1783 1580 longe
1803 1534 1983 1580 propius

344 1586 586 1633 assequutus
609 1585 675 1629 est,
700 1597 834 1633 quam
856 1586 981 1624 multi
1004 1586 1091 1634 alij,
1116 1588 1190 1633 qui
1213 1598 1289 1633 per
1312 1586 1500 1624 Radium
1524 1586 1561 1624 &
1583 1586 1861 1633 Quadrantes
1881 1586 1982 1623 Azi-
2021 1597 2054 1623 25

343 1639 560 1676 muthales
576 1639 615 1676 se
633 1639 872 1677 admodum
891 1639 1144 1686 exquifitam
1167 1639 1556 1678 confiderationem
1575 1639 1800 1687 perfecisse,
1821 1637 1982 1677 iactita-

344 1697 454 1729 runt.
477 1692 656 1738 Quanta
676 1694 793 1730 enim
813 1691 1020 1730 subtilitas
1037 1692 1075 1730 8(
1091 1692 1312 1740 diligentia
1332 1694 1579 1740 requiratur
1596 1695 1642 1730 in
1659 1692 1982 1731 Obseruationi-

343 1745 423 1782 bus
440 1745 694 1783 Coelestibus
713 1744 974 1783 Mechanice
995 1745 1275 1790 instituendis,
1297 1757 1429 1783 nemo
1450 1751 1722 1794 compertum
1742 1744 1885 1789 habet,
1906 1744 1983 1782 nifi

344 1800 418 1844 qui
438 1798 677 1836 multorum
696 1799 932 1836 Annorum
949 1795 963 1848 ΙΙ
980 1800 1259 1846 experientia,
1280 1799 1496 1846 variisque
1518 1799 1718 1847 Organis,
1739 1810 1819 1836 1166
1839 1809 1982 1846 pauco
2006 1804 2071 1836 358

344 1851 503 1894 labore,
520 1856 595 1889 aut
610 1851 763 1894 sumtu,
780 1851 941 1889 horum
957 1853 1156 1890 notitiam
1172 1851 1246 1889 fibi
1262 1851 1525 1890 familiarem
1541 1852 1785 1890 reddiderit.
2021 1863 2055 1889 30

397 1903 527 1949 Quod
548 1904 749 1942 Stellulas
770 1904 970 1951 Equiculi
991 1904 1259 1943 obscuriores
1280 1906 1356 1943 esse
1379 1906 1541 1944 iudicat
1560 1904 1826 1947 Thaddaeus,
1850 1915 1984 1952 quam

344 1962 385 1993 vt
403 1968 455 1993 ex
471 1956 554 1994 illis
571 1957 622 1994 de
639 1957 856 1995 Parallaxi
872 1958 1038 2005 aliquid
1055 1960 1157 1996 certi
1174 1958 1446 2002 concludere,
1463 1958 1583 1996 velut
1599 1958 1847 1996 Moeftlinus
1867 1956 1984 1996 saffi-

344 2011 462 2053 tauit‚
475 2010 661 2056 possibile
673 2009 811 2053 fuerit,
824 2010 1060 2057 praesertim
1072 2023 1172 2049 cum
1184 2011 1239 2049 ob
1251 2013 1622 2059 propinquitatem
1632 2011 1830 2050 Cometae
1840 2009 1985 2049 adhuc

344 2064 489 2099 minus
512 2068 782 2109 apparerent,
808 2065 1000 2101 maxime
1022 2075 1140 2108 vero,
1166 2066 1270 2111 quia
1293 2065 1529 2102 Horizonti
1550 2076 1639 2103 vna
1661 2065 1984 2112 appropinqua-

343 2115 462 2152 bant:
484 2116 684 2153 videntur
701 2116 877 2162 quidem
898 2116 993 2154 haec
1009 2117 1160 2164 aliquo
1175 2118 1309 2155 modo
1326 2118 1638 2156 Moestlinianae
1656 2117 1984 2156 Obseruationis
2022 2129 2056 2154 35

344 2168 645 2206 certitudinem
670 2169 914 2216 infringere.
941 2170 991 2207 Et
1016 2169 1172 2208 16611115
1196 2170 1297 2208 sane
1322 2170 1474 2209 fecisset
1498 2171 1583 2215 ille,
1606 2170 1636 2208 11
1659 2171 1715 2208 ad
1738 2170 1985 2208 euidentius

347 2220 599 2267 conspicuas
622 2221 749 2259 Fixas
774 2222 970 2260 Cometae
994 2229 1278 2270 apparentem
1303 2229 1473 2262 motum
1496 2224 1782 2262 examinasset.
1806 2223 1984 2266 Verum,

347 2284 446 2310 cum
463 2274 597 2311 nullae
613 2274 713 2312 aliae
730 2281 1015 2319 occurrerent,
1038 2276 1196 2323 quibus
1211 2282 1301 2315 tam
1316 2288 1452 2325 prope
1468 2279 1730 2325 iungeretur,
1752 2276 1985 2324 cogebatur

346 2325 414 2363 his
434 2329 505 2369 vti,
527 2338 626 2373 quae
647 2327 744 2365 licet
764 2330 1011 2375 perexiguae
1032 2329 1121 2372 11111,
1142 2329 1432 2367 nihilominus
1454 2330 1582 2368 Coelo
1603 2331 1800 2377 apprime
1820 2329 1984 2373 sereno,

347 2378 384 2415 8(
408 2379 566 2417 13161116
588 2380 725 2423 Luna,
748 2380 846 2418 satis
869 2381 1048 2419 discerni
1070 2383 1247 2429 possunt‚
1271 2383 1382 2421 adeo
1402 2388 1446 2420 vt
1468 2383 1700 2430 aliquoties
1723 2394 1749 2420 a
1771 2382 1897 2420 nobis
1918 2382 1984 2419 In·
2023 2393 2056 2419 40

346 2431 588 2470 strumentis
605 2433 774 2471 coelitus
790 2440 978 2480 acceptae
995 2434 1084 2477 11111,
1100 2440 1144 2473 vt
1159 2441 1275 2482 patet
1292 2447 1344 2473 ex
1361 2437 1562 2474 omnium
1579 2441 1767 2483 quatuor
1781 2435 1984 2482 Longitu-

347 2485 518 2522 dinibus
536 2485 572 2522 8(
589 2486 908 2524 Latitudinibus
924 2487 1051 2535 supra
1067 2487 1301 2535 patefactis,
1323 2501 1432 2536 quas
1450 2488 1549 2527 satis
1565 2487 1737 2527 exactas
1754 2489 1842 2532 esse,
1860 2487 1898 2526 &
1915 2499 1985 2526 ex-

1823 2540 1985 2589 quilitis
