2209 3213
341 209 417 246 374
835 205 918 242 DE
939 204 1164 242 MUNDI
1186 203 1487 242 AETHEREI

342 316 589 351 interiorem
614 317 780 358 partem
804 311 1020 347 inferioris
1043 310 1279 357 pinnacidij
1305 311 1556 353 admittitur,
1583 310 1729 356 quoad
1753 309 1981 347 Circulum

341 368 424 403 illic
446 366 587 403 debita
611 364 909 411 magnitudine
931 363 1200 410 descriptum,
1223 363 1260 400 &
1282 375 1372 401 una
1392 375 1492 400 cum
1513 363 1729 400 foramine
1750 364 1980 406 anteriore,

340 426 485 456 centro
508 418 772 464 quadrantis,
795 415 1114 463 absec‘tionique
1135 417 1318 463 dioptrae
1339 416 1696 463 aequidistantem‚
1718 415 1793 453 suo
1814 415 1981 453 lumine

340 472 568 518 compleat:
593 470 709 516 quod
731 470 962 507 dilucidius
983 470 1252 516 conspicitur,
1274 469 1303 506 si
1323 481 1399 516 per
1416 469 1616 507 canalem
1633 468 1854 515 quendam
1871 469 1978 516 radij

339 526 448 563 Solis
465 524 805 561 transmittantur
822 522 1209 569 cohibeanturque.
1231 534 1286 560 ne
1303 523 1357 560 ab
1374 523 1501 560 Aeris
1519 524 1744 560 exterioris
1760 521 1979 560 luciditate

338 579 597 679 dissipclelntun
621 581 749 623 prout
769 587 850 613 nos
871 578 916 613 in
937 575 1160 614 Solaribus
1183 575 1571 614 Obseruationibus
1593 575 1734 613 facere
1756 574 1979 612 consueui-

338 643 446 668 mus.

390 684 520 721 Hanc
540 683 892 730 pinnacidiorum
914 694 1081 719 nouam
1102 684 1407 720 inuentionem
1424 682 1461 719 &
1478 683 1675 729 apprime
1696 681 1847 719 utilem
1864 693 1979 719 com-

337 738 601 778 moditatem.
624 748 721 773 cum
745 737 924 783 quidam
941 736 1289 773 Vratislauiensis
1310 748 1401 773 non
1422 736 1615 782 uulgaris
1636 735 1979 773 Mathematicus

338 792 427 837 (qui
450 802 566 827 nunc
586 790 683 827 fatis
704 789 914 835 concessit)
936 795 1036 827 ante
1057 801 1199 827 annos
1217 789 1314 836 plus
1337 791 1484 826 minus
1505 789 1528 827 8
1549 789 1635 826 huc
1655 790 1742 826 mei
1765 788 1979 826 inuisendi

335 846 471 891 gratia
495 842 721 890 profectus,
748 845 793 880 in
816 843 967 880 nostris
991 843 1286 880 Instrumentis
1308 842 1586 890 perspexisset‚
1613 842 1695 880 dici
1721 854 1812 879 non
1835 842 1978 888 potest,

337 899 487 943 quanti
509 908 607 934 eam
628 896 789 939 fecerit;
815 897 908 934 Imo
929 896 969 934 se
990 896 1062 934 uel
1082 896 1197 934 hanc
1218 896 1353 934 solam
1375 896 1430 934 ob
1451 895 1626 934 causam
1647 907 1738 933 non
1761 895 1912 933 frustra
1934 897 1980 933 in

336 951 530 987 Daniam
546 951 702 987 uenisse
719 955 865 996 aperte
882 949 1108 987 fatebatur.
1127 950 1238 988 Satis
1255 952 1373 987 enirn
1390 949 1584 987 conscius
1599 954 1701 992 erat,
1720 960 1854 996 quam
1866 960 1979 996 aegre

335 1015 410 1049 per
434 1003 652 1041 foramina
677 1002 948 1041 Tabularum
974 1003 1118 1041 Stellae
1143 1003 1564 1046 animaduertantur,
1594 1014 1816 1049 quamque
1841 1001 1980 1040 facilis

334 1056 476 1103 lapsus
498 1056 580 1093 hoc
597 1056 729 1094 modo
746 1058 1052 1094 committatur.
1075 1057 1114 1094 Is
1130 1068 1237 1094 uero
1254 1056 1368 1094 hanc
1385 1056 1521 1103 ipsam
1536 1056 1788 1103 pinnacidia
1804 1055 1977 1093 confici-

335 1110 434 1146 endi
448 1112 662 1147 rationem
675 1109 819 1156 postea
832 1109 1102 1147 Illustrissimo
1115 1110 1301 1156 Principi
1313 1109 1650 1147 WILHELMO
1663 1109 1976 1147 LANDGRA-

334 1163 433 1200 VIO
447 1162 678 1200 HASSIAE
689 1165 870 1209 aperuit,
884 1175 974 1201 una
986 1175 1086 1200 cum
1095 1163 1305 1201 diuisione
1315 1163 1391 1200 illa
1399 1162 1684 1206 transuersali‚
1697 1162 1749 1200 de
1760 1174 1848 1209 qua
1857 1164 1977 1209 prius

334 1217 434 1258 dixi,
456 1215 613 1262 quibus
635 1216 763 1261 ipsius
781 1216 999 1254 Celfitudo
1021 1218 1265 1254 etiamnum
1285 1215 1463 1254 feliciter
1483 1218 1628 1259 utitur,
1650 1215 1787 1253 ueluti
1806 1217 1899 1253 eius
1915 1215 1975 1253 di-

333 1269 496 1306 stantiae
509 1269 546 1306 8(
558 1269 887 1307 Declinationes
899 1270 1132 1307 Stellarum
1148 1270 1319 1307 coelitus
1336 1269 1600 1316 conquisitae,
1617 1280 1717 1307 cum
1733 1268 1884 1306 nostris
1902 1271 1974 1306 eti-

334 1334 405 1360 am
417 1324 462 1359 in
472 1322 667 1369 aliquota
676 1325 833 1360 minuti
843 1328 963 1369 parte
974 1323 1301 1366 concordantes,
1314 1323 1529 1360 testantur.
1542 1322 1625 1361 Sed
1636 1334 1724 1369 quo
1734 1321 1976 1369 digredior?

333 1375 531 1413 Tandem
554 1378 667 1413 circa
689 1376 796 1413 illud
818 1376 1086 1423 Quadrantis
1108 1377 1240 1414 Latus
1264 1376 1382 1423 quod
1403 1375 1561 1413 Zenith
1584 1378 1775 1422 capitum
1797 1375 1974 1422 respicit,

333 1429 435 1466 bina
456 1429 768 1475 perpendicula
787 1429 983 1476 superius
1003 1432 1125 1467 iuxta
1146 1430 1179 1467 B
1200 1431 1259 1467 ita
1280 1429 1566 1476 applicantur,
1590 1434 1636 1467 ut
1658 1440 1798 1466 unum
1822 1440 1976 1466 eorum

334 1482 511 1527 quando
533 1481 769 1527 Quadrans
791 1483 847 1520 ad
868 1483 1125 1520 Horizontis
1148 1483 1444 1529 aequilibrium
1465 1482 1656 1524 consistit,
1679 1481 1890 1520 lineolam
1912 1483 1974 1519 in-

333 1535 465 1572 ferius
477 1537 597 1572 iuxta
609 1536 649 1572 A
661 1535 804 1573 debito
816 1536 914 1573 loco
926 1536 1046 1573 fitam
1059 1536 1210 1583 pulset;
1227 1536 1428 1573 Alterum
1442 1547 1550 1573 uero
1567 1535 1723 1573 eodem
1738 1535 1871 1573 modo
1889 1534 1975 1581 (sed

333 1588 490 1635 postica
510 1588 647 1635 parte)
669 1589 925 1633 adhibitum,
948 1589 1126 1627 ostendit
1147 1595 1294 1627 utrum
1314 1589 1498 1635 planum
1517 1591 1648 1626 totius
1665 1588 1934 1634 Quadrantis
1949 1600 1976 1626 a

333 1641 466 1688 plano
483 1642 677 1679 uerticali
694 1644 738 1680 in
755 1643 1009 1680 alterutram
1020 1648 1188 1689 partem
1201 1642 1336 1689 (quod
1349 1642 1598 1680 cauendum
1611 1641 1682 1688 est)
1694 1641 1883 1680 inclinet.
1900 1642 1974 1679 At-

333 1706 416 1741 que
433 1694 593 1732 horum
610 1695 799 1733 duorum
815 1696 1229 1742 perpendiculorum
1241 1696 1415 1738 indicio,
1433 1695 1669 1741 Quadrans
1681 1707 1757 1742 per
1767 1695 1974 1742 praeordi-

332 1753 457 1785 natas
469 1748 670 1786 cochleas
688 1749 756 1794 (de
769 1749 926 1795 quibus
938 1749 1082 1796 postea
1094 1749 1305 1795 dicemus)
1322 1754 1415 1786 tum
1427 1749 1482 1787 ad
1494 1749 1865 1792 Altitudinariam‚
1882 1753 1975 1785 tum

333 1803 464 1837 etiam
487 1801 816 1839 Azimuthalem
840 1802 1203 1840 Obseruationem
1226 1804 1304 1840 rite
1328 1802 1625 1849 capessendam
1648 1801 1897 1848 disponitur.
1924 1801 1975 1838 Et

332 1853 417 1890 huc
438 1853 571 1900 usque
589 1854 640 1891 de
658 1854 914 1901 Quadrante
934 1855 1036 1902 ipso.
1058 1856 1190 1893 Nunc
1210 1855 1348 1893 fulcra
1370 1857 1462 1893 eius
1479 1867 1569 1893 una
1586 1866 1686 1893 cum
1701 1854 1975 1892 Azimuthali

332 1906 534 1944 substrato
552 1907 728 1945 Circulo
746 1908 1072 1955 explicabimus.

386 1959 587 1997 Circulus
601 1960 894 1998 Azimuthalis
913 1962 1041 1999 ONP
1057 1964 1101 1999 in
1119 1967 1308 2009 quatuor
1324 1962 1603 2008 Quadrantes
1620 1973 1720 1999 cum
1736 1960 1820 1998 suis
1836 1960 1973 2008 gradi-

331 2012 411 2049 bus
424 2012 461 2049 &
473 2015 651 2050 minutis
663 2014 836 2057 diuisus,
851 2015 1061 2052 incumbit
1074 2021 1262 2061 quatuor
1273 2015 1456 2062 lapideis
1467 2014 1753 2061 pedestalibus
1765 2014 1828 2060 (ut
1839 2013 1973 2061 uulgo

333 2066 509 2110 uocant)
531 2077 720 2110 quorum
741 2066 894 2105 formae
916 2070 960 2105 in
981 2068 1070 2115 ipsa
1090 2068 1249 2115 Figura
1269 2070 1589 2115 exprimuntur;
1612 2067 1795 2114 suntque
1816 2068 1868 2115 ijs
1889 2072 1973 2104 tres

332 2118 467 2155 literae
488 2118 612 2156 XYZ
633 2119 838 2166 ascriptae,
861 2126 1065 2167 quartum
1086 2121 1294 2168 posterius
1314 2121 1427 2159 latet.
1452 2121 1538 2159 His
1559 2120 1750 2158 cochleae
1771 2125 1972 2167 quatuor,

332 2183 519 2218 quarum
542 2177 626 2209 tres
649 2184 724 2219 per
747 2173 891 2211 literas
916 2174 1045 2211 NOP
1067 2175 1315 2212 indicantur
1341 2174 1513 2221 (quarta
1540 2176 1657 2211 enim
1682 2176 1727 2211 in
1751 2173 1973 2220 posteriori

332 2230 451 2270 parte
469 2226 599 2262 etiam
615 2225 905 2272 absconditur)
922 2227 1123 2265 insistunt.
1141 2227 1228 2264 1-1ae
1245 2239 1352 2265 uero
1369 2227 1561 2265 cochleae
1577 2226 1889 2264 ferramentum
1903 2226 1972 2264 de-

332 2277 519 2314 cussatim
541 2278 596 2315 ad
612 2279 811 2325 Angulos
832 2278 983 2317 Redtos
1001 2280 1177 2318 Circulo
1194 2280 1466 2318 Azimuthali
1487 2282 1672 2322 unitum,
1694 2279 1769 2317 ubi
1789 2279 1831 2316 id
1853 2284 1973 2317 extra

331 2329 470 2376 ipsum
486 2330 717 2376 paululum
734 2332 959 2379 egreditur,
982 2335 1041 2370 ita
1056 2333 1289 2377 transeunt,
1309 2339 1355 2371 ut
1370 2335 1416 2370 in
1433 2345 1485 2371 eo
1502 2332 1753 2371 matriculas
1769 2332 1972 2375 habeant,

332 2384 376 2419 in
397 2382 554 2428 quibus
576 2384 680 2421 dum
702 2390 942 2428 uertuntur,
964 2397 1054 2423 non
1074 2386 1213 2423 solum
1234 2386 1572 2424 Horizontalem
1593 2385 1711 2423 hunc
1732 2385 1972 2429 Circulum,

330 2435 399 2473 sed
416 2435 555 2482 ipsum
567 2438 697 2474 etiam
711 2436 1012 2483 Quadrantem
1025 2439 1087 2476 illi
1099 2439 1412 2486 suprapositum
1425 2441 1470 2477 in
1482 2439 1777 2486 aequilibrium
1788 2437 1972 2475 finitoris

331 2488 543 2526 ordinent.
555 2488 604 2526 In
613 2489 758 2527 medio
770 2490 902 2528 huius
913 2491 1088 2535 circuli,
1100 2492 1173 2529 ubi
1186 2492 1386 2530 uidelicet
1397 2492 1662 2530 ferramenta
1671 2490 1973 2581 transueIZsIa‘llith

2004 687 2069 719 464

2022 800 2051 825 10

2019 1066 2049 1091 15

2013 1332 2047 1357 20

2013 1599 2046 1623 25

2012 1864 2045 1889 30

2011 2130 2044 2155 35

2010 2395 2044 2420 40
