2209 3213
138 820 168 846 10

136 1086 167 1111 15

116 1346 181 1378 348

135 1618 168 1643 25

136 1883 170 1909 30

137 2150 171 2175 35

152 2353 172 2385 ἦ.

139 2416 173 2441 40

523 220 1044 261 RECENTIORIBUS
1064 219 1522 258 PHAENOMENIS
1777 218 1845 256 281

203 330 437 378 plementO,
453 331 574 377 prius
590 329 703 373 data,
720 328 836 376 grad.
853 328 890 366 3.
907 330 1011 366 min.
1028 328 1091 366 40.
1113 327 1227 374 Quae
1244 326 1332 364 duo
1349 326 1378 363 11
1394 328 1439 363 111
1456 325 1793 373 Longitudinem
1809 324 1846 362 &

205 383 500 422 Latitudinem
516 382 748 429 Eclipticae,
766 381 922 419 eodem
937 386 1100 424 tenore,
1118 391 1206 428 quo
1223 379 1378 427 Capite
1395 379 1596 417 Secundo
1613 378 1671 416 vfi
1686 378 1846 421 sumus,

204 436 466 484 redigantur,
488 436 718 482 proueniet
735 434 980 482 Longitudo
997 433 1035 471 8(
1051 433 1253 471 Latitudo
1274 444 1327 470 ea
1347 443 1481 479 quam
1501 434 1621 479 prius
1641 431 1846 469 indicaui.

258 490 308 527 In
323 488 545 536 posteriori
561 499 665 526 vero
683 487 1012 531 Obseruatione,
1029 486 1101 524 vbi
1117 486 1156 524 K
1172 485 1450 533 repraesentat
1467 484 1665 523 Cometae
1687 484 1846 527 locum,

205 554 257 580 ex
273 541 487 580 Thaddaei
508 541 619 579 datis
639 542 734 588 pari
754 542 924 579 ratione
944 539 1160 583 adhibitis,
1182 540 1385 587 prouenit
1401 538 1535 576 Latus
1550 538 1638 575 AK
1660 537 1847 584 comple-

204 600 402 633 mentum
418 594 737 632 Declinationis
753 594 796 631 P.
813 593 876 631 86.
894 593 957 631 M.
975 593 1028 636 12,
1046 593 1084 630 8(
1100 592 1302 640 Angulus
1318 591 1439 629 BAK
1458 591 1655 629 distantia
1671 602 1698 628 a
1714 591 1848 628 Meri-

204 648 350 692 diano,
375 647 429 686 G.
453 647 516 686 27.
540 647 603 685 M.
625 647 710 686 3535.
735 646 926 693 Ideoque
950 645 1210 683 Ascenfione
1233 643 1363 682 Recta
1386 644 1498 682 Solis
1520 649 1623 682 tunc
1647 643 1848 681 existente

205 702 247 739 P.
260 701 349 739 253.
361 700 425 738 M.
439 700 481 739 10
496 700 597 745 fere,
615 699 653 737 8(
670 699 806 748 Medij
826 699 944 737 Coeli
962 699 1016 737 G.
1029 698 1118 736 332.
1132 698 1195 736 M.
1208 698 1271 742 40,
1287 699 1491 744 prouenit
1502 696 1704 735 Ascensio
1721 695 1850 735 Rec'ta

205 754 404 793 Cometae
424 753 467 791 P.
484 753 573 792 305.
591 753 655 791 M.
672 753 730 796 43,
752 752 782 790 fi
803 754 954 790 omnia
973 751 1218 799 scrupulose
1238 749 1485 788 tractentur.
1508 750 1571 787 Ex
1592 750 1674 788 1136
1691 749 1848 792 rursus,

206 807 244 845 8(
260 807 567 845 Declinatione
588 817 664 853 per
680 804 1052 853 complementum
1070 806 1191 851 prius
1207 804 1357 842 datum
1374 805 1557 851 cognita,
1580 803 1634 841 G.
1652 803 1687 840 3.
1705 803 1769 840 M.
1785 802 1848 846 48,

205 860 351 898 euadit
361 859 516 898 eadem
526 858 772 906 Longitudo
780 858 817 895 8(
825 858 1040 901 Latitudo,
1051 868 1186 904 quam
1195 856 1395 894 secundae
1404 856 1711 894 Obseruationi
1720 860 1850 893 antea

204 914 527 961 deputauimus,
548 917 591 950 vt
612 917 706 950 tum
726 911 834 955 haec,
855 916 949 949 tum
966 922 1030 955 ea,
1048 921 1148 957 quae
1164 910 1266 948 inde
1282 909 1401 956 sequi
1417 909 1620 953 diximus,
1642 911 1701 947 ita
1716 908 1756 946 se
1773 908 1849 947 ha-

204 966 319 1010 bere,
335 965 484 1004 nullus
500 965 621 1003 restet
636 964 897 1003 dubitationi
912 964 1047 1001 locus.

259 1019 538 1066 Quapropter
559 1018 658 1056 satis
679 1017 956 1056 manifestum
979 1016 1138 1061 euadit,
1161 1018 1350 1063 primam
1370 1015 1486 1054 hanc
1506 1015 1544 1053 8(
1564 1015 1851 1062 principalem

205 1073 448 1116 Rationem,
470 1083 559 1119 qua
573 1071 826 1110 Thaddaeus
843 1070 1075 1109 Cometam
1095 1069 1214 1107 hunc
1234 1069 1515 1107 sublunarem
1533 1068 1649 1106 fuisse
1665 1068 1850 1115 probare

204 1130 399 1169 conatur,
422 1136 514 1163 non
533 1124 673 1163 solum
693 1124 736 1162 id
757 1135 849 1162 non
869 1123 1066 1167 attestari,
1090 1122 1160 1160 sed
1180 1124 1326 1170 potius
1346 1122 1477 1169 plane
1499 1124 1767 1160 contrarium
1788 1123 1850 1158 in-

204 1179 375 1218 ducere.

257 1232 351 1270 Nec
368 1230 623 1269 omnimode
640 1229 813 1269 exactas
828 1229 945 1268 fuisse
961 1229 1042 1268 has
1055 1228 1394 1268 obseruationes
1407 1230 1452 1266 in
1464 1228 1714 1266 Azimuthis
1727 1227 1764 1265 8(
1776 1227 1850 1264 ΑΙ-

203 1284 461 1324 titudinibus
472 1296 552 1323 nec
563 1284 672 1322 forte
685 1286 817 1322 etiam
829 1285 875 1321 in
886 1288 1081 1330 tempore
1094 1282 1366 1325 intermedio,
1384 1281 1485 1319 inde
1497 1293 1585 1319 vna
1596 1281 1693 1319 satis
1705 1281 1853 1328 liquet,

205 1339 324 1386 quod
345 1339 673 1376 concitatiorem
693 1342 865 1375 motum
881 1336 1080 1375 Cometae
1099 1338 1145 1374 in
1163 1336 1364 1383 Longum
1381 1335 1419 1372 8(
1435 1335 1594 1373 Latum
1614 1331 1853 1384 attri-Hbue-

205 1394 302 1436 rint,
326 1403 461 1439 quam
482 1402 638 1429 reuera
657 1390 721 1428 illi
740 1396 843 1428 tunc
864 1390 1148 1437 competebat.
1175 1389 1323 1437 Longe
1345 1390 1476 1426 etiam
1497 1390 1640 1426 maior
1659 1387 1853 1435 praecifio

205 1446 440 1492 requiritur
455 1446 502 1482 in
515 1443 765 1482 Azimuthis
777 1443 815 1481 &
826 1442 1143 1481 Altitudinibus
1159 1442 1444 1490 inquirendis,
1461 1441 1490 1478 11
1507 1441 1740 1479 Stellarum
1756 1440 1854 1478 loca

205 1498 275 1536 vel
294 1497 540 1545 simpliciter
559 1497 660 1535 inde
681 1496 926 1535 deriuanda
945 1496 1035 1540 11111,
1057 1507 1192 1543 quam
1207 1500 1251 1533 vt
1267 1497 1313 1532 in
1329 1495 1453 1532 denis
1473 1494 1623 1532 saltem
1643 1493 1853 1541 scrupulis

206 1552 479 1595 denotentur,
505 1550 669 1588 nedum
694 1552 740 1588 in
762 1549 1022 1588 subtilissimo
1047 1549 1131 1586 hoc
1154 1548 1452 1586 Parallaxium
1478 1549 1664 1595 negotio,
1688 1547 1760 1585 vbi
1785 1558 1853 1585 res

206 1604 399 1642 versatur
410 1605 524 1642 circa
534 1605 737 1647 minima;
753 1602 990 1650 praesertim
1002 1602 1181 1650 quando
1194 1613 1258 1640 68
1270 1613 1362 1639 11011
1373 1601 1614 1639 admodum
1625 1600 1852 1644 sensibiles,

205 1662 250 1696 vt
265 1659 311 1696 in
326 1657 411 1696 hoc
428 1657 626 1701 Cometa,
644 1656 1044 1704 deprehenduntur.

258 1710 488 1758 Temporis
500 1712 632 1748 etiam
643 1709 862 1757 interlapfi
874 1710 1062 1757 cognitio
1074 1710 1320 1756 requiritur,
1333 1719 1424 1745 non
1436 1707 1576 1745 solum
1587 1709 1633 1745 in
1644 1706 1854 1754 scrupulis

206 1766 370 1812 primis,
386 1763 457 1802 sed
473 1765 518 1801 in
534 1763 632 1811 ipsis
649 1764 794 1810 quinis
809 1762 880 1800 vel
895 1762 1019 1800 denis
1035 1762 1091 1800 ad
1106 1763 1343 1799 minimum
1358 1761 1568 1803 secundis,
1584 1760 1614 1798 11
1630 1761 1735 1808 quid
1752 1762 1855 1798 certi

205 1817 281 1856 tali
292 1816 507 1855 Methodo
518 1816 811 1864 colligendum
821 1817 911 1853 erit.
923 1816 987 1853 Ex
993 1815 1309 1853 Altitudinibus
1319 1820 1467 1852 autem
1477 1813 1724 1858 Stellarum,
1734 1818 1855 1851 tanta

207 1873 254 1908 in
268 1876 465 1918 tempore
481 1869 783 1917 scrupulositas
799 1871 931 1907 6113111
948 1868 1264 1916 exquisitissimo
1277 1867 1564 1905 Instrumento
1577 1867 1769 1905 constare
1781 1878 1853 1904 ne-

208 1926 313 1971 quit;
326 1935 379 1962 eo
392 1923 510 1971 quod
517 1923 783 1961 Altitudines
792 1934 946 1961 earum
955 1933 1047 1960 non
1055 1927 1227 1960 tantum
1234 1923 1457 1959 varientur
1466 1923 1512 1958 in
1521 1919 1739 1968 praefinito
1749 1925 1854 1957 tem-

207 1979 326 2024 poris
337 1976 585 2021 interuallo,
598 1981 814 2024 quantum
821 1975 1076 2022 AEquatoris
1085 1986 1161 2022 per
1171 1974 1473 2012 Meridianum
1482 1974 1552 2011 vel
1562 1973 1856 2011 Horizontem

208 2030 421 2069 transitus.
438 2030 584 2077 Atque
600 2029 697 2067 1186
713 2029 766 2067 (16
782 2030 924 2076 prima
939 2028 1222 2066 Parallaxeos
1238 2029 1566 2065 examinatione
1582 2026 1808 2064 sufficiant.

261 2083 426 2122 Astera
438 2082 587 2128 Ratio,
606 2094 741 2130 quam
757 2082 932 2120 adducit
943 2081 1196 2119 Thaddaeus
1211 2092 1291 2128 pro
1307 2080 1551 2118 diuersitate
1564 2078 1758 2127 aspectus
1771 2080 1855 2117 Co-

208 2142 337 2175 111618
360 2136 472 2175 adeo
495 2136 688 2174 euidenti
711 2135 942 2179 asserenda,
966 2146 1058 2172 non
1079 2136 1239 2178 minus,
1264 2145 1399 2181 quam
1422 2133 1530 2177 haec,
1554 2134 1606 2171 de
1628 2145 1716 2180 qua
1737 2144 1855 2170 nunc

209 2190 412 2234 diximus,
434 2189 489 2228 ab
511 2191 606 2227 eius
626 2191 868 2226 intentione
889 2188 1050 2226 dissona
1067 2187 1133 2225 est.
1155 2187 1270 2225 Dicit
1287 2189 1406 2225 enim
1423 2199 1476 2225 ex
1492 2187 1754 2224 Meridianis
1771 2186 1856 2224 Co-

208 2248 337 2281 metae
354 2242 393 2281 8(
408 2242 587 2290 Aquilae
603 2242 919 2280 Altitudinibus
935 2241 1051 2279 idem
1067 2241 1305 2279 innotuisse.
1327 2241 1384 2278 At
1400 2240 1524 2278 nullo
1540 2245 1736 2287 tempore
1753 2251 1853 2276 noc-

209 2302 352 2340 turno,
370 2307 458 2344 quo
475 2294 743 2344 aspectabilis
759 2300 850 2333 erat
862 2295 1060 2338 Cometa,
1076 2293 1270 2332 tranfiuit
1281 2294 1447 2341 Aquila
1458 2305 1546 2331 vna
1562 2304 1663 2331 cum
1678 2292 1762 2330 hoc
1778 2304 1854 2340 per

210 2349 525 2393 Meridianum,
546 2360 627 2387 nec
646 2348 676 2386 11
696 2348 739 2386 id
760 2348 1001 2396 contigisset,
1023 2348 1123 2385 inde
1140 2347 1381 2385 Parallaxis
1397 2347 1609 2391 Cometae,
1630 2346 1707 2384 nisi
1727 2346 1855 2393 plura

211 2402 522 2441 adhiberentur
538 2403 652 2446 data,
668 2401 758 2440 vlla
769 2404 950 2445 ratione,
962 2400 1032 2438 vel
1043 2400 1300 2438 subtilissime
1312 2412 1404 2438 rem
1415 2398 1615 2438 tractanti
1628 2400 1700 2446 (ne
1712 2400 1854 2437 dicam

211 2456 264 2494 de
280 2456 465 2494 crassiori
481 2455 837 2499 consideratione,
854 2466 943 2502 qua
953 2453 1206 2492 Thaddaeus
1221 2453 1261 2492 se
1278 2453 1374 2492 haec
1390 2453 1737 2492 animaduertisse
1751 2452 1854 2490 fate-

210 2508 296 2557 tur)
312 2508 615 2547 mensurabilis
632 2513 734 2547 erat.

318 2570 351 2596 36
1724 2558 1855 2604 Quod
