2209 3213
407 224 484 261 466
804 220 1274 259 APOLOGETICA
1296 218 1652 258 RESPONSIO

405 330 559 367 deinde
570 328 810 366 distantiam
821 331 1105 373 apparentem
1116 326 1314 364 Cometae
1325 325 1363 363 8(
1372 325 1514 369 stellae,
1525 331 1651 372 atqve
1662 336 1715 362 ex
1724 325 1792 363 his
1802 326 2042 364 Azimutha

405 388 443 419 et
459 388 655 428 tempora
671 391 746 427 per
763 379 1175 417 demonstrationem
1191 379 1397 426 reperisse.
1415 378 1503 416 Hic
1519 384 1811 425 praeterqvam
1827 381 1873 416 in
1889 378 2041 417 Instru-

403 436 558 472 mentis
575 433 670 480 ipfis
687 432 836 476 multa,
855 437 900 469 ut
916 444 1034 470 nunc
1050 432 1196 479 aliqva
1213 443 1265 469 ex
1282 437 1403 479 parte
1420 433 1777 475 commemoravi,
1794 431 2041 475 desiderem,

404 500 455 524 ex
467 487 639 533 Aqvilae
652 485 720 523 vel
733 487 798 533 cuj
805 497 1044 532 uscumqve
1057 485 1235 523 alterius
1246 485 1375 522 stellae
1393 484 1618 522 observata
1634 484 1861 522 altitudine
1878 490 2042 532 tempo-

403 552 499 577 rum
520 544 743 576 momenta
764 550 854 576 non
875 543 964 576 tam
981 538 1155 585 praecise
1172 538 1456 581 innotescunt,
1477 549 1556 585 pro
1573 542 1619 575 ut
1636 539 1680 575 in
1697 537 1779 575 hac
1795 537 2041 585 Pragmatia

403 604 511 639 opus
530 592 594 629 efi.
617 592 661 629 Si
678 593 795 629 enim
811 594 856 629 in
873 592 1095 629 decliviori
1112 591 1339 629 altitudine
1356 591 1399 629 id
1415 590 1502 635 fiat,
1524 589 1793 629 retractionis
1809 590 2042 629 insinuatio

402 645 618 683 obstaculo
636 644 701 688 est,
720 644 779 682 fin
796 644 939 682 altiori
951 646 1078 693 juxta
1089 645 1403 688 Meridianum‚
1420 644 1599 682 tarditas
1615 646 1661 681 in
1676 645 1884 682 varietate
1901 644 2041 682 eleva-

401 700 530 735 tionis
546 709 638 735 rem
654 698 850 745 impedit;
868 709 947 735 nec
965 700 1095 735 etiam
1112 700 1157 735 in
1173 698 1279 735 locis
1296 697 1565 745 intermedijs
1580 696 1678 735 satis
1695 696 1901 744 exqvifita
1917 697 2043 735 datur

401 751 634 798 indagatio,
652 762 751 788 cum
768 751 983 788 revolutio
1000 751 1264 798 AEqvatoris,
1286 762 1363 798 per
1379 761 1511 797 qvam
1527 756 1726 797 tempora
1742 752 1959 794 metimur,
1977 762 2041 788 ce-

400 805 530 841 lerior
550 804 595 841 fit
617 815 748 850 qvam
770 803 1026 841 elevationis
1049 805 1094 842 in
1117 803 1243 841 stellis
1266 804 1477 841 alteratio.
1502 803 1596 841 Nec
1620 805 1751 841 etiam
1772 803 1945 850 Aqvilae
1966 808 2042 841 aut

400 857 531 894 ullius
548 856 725 894 alterius
742 856 870 894 stellae
887 857 1009 895 locus
1025 857 1100 894 tibi
1117 862 1232 895 certo
1250 858 1446 904 cognitus
1463 857 1539 894 esse
1555 858 1707 904 potuit,
1727 868 1827 894 cum
1843 868 1945 894 eum
1962 868 2041 895 nec

398 909 683 957 Alphonfinae
701 915 775 947 aut
793 910 1088 957 Copernianae
1105 910 1203 947 satis
1220 908 1407 948 corredie
1424 909 1649 957 praebeant
1664 909 1843 953 tabulae;
1861 914 1907 947 ut
1923 911 2041 948 enim

399 963 450 1000 de
468 965 633 1000 caeteris
648 974 739 1000 non
754 963 908 1006 dicam,
926 963 1099 1010 Aqvilae
1111 963 1269 1007 lucida,
1287 974 1418 1010 qvam
1430 962 1566 1000 solam
1577 962 1752 1010 allegas,
1769 962 1823 1000 ab
1836 963 2040 1000 emenda-

400 1018 506 1053 tiore
524 1016 758 1063 Copernici
774 1016 1036 1054 restitutione
1053 1015 1195 1054 differt
1211 1018 1256 1054 in
1273 1016 1386 1054 coelo
1403 1016 1547 1063 qvoad
1566 1015 1884 1063 longitudinem
1904 1015 2040 1054 ferme

400 1069 590 1106 decunce
611 1071 743 1107 unius
763 1070 934 1117 gradus,
952 1071 1078 1117 juxta
1094 1069 1415 1117 Alphonfinam
1432 1069 1577 1107 adhuc
1593 1068 1727 1116 duplo
1743 1068 1858 1116 plus;
1881 1070 1926 1106 in
1947 1069 2039 1107 lati-

399 1122 549 1160 tudine
570 1122 798 1169 utrobiqve
821 1122 875 1160 est
895 1122 1098 1161 sextantis
1119 1124 1251 1160 unius
1268 1122 1428 1170 gradus
1445 1121 1646 1160 defectus.
1668 1122 1762 1159 Nec
1780 1124 1912 1160 etiam
1928 1122 2040 1160 Solis

399 1180 555 1219 motus,
573 1177 644 1222 qvi
661 1176 891 1213 necessario
903 1175 958 1213 ad
971 1177 1178 1223 temporis
1190 1175 1415 1223 praecisam
1427 1177 1782 1213 numerationem
1796 1177 2039 1222 reqviritur,

399 1227 609 1266 hactenus
629 1228 720 1266 ullo
742 1229 911 1267 calculo
932 1229 1030 1267 satis
1051 1231 1283 1267 extricatus
1305 1228 1371 1272 est,
1393 1234 1439 1266 ut
1460 1228 1663 1266 restitutio
1685 1228 1887 1266 curriculi
1906 1230 2000 1276 ejus
2017 1240 2040 1266 e

398 1281 596 1328 plurimis
613 1281 999 1326 observationibus,
1021 1282 1261 1330 ijsdemqve
1277 1283 1410 1330 varijs
1428 1282 1615 1329 Organis
1636 1293 1797 1329 magna
1816 1281 2039 1320 sedulitate

398 1333 530 1377 factis,
543 1337 685 1381 primo
697 1335 808 1373 libro
821 1335 912 1381 (ubi
924 1337 959 1373 is
971 1335 1193 1382 prodierit)
1206 1334 1432 1382 patefacta,
1445 1340 1485 1372 te
1497 1334 2039 1382 admonebit.Temporum

397 1390 541 1434 itaqve
562 1387 844 1426 subtilissimas
864 1388 1164 1435 portiunculas
1182 1399 1235 1426 ex
1251 1387 1552 1426 altitudinibus
1570 1388 1788 1426 stellarum
1804 1387 1888 1426 five
1904 1388 2038 1426 medi-

398 1446 497 1478 ante
514 1440 611 1478 loco
628 1440 740 1479 Solis
761 1441 846 1478 five
867 1453 944 1489 per
963 1441 1053 1479 sola
1074 1441 1305 1479 intervalla
1320 1441 1407 1479 fine
1424 1440 1508 1479 hoc
1525 1441 1781 1488 depromere
1802 1442 1960 1489 majori
1976 1443 2038 1479 in-

398 1494 509 1541 diget
533 1493 924 1541 circumspectione‚
951 1500 1044 1532 tum
1070 1496 1201 1532 etiam
1225 1493 1468 1532 difficultati
1491 1500 1618 1541 atqve
1643 1495 1778 1532 errori
1802 1496 1941 1542 magis
1966 1493 2039 1532 ob-

398 1549 581 1584 noxium
598 1547 664 1590 est,
682 1559 813 1594 qvam
830 1559 856 1586 a
872 1559 1093 1595 qvoqvam
1109 1546 1321 1586 hactenus
1338 1547 1691 1586 animadversum
1706 1547 1846 1585 vide0.
1865 1547 1983 1594 Qvin
1999 1552 2039 1585 et

398 1599 739 1638 Azimuthorum
765 1600 970 1648 exqvifita
995 1601 1229 1648 defignatio
1254 1612 1331 1648 per
1355 1600 1460 1639 talia
1485 1611 1582 1647 qvae
1605 1605 1651 1638 tu
1674 1600 1855 1638 adducis
1880 1600 2037 1645 media,

398 1664 489 1690 non
509 1653 753 1691 minoribus
774 1654 1011 1692 involvitur
1028 1653 1318 1702 Labyrinthis‚
1339 1659 1386 1692 ut
1407 1653 1461 1691 ob
1482 1654 1525 1691 id
1545 1655 1706 1691 mirum
1728 1665 1819 1691 non
1839 1653 1897 1698 fit,
1918 1658 1959 1691 te
1979 1655 2039 1692 ita

399 1704 613 1744 fluctuasse
635 1706 672 1744 8(
692 1712 781 1744 tam
803 1707 1087 1745 diversimode
1103 1707 1400 1745 Parallaxium
1418 1706 1790 1745 mensurationem
1807 1707 2039 1745 assecutum

399 1759 486 1801 esse‚
513 1764 640 1806 atqve
665 1760 719 1797 ab
744 1762 868 1798 initio
893 1762 938 1799 in
963 1760 1182 1804 absurdas,
1211 1765 1257 1798 ut
1281 1759 1440 1804 fateris,
1467 1762 1744 1807 operationes
1769 1760 2037 1804 devolutum,

398 1811 542 1858 postea
566 1824 670 1850 vero
696 1813 984 1852 diverfitatem
1008 1814 1131 1851 illam
1152 1814 1176 1851 5
1199 1815 1398 1860 proxime
1422 1815 1614 1860 partium
1638 1813 1915 1857 adinvenisse;
1940 1813 2039 1851 licet

400 1866 516 1902 enim
532 1871 677 1903 motus
693 1868 895 1913 proprius
912 1867 1110 1905 Cometae
1127 1867 1181 1904 ab
1198 1868 1322 1904 initio
1338 1866 1604 1914 majusculus
1620 1865 1759 1909 fuerit,
1783 1871 1931 1904 tamen
1946 1871 2039 1904 tan-

398 1922 465 1955 tus
482 1929 572 1955 non
590 1924 691 1961 erat,
714 1924 760 1956 ut
775 1920 1006 1958 intervallo
1023 1921 1212 1958 duarum
1227 1919 1297 1957 vel
1313 1921 1445 1957 trium
1463 1919 1687 1963 horarum,
1711 1919 1866 1966 qvibus
1882 1919 2039 1957 solum-

398 1971 530 2008 modo
550 1972 661 2009 bene
683 1971 949 2019 aspectabilis
970 1973 1060 2016 fuit,
1082 1973 1324 2010 Parallaxis
1344 1973 1368 2010 5
1388 1974 1579 2020 partium
1599 1972 1772 2020 prorsus
1789 1971 2039 2011 exhaurire—

398 2029 478 2067 tur,
495 2024 606 2061 adeo
622 2030 668 2062 ut
685 2027 986 2072 operationem
1004 2037 1182 2064 omnem
1199 2022 1214 2076 ΙΙ
1230 2027 1276 2063 in
1293 2027 1561 2064 contrarium
1577 2025 1816 2063 deduxerit.

452 2076 710 2115 Memineris
726 2084 874 2116 autem
890 2079 1073 2127 teipsum
1090 2084 1220 2117 antea
1232 2079 1374 2117 dixisse
1388 2078 1621 2117 Cometam
1633 2079 1897 2126 pedetentim
1909 2079 2039 2117 altius

400 2140 421 2166 e
437 2132 559 2167 terris
576 2130 631 2167 ob
646 2134 841 2169 materiae
863 2132 1131 2170 successivam
1153 2134 1501 2170 attenuationem
1521 2131 1558 2169 8(
1576 2131 1879 2180 flagrationem
1899 2131 2038 2170 subla-

398 2187 490 2219 tum
504 2183 591 2225 esse,
604 2184 720 2221 unde
732 2184 919 2231 seqvitur
931 2197 1032 2223 eum
1040 2187 1165 2233 juxta
1177 2187 1341 2232 primas
1353 2187 1645 2232 apparentiaS‚
1658 2185 1833 2232 qvando
1843 2187 2039 2232 operatio

397 2234 474 2271 tibi
490 2246 581 2272 non
596 2235 789 2279 successit,
807 2237 951 2275 adhuc
967 2240 1182 2286 majorem
1199 2238 1403 2276 admifisse
1420 2238 1673 2276 Parallaxin
1689 2249 1821 2285 qvam
1837 2238 1860 2276 5
1876 2249 1968 2285 par.
1986 2249 2039 2276 ex

399 2299 483 2333 qvo
507 2290 619 2325 circa
642 2288 776 2326 finem
799 2295 919 2328 tanta
940 2291 1248 2338 reperiebatur,
1272 2291 1457 2338 ideoqve
1478 2303 1555 2338 per
1574 2293 1818 2329 motionem
1839 2290 2039 2329 Cometae

398 2339 579 2383 infitam,
593 2341 735 2379 adhuc
748 2342 874 2390 longe
884 2346 1030 2381 minus
1040 2344 1369 2391 impediebatur,
1383 2346 1487 2391 qvin
1497 2343 1834 2382 observationi&
1845 2346 2039 2382 numeris

398 2398 574 2439 pateret.
593 2394 650 2431 Ut
667 2400 813 2432 autem
830 2396 1005 2442 ipsemet
1022 2403 1137 2434 certo
1154 2397 1385 2445 cognoscas
1401 2409 1471 2435 me
1488 2397 1571 2435 hac
1587 2399 1633 2435 in
1648 2402 1769 2444 parte
1785 2398 1870 2435 tuis
1885 2396 2037 2435 Instru-

397 2448 555 2483 mentis
567 2451 606 2484 et
619 2447 990 2486 observationibus
1002 2454 1129 2496 atqve
1142 2462 1195 2488 ex
1206 2450 1274 2488 his
1287 2450 1494 2488 derivatae
1507 2450 1725 2488 Parallaxi
1738 2454 1799 2488 tot
1809 2450 2037 2498 graduum,

398 2510 488 2536 non
505 2501 725 2537 immerito
742 2500 949 2545 diffidere,
967 2502 1032 2540 fac
1049 2502 1225 2550 ipsemet
1242 2503 1388 2541 denuo
1404 2503 1649 2550 perieulum
1660 2505 1706 2541 in
1719 2504 1870 2550 qvavis
1887 2502 2038 2541 affixa-

1939 2567 2039 2594 rum

2083 815 2113 840 10

2081 1080 2111 1105 15

2077 1345 2111 1371 20

2076 1611 2110 1636 25

2077 1876 2111 1902 30

2063 2030 2123 2062 34=

2077 2143 2110 2169 35

2075 2408 2109 2433 40
