2209 3213
354 247 403 284 66
846 243 928 280 DE
951 241 1176 280 MUNDI
1197 239 1498 277 AETHEREI

354 353 468 399 quod
487 350 830 398 compendiofior
846 350 1120 387 ratiocinatio
1137 346 1410 384 commodior
1426 344 1509 382 fiet.
1528 345 1677 391 Quare
1694 345 1765 384 hic
1777 346 1814 384 8(
1826 348 1871 384 in
1884 347 1993 395 alijs,

352 417 427 452 per
450 407 625 441 vnicum
647 403 934 450 Triangulum
959 402 1098 443 ΕΑΒ,
1121 400 1164 437 id
1187 399 1305 446 quod
1328 397 1645 445 proposuimus,
1669 398 1839 437 facilius
1859 412 1993 447 quarn

352 464 492 499 antea,
514 456 906 503 peruestigabimus.
932 455 1048 493 Cum
1065 455 1182 491 enim
1199 454 1244 489 in
1259 451 1499 498 Triangulo
1517 451 1656 494 ΕΑΒ,
1679 452 1812 490 Latus
1827 453 1922 497 ΑΒ,
1948 453 1994 491 fit

352 511 582 548 declinatio
607 511 802 547 maxima
826 509 869 546 P.
890 508 952 546 23.
975 508 1037 545 M.
1059 507 1122 549 27,
1149 505 1228 543 ΒΕ
1254 503 1626 551 complementum
1650 504 1890 544 latitudinis
1909 506 1993 545 Co-

350 569 490 605 metae,
514 563 556 600 P.
578 563 639 600 67.
662 562 725 599 M.
747 562 809 603 54.
834 561 871 598 &
892 560 1094 608 Angulus
1116 557 1244 596 ΑΒΕ
1268 557 1414 595 existat
1437 557 1810 605 complementum
1829 559 1993 607 Anguli
2032 575 2047 600 5

351 616 472 653 PBG
496 616 550 653 ad
572 614 914 657 Semicirculum‚
937 625 1069 661 quem
1089 613 1265 649 metitur
1285 610 1483 648 distantia
1503 610 1702 649 Cometae
1723 614 1768 649 in
1787 612 1994 660 Ecliptica

350 681 376 706 a
392 669 578 715 Tropico
604 674 627 708 z
640 698 648 711 ,
665 668 707 705 P.
725 667 804 705 142.
823 668 885 705 M.
903 667 966 710 36,
984 669 1062 704 erit
1078 666 1211 703 Latus
1227 663 1321 707 ΑΕ,
1342 663 1385 700 Ρ.
1403 663 1465 701 87.
1483 664 1546 701 M.
1564 664 1600 707 Ο,
1622 665 1993 712 complementum

350 722 651 758 declinationis
669 721 879 759 Cometae.
901 720 1092 766 Ideoque
1114 729 1214 755 cum
1234 719 1279 754 in
1298 716 1454 754 eodem
1470 716 1709 765 Triangulo
1726 720 1877 756 omnia
1893 730 1993 756 con·

349 774 452 811 stent
468 774 616 816 latera,
633 786 723 811 non
739 774 1008 821 ignorabitur
1024 770 1226 819 Angulus
1243 769 1383 811 ΕΑΒ,
1401 771 1475 816 qui
1491 772 1716 809 inuenitur
1731 771 1773 809 P.
1786 771 1849 809 34.
1862 772 1925 810 M.
1939 772 1992 810 19.

350 827 483 864 Hunc
500 833 646 864 autem
658 827 884 874 Angulum
900 828 1074 864 metitur
1090 825 1224 862 Latus
1240 822 1349 865 HG,
1367 822 1565 861 distantia
1580 824 1780 862 videlicet
1794 824 1992 863 Cometae
2034 840 2064 865 10

349 882 393 917 in
416 880 657 927 AEquatore
678 892 705 918 a
727 880 911 918 Solstitio
935 878 1162 927 Hyberno.
1187 876 1336 922 Quare
1359 875 1561 914 Ascenfio
1585 876 1714 916 Recta
1738 879 1816 916 erit
1838 878 1881 916 P.
1902 878 1991 916 304.

349 933 412 970 M.
434 934 487 977 19,
509 933 827 976 Declinatione,
851 945 904 971 ex
926 931 1247 979 complemento
1270 931 1391 976 prius
1411 929 1525 972 dato,
1547 930 1749 968 existente
1770 931 1812 969 P.
1829 931 1866 969 3.
1888 931 1951 969 M.
1968 931 1993 969 Ο

350 986 534 1024 Boreali.

838 1039 938 1077 DIE
958 1038 1118 1076 XXIX.
1140 1034 1498 1074 NOVEMBRIS.

351 1101 571 1192 SIMILI
588 1103 977 1149 argumentationis
993 1098 1209 1138 Methodo
1225 1096 1295 1140 vfi,
1315 1097 1353 1135 &
1371 1096 1455 1141 hic,
1472 1097 1510 1136 &
1526 1100 1572 1136 in
1587 1098 1865 1146 sequentibus
1881 1099 1990 1147 alijs,
2033 1114 2062 1140 15

445 1156 522 1191 erit
547 1156 592 1191 in
617 1156 744 1192 vnico
769 1154 845 1191 illo
869 1153 1108 1202 Triangulo
1134 1150 1274 1193 ΕΑΒ,
1302 1150 1480 1188 assumta
1505 1154 1696 1199 primum
1721 1152 1991 1200 longitudine

350 1206 559 1250 Cometae,
581 1207 623 1245 P.
642 1207 694 1245 13.
712 1208 774 1245 M.
792 1208 842 1245 45
863 1217 920 1249 m,
943 1219 1042 1245 cum
1062 1204 1289 1244 latitudine
1308 1203 1351 1241 P.
1368 1204 1430 1241 24.
1449 1204 1512 1242 M.
1530 1205 1554 1242 0
1570 1205 1724 1249 Borea,
1746 1205 1879 1243 Latus
1895 1206 1990 1249 AB,

348 1259 390 1296 P.
407 1260 469 1297 23.
492 1260 554 1298 M.
572 1260 634 1301 27.
657 1260 747 1303 BC,
770 1261 812 1298 P.
830 1260 891 1298 66.
914 1261 977 1298 M.
994 1261 1031 1304 Ο,
1052 1257 1254 1306 Angulus
1271 1256 1412 1300 ΑΒΕ,
1433 1257 1475 1295 P.
1493 1258 1573 1296 136.
1591 1258 1654 1296 M.
1672 1259 1725 1302 15,
1747 1258 1880 1297 Latus
1895 1259 1990 1303 AC,

348 1312 390 1349 Ρ.
407 1312 469 1350 83.
487 1313 550 1350 M.
568 1313 629 1356 39,
646 1313 848 1361 Angulus
864 1313 995 1355 ΒΑΕ,
1012 1314 1055 1350 Ρ.
1068 1313 1129 1350 39.
1145 1311 1209 1349 M.
1222 1309 1284 1347 29.
1303 1309 1451 1356 Quare
1469 1310 1718 1350 Declinatio
1735 1312 1881 1356 existit,
1898 1312 1941 1350 P.
1954 1313 1990 1350 6.

348 1365 411 1402 M.
428 1365 481 1409 21,
498 1366 536 1403 8(
552 1365 753 1404 Ascenfio
771 1365 900 1404 Recla
915 1367 958 1404 P.
975 1366 1064 1404 309.
1081 1365 1145 1403 M.
1162 1363 1224 1401 29.
1241 1359 1256 1412 ΙΙ
2028 1380 2062 1405 20

847 1472 948 1510 DIE
969 1472 1108 1511 XXX.
1131 1468 1490 1511 NOVEMBRIS.
2024 1480 2062 1511 71

405 1533 729 1572 ONGITUDO
753 1540 858 1581 part.
881 1535 934 1573 15.
956 1535 1019 1572 M.
1041 1534 1064 1572 3
1090 1544 1132 1572 ω
1157 1536 1296 1578 datur,
1321 1545 1421 1573 cum
1443 1533 1671 1573 latitudine
1692 1533 1735 1571 P.
1756 1533 1819 1571 24.
1841 1533 1904 1571 M.
1926 1533 1989 1578 29,

449 1587 582 1624 Latus
602 1587 697 1629 ΑΒ,
719 1587 761 1625 Ρ.
783 1587 845 1625 23.
867 1587 930 1625 M.
952 1588 1014 1631 27,
1037 1588 1128 1632 BC,
1149 1589 1192 1626 P.
1214 1591 1277 1628 65.
1299 1588 1362 1627 M.
1383 1588 1437 1632 31,
1459 1587 1662 1636 Angulus
1682 1586 1822 1630 ΑΒΕ,
1844 1586 1887 1624 Ρ.
1909 1586 1989 1625 134.

347 1639 409 1677 M.
427 1641 489 1683 57,
511 1640 644 1677 Latus
660 1640 753 1683 AC,
772 1641 814 1678 P.
832 1641 894 1679 82.
913 1641 975 1678 M.
993 1641 1069 1684 513,
1086 1642 1289 1690 Angulus
1306 1640 1436 1685 ΒΑΕ,
1456 1641 1498 1679 Ρ.
1516 1641 1578 1679 40.
1596 1640 1660 1678 M.
1677 1639 1739 1678 28.
1762 1639 1827 1678 Est
1843 1641 1990 1687 itaque

346 1692 593 1730 Declinatio
609 1693 652 1731 P.
669 1694 704 1731 7.
723 1694 786 1731 M.
803 1694 850 1733 82}
866 1694 1020 1738 Borea,
1038 1693 1075 1731 8(
1091 1695 1293 1734 Ascenfio
1311 1693 1440 1733 Recta
1455 1695 1498 1732 P.
1516 1693 1595 1732 310.
1614 1694 1677 1732 M.
1694 1693 1756 1731 28.
2027 1707 2060 1732 25

969 1803 1215 1848 DECEM
1223 1804 1368 1849 BRIS

1087 1872 1188 1910 DIE
1214 1872 1244 1910 I.

432 1931 472 1968 X
488 1930 758 1978 longitudine
770 1932 968 1970 Cometae
984 1934 1167 1972 inuenta
1178 1936 1223 1971 in
1235 1935 1277 1972 P.
1292 1935 1344 1972 16.
1358 1934 1422 1972 M.
1435 1933 1485 1971 22
1501 1943 1559 1977 w,
1578 1932 1615 1970 &
1631 1932 1858 1971 latitudine
1870 1932 1912 1970 P.
1926 1931 1988 1970 24.

450 1984 513 2021 M.
530 1984 592 2026 47,
609 1986 655 2021 in
670 1984 909 2032 Triangulo
926 1985 1065 2029 ΕΑΒ,
1083 1986 1138 2024 est
1154 1987 1287 2025 Latus
1303 1987 1398 2030 ΑΒ,
1415 1987 1458 2024 Ρ.
1475 1987 1538 2024 23.
1556 1986 1619 2024 M.
1634 1986 1684 2024 27
1700 1986 1879 2033 semper,
1896 1984 1988 2028 BC,

346 2036 388 2073 P.
406 2037 467 2074 65.
486 2037 549 2074 M.
567 2037 620 2080 13,
637 2038 839 2085 Angulus
855 2039 995 2082 ΑΒΕ,
1016 2039 1059 2077 Ρ.
1077 2039 1156 2078 133.
1175 2040 1237 2078 M.
1255 2040 1317 2083 38,
1340 2040 1473 2078 Latus
1489 2039 1583 2083 AC,
1604 2040 1647 2077 P.
1664 2039 1727 2077 82.
1745 2039 1808 2076 M.
1826 2039 1878 2081 14,
1898 2039 1988 2076 An·
2026 2051 2060 2076 30

346 2089 472 2136 gulus
488 2089 618 2133 ΒΑΕ,
636 2090 678 2127 Ρ.
691 2091 745 2128 41.
758 2091 821 2128 Μ.
834 2091 887 2128 31.
906 2091 1017 2139 Ergo
1034 2093 1266 2130 declinatio
1279 2093 1477 2131 Cometae
1494 2093 1549 2130 ad
1565 2092 1683 2130 hunc
1700 2092 1815 2130 diem
1831 2093 1989 2139 reperi·

346 2148 426 2185 tur,
446 2142 488 2179 P.
505 2143 541 2180 7.
559 2143 621 2180 M.
638 2143 701 2187 46,
719 2143 1008 2191 Aseenfioque
1026 2147 1119 2183 eius
1136 2145 1265 2184 Recta
1280 2147 1323 2184 P.
1340 2146 1411 2184 311.
1430 2146 1492 2184 M.
1509 2146 1564 2184 31.

893 2249 993 2288 DIE
1013 2250 1066 2288 X.
1089 2251 1440 2290 DECEMBRIS.

397 2309 721 2348 ONGITUDO
743 2312 925 2349 inuenta
946 2312 1000 2349 est
1020 2314 1065 2349 in
1086 2313 1195 2351 Part.
1213 2313 1275 2351 25.
1299 2314 1410 2351 Min.
1426 2314 1477 2352 47
1498 2322 1556 2357 m,
1579 2312 1617 2350 &
1638 2313 1840 2351 Latitudo
1860 2313 1902 2350 P.
1924 2312 1987 2350 26.

449 2362 511 2399 M.
534 2363 585 2400 50
606 2363 758 2401 Borea.
785 2364 975 2411 Ideoque
996 2365 1149 2403 Latere
1170 2366 1252 2404 AB
1275 2366 1489 2409 existente,
1513 2366 1555 2404 P.
1577 2366 1639 2403 23.
1662 2366 1725 2404 M.
1747 2366 1809 2409 27,
1834 2365 1872 2403 8(
1895 2365 1986 2409 ΒΕ,
2025 2377 2058 2402 35

345 2414 388 2452 P.
405 2415 467 2452 63.
490 2415 553 2452 M.
571 2416 623 2458 10,
646 2416 773 2454 ΑΒΕ
789 2418 978 2464 Angulo,
1002 2418 1044 2455 P.
1062 2418 1141 2455 124.
1164 2419 1226 2456 M.
1245 2419 1298 2463 13,
1320 2421 1399 2457 erit
1414 2419 1508 2462 ΑΕ,
1530 2419 1573 2456 Ρ.
1590 2420 1652 2457 77.
1675 2419 1738 2456 Μ.
1755 2419 1817 2462 37,
1840 2419 1878 2457 8(
1897 2419 1987 2456 An-

345 2467 471 2514 gulus
487 2468 618 2511 BAC,
640 2469 682 2506 P.
700 2469 762 2506 49.
780 2470 842 2507 M.
859 2471 896 2507 4.
919 2470 1068 2516 Quare
1085 2471 1334 2510 Declinatio
1356 2474 1433 2510 erit
1454 2472 1496 2509 P.
1515 2472 1567 2509 12.
1586 2472 1648 2509 M.
1665 2472 1715 2509 23
1737 2472 1890 2510 Borea.
1912 2471 1986 2509 ΑΓ·

346 2520 486 2557 cenfio
503 2519 632 2559 Recta
648 2522 690 2559 P.
707 2522 787 2560 319.
806 2522 868 2560 M.
886 2524 921 2560 4.
1887 2577 1987 2615 DIE
