2209 3213
128 820 158 845 lo

127 1086 157 1111 15

105 1346 170 1379 398

122 1620 155 1645 25

124 1887 157 1912 30

124 2155 158 2180 35

126 2421 160 2446 40

513 223 1035 263 RECENTIORIBUS
1056 223 1514 262 PHAENOMENIS
1769 225 1837 263 317

193 332 255 370 35.
267 333 372 369 min.
386 331 439 374 19,
457 330 636 377 quando
652 330 852 369 videlicet
868 330 922 369 ab
939 332 1063 369 initio
1075 330 1220 370 Stellae
1232 330 1522 369 Altitudinem
1538 333 1582 369 in
1599 333 1741 378 prima
1753 331 1838 370 Ob-

193 385 438 422 seruatione
454 383 779 428 adinuenimus,
796 383 930 422 Latus
946 389 1095 422 autem
1112 383 1188 423 CF
1204 383 1448 422 distantiam
1460 384 1658 423 Cometae
1670 397 1696 423 a
1708 384 1839 423 Stella

194 437 417 480 exhibens,
434 436 513 474 fuit
528 441 632 474 tunc
648 438 769 474 iuxta
786 436 1027 475 Scultetum
1043 437 1098 476 G.
1111 438 1174 476 28.
1187 437 1299 480 Mo,
1316 437 1488 480 idcirco,
1506 450 1559 476 ex
1575 440 1688 476 notis
1704 438 1840 476 tribus

194 490 420 529 Lateribus
436 501 527 528 non
543 489 814 537 ignorabitur
829 490 1032 537 Angulus
1048 491 1178 535 CBF,
1195 490 1487 529 differentiam
1498 491 1841 529 Azimuthorum

194 544 281 582 fiue
292 542 566 581 verticalium
578 542 777 581 Cometae
789 542 827 580 &
839 542 984 581 Stellae
1000 545 1046 581 in
1062 547 1205 591 prima
1217 543 1533 582 Obseruatione
1549 545 1840 589 manifestans,

193 597 310 645 grad.
327 597 390 634 20.
407 598 511 634 min.
528 596 591 639 32,
614 607 714 643 quae
735 595 879 634 adhuc
902 596 1041 634 multo
1061 599 1204 635 maior
1225 597 1280 634 est
1301 608 1365 641 ea,
1387 609 1521 644 quam
1538 598 1592 636 ab
1609 600 1733 636 initio
1754 598 1841 636 alia

194 652 363 688 ratione
384 649 709 693 adinuenimus,
731 660 811 687 nec
831 649 1020 687 multum
1041 650 1249 698 discrepat
1265 662 1292 688 3
1307 650 1552 689 differentia
1569 651 1842 690 Azimuthali

194 702 394 741 secundae
420 702 762 745 Obseruationis,
793 713 934 749 eaque
959 703 1192 749 paululum
1216 705 1361 741 minor
1386 704 1545 749 euadit,
1572 716 1672 742 cum
1697 707 1842 752 potius

194 758 337 795 maior
352 756 429 794 esse
445 756 636 799 deberet;
653 755 863 803 fiquidem
880 767 969 802 quo
982 755 1168 795 Cometa
1183 758 1362 805 propior
1378 757 1612 796 Horizonti
1629 757 1771 801 fiebat,
1789 770 1841 796 eo

195 811 333 857 magis
357 809 413 847 ad
437 808 690 847 verticalem
714 820 815 846 eum
840 807 972 847 Stella
997 812 1241 848 vnitionem
1265 810 1509 855 accedebat,
1535 823 1670 858 quam
1694 816 1842 850 tamen

195 867 296 901 ante
316 862 442 901 suum
463 862 677 900 Occasum
698 873 751 900 eo
772 862 841 900 die
863 874 953 900 non
976 863 1285 910 assequebatur.
1311 863 1550 911 Oportebat
1573 867 1691 902 enim
1715 877 1841 912 quar—

194 921 288 954 tum
311 922 358 956 V·
379 915 563 963 gradum
583 920 686 954 tunc
707 915 1001 954 Horizontem
1022 916 1174 961 subire,
1199 917 1385 956 Cometa
1407 918 1497 955 iam
1520 922 1650 956 antea
1671 930 1772 956 cum
1791 918 1843 957 28

194 974 302 1016 part.
325 970 363 1014 )(
385 968 461 1007 sub
482 969 672 1007 eundem
693 968 881 1016 delapso,
902 969 1015 1007 adeo
1035 974 1078 1007 vt
1098 971 1119 1010 ἓ
1138 972 1268 1008 vnius
1286 970 1426 1008 Horae
1447 974 1734 1018 praeterierint
1753 972 1843 1019 post

196 1022 395 1062 Cometae
407 1022 668 1067 descensum,
680 1027 920 1069 antequam
929 1023 1071 1061 Arcus
1080 1024 1135 1062 ab
1145 1035 1197 1062 eo
1209 1036 1286 1071 per
1295 1023 1534 1072 Septimam
1544 1025 1842 1063 Andromedae

195 1073 361 1120 duetus,
382 1075 542 1114 Zenith
562 1077 713 1123 capitis
733 1075 970 1123 respiceret.
993 1076 1083 1123 Qui
1104 1079 1232 1125 igitur
1252 1077 1346 1115 fieri
1364 1080 1514 1125 potuit,
1535 1083 1579 1115 vt
1595 1090 1686 1116 non
1702 1078 1842 1116 folum

194 1141 295 1168 cum
317 1129 400 1167 hac
421 1128 565 1173 Stella,
588 1129 659 1167 sed
682 1130 814 1167 etiam
834 1129 959 1167 fimul
979 1142 1080 1168 cum
1102 1130 1236 1169 Genu
1256 1130 1400 1178 Pegafi
1423 1133 1468 1168 in
1489 1143 1576 1169 vno
1598 1132 1842 1179 eodemque

193 1182 388 1221 verticali
403 1182 532 1230 longe
548 1182 676 1230 supra
687 1182 982 1221 Horizontem
998 1185 1194 1229 extiterit,
1212 1196 1313 1222 cum
1324 1184 1615 1223 Altitudinem
1631 1185 1842 1223 obtineret

193 1238 409 1274 maiorem
429 1235 488 1339 3(ἰΙ
500 1236 717 1284 gradibus,
738 1235 857 1274 velut
873 1236 1050 1275 Sculteti
1067 1237 1330 1276 Dedomena
1350 1239 1714 1276 inconuenienter
1733 1250 1842 1286 prae-

194 1289 455 1337 supponunt.

247 1342 318 1381 Ne
331 1354 436 1380 vero
447 1342 586 1380 vllum
602 1342 876 1390 relinquatur
892 1343 1089 1388 dubium,
1107 1344 1341 1383 Cometam
1357 1357 1449 1383 non
1465 1346 1635 1393 attigisse
1652 1345 1843 1383 eundem

194 1407 295 1435 cum
306 1395 500 1443 Septima
511 1396 811 1434 Andromedae
822 1397 1074 1436 verticalem
1086 1397 1326 1443 Circulum‚
1344 1400 1476 1437 etiam
1491 1403 1585 1436 tum
1599 1410 1697 1437 cum
1711 1399 1843 1437 Hori-

193 1454 369 1488 zontem
381 1449 614 1487 occiduum
625 1449 794 1494 subiret,
807 1449 992 1498 idipsum
1003 1450 1087 1489 hac
1097 1451 1491 1491 Demonstrationis
1501 1452 1717 1490 Methodo
1727 1464 1841 1490 com-

193 1502 379 1551 probare
394 1502 525 1541 lubet.

246 1556 307 1595 Sit
322 1558 368 1594 in
384 1555 566 1603 ascripta
582 1556 889 1600 delineatione.
906 1558 948 1595 A
959 1558 1091 1596 Polus
1102 1558 1370 1606 AEquatoris‚
1387 1561 1511 1597 cuius
1528 1562 1669 1607 portio
1686 1571 1842 1606 reprae-

192 1609 382 1648 lentatur
403 1621 480 1657 per
502 1609 667 1648 lineam
688 1609 833 1654 HKF,
857 1610 899 1648 D
920 1610 965 1649 fit
986 1611 1118 1650 Polus
1140 1612 1398 1651 Horizontis
1420 1613 1597 1651 indicati
1620 1624 1697 1660 per
1717 1612 1843 1651 GCI.

193 1663 254 1702 Sit
270 1668 419 1702 autem
430 1662 563 1701 Stella
578 1663 654 1702 illa
665 1663 911 1702 Androme-

193 1716 274 1761 dae,
300 1717 352 1755 de
378 1728 467 1764 qua
491 1718 662 1764 agimus
687 1718 732 1754 in
755 1717 802 1761 B,
826 1717 911 1755 Co-

192 1775 310 1808 meta
326 1781 432 1808 vero
451 1769 745 1808 Horizontem
764 1770 912 1809 subeat

193 1825 239 1862 in
260 1823 310 1867 C,
330 1823 558 1861 verticales
579 1835 656 1871 per
679 1823 913 1862 Cometam

195 1877 233 1916 ἀ
245 1876 425 1915 Stellam
439 1876 722 1920 transeuntes,
739 1876 817 1914 fint
829 1877 870 1914 D
879 1876 913 1914 E

195 1930 234 1969 &
256 1929 356 1974 DC,
382 1935 540 1968 caetera
564 1941 618 1968 ex
642 1930 732 1977 ipsa
755 1930 914 1978 Figura

194 1983 320 2022 facile
335 1988 496 2031 patent.

247 2037 443 2075 Primum
463 2038 591 2084 igitur
610 2038 656 2074 in
673 2035 913 2084 Triangulo

195 2089 343 2133 ADC,
369 2089 529 2128 dantur
553 2091 705 2128 omnia
728 2091 811 2127 tria
833 2089 913 2128 La-

194 2149 299 2187 tera,
320 2143 412 2181 AD
431 2142 803 2190 complementum
819 2142 913 2180 Ele-

195 2198 387 2235 uationis
402 2196 508 2241 Poli,
525 2196 641 2244 grad.
654 2196 717 2234 39.
732 2198 837 2233 min.
849 2196 913 2240 20,
946 2208 980 2242 ε,
1193 2202 1226 2236 Ε
1258 2199 1324 2234 C·-
1352 2203 1374 2224 0‘
1399 2194 1436 2226 Η
1807 2195 1826 2226 I

195 2249 277 2289 AC
307 2250 679 2297 complementum
709 2249 914 2287 Declina-

195 2305 327 2342 tionis
342 2303 555 2347 Cometae,
577 2303 696 2350 quod
716 2304 839 2340 iuxta
859 2300 1048 2340 nostram
1068 2301 1373 2338 inuentionem
1394 2304 1485 2336 erat
1506 2298 1590 2336 Die
1612 2298 1628 2335 I
1650 2298 1842 2345 Ianuarij

196 2357 239 2395 P.
255 2357 310 2395 71.
326 2358 432 2394 min.
449 2356 485 2401 2,
507 2356 641 2394 Latus
660 2367 766 2393 vero
783 2355 870 2394 DC
892 2355 947 2393 est
968 2354 1190 2401 quadrans
1208 2352 1384 2397 Circuli,
1407 2352 1566 2389 idcirco
1587 2363 1677 2389 non
1698 2351 1845 2389 latebit

197 2409 400 2458 Angulus
419 2409 568 2453 ADC,
591 2409 709 2457 grad.
725 2409 789 2447 59.
805 2411 911 2447 min.
927 2409 964 2452 9,
988 2408 1064 2454 qui
1086 2406 1378 2445 Azimuthum
1401 2405 1599 2443 Cometae
1621 2416 1647 2442 a
1668 2404 1843 2451 Septen-

196 2465 350 2507 trione,
367 2463 546 2510 quando
558 2464 594 2500 is
606 2462 899 2500 Horizontem
915 2460 1098 2509 petebat,
1115 2460 1315 2507 adeoque
1332 2458 1471 2506 ipsum
1482 2458 1734 2496 verticalem
1747 2469 1843 2504 pro-

198 2516 269 2554 dit.
286 2516 464 2565 Insuper
480 2518 612 2554 etiam
623 2515 827 2564 Angulus
839 2514 966 2553 DAC
980 2518 1110 2552 notus
1122 2513 1281 2557 euadit,
1298 2512 1543 2550 distantiam
1554 2523 1581 2549 a
1593 2511 1844 2601 Merictliiabno

1579 2576 1625 2602 m
1640 2575 1716 2612 gra
1748 2576 1761 2601 1
1793 2574 1845 2601 us
