2209 3213
140 803 169 828 10

141 1070 170 1094 15

137 1335 171 1360 20

139 1602 172 1627 25

140 1869 174 1894 30

143 2136 176 2161 35

145 2402 179 2427 40

523 205 1045 245 RECENTIORIBUS
1067 205 1524 244 PHAENOMENIS
1770 204 1846 242 333

205 313 322 360 quod
342 312 685 360 praecauendum
706 312 850 357 fuisset‚
871 312 901 350 fi
920 318 1010 351 tam
1030 312 1204 360 praecise
1221 313 1273 350 de
1291 312 1427 350 Horis
1448 311 1544 358 ipfis
1564 311 1752 348 solicitus
1771 311 1847 348 esse

205 366 357 404 uoluit.

256 418 481 463 TERTIO,
508 418 740 457 Cometam
765 431 865 457 cum
890 421 1081 467 primum
1105 419 1330 466 incepisset,
1355 418 1392 456 &
1415 430 1515 456 cum
1538 417 1693 456 ultimo
1717 417 1847 455 defla-

203 473 361 520 grasset,
387 474 432 509 in
458 472 613 510 eadem
635 483 662 509 a
684 471 784 509 Sole
807 472 922 510 fuisse
945 472 1154 516 distantia,
1181 472 1332 515 censet,
1359 471 1387 509 fi
1412 471 1613 509 uidelicet
1637 482 1848 518 magnum

206 525 434 564 Circulum
450 537 526 573 per
543 525 775 563 Cometam
792 525 829 563 &
846 525 994 563 Solem
1010 523 1256 563 traduc‘tum
1271 527 1626 572 imaginaremur.

259 579 306 617 Id
323 578 441 626 quod
457 578 709 616 nullatenus
726 578 1016 625 Experientiae
1034 578 1274 616 consonum
1291 580 1380 616 erit.
1403 578 1521 616 Nam
1540 578 1637 615 licet
1652 577 1724 615 hic
1740 588 1848 624 prae-

205 632 516 680 supponamus,
536 631 676 679 ipsum
692 631 777 669 Die
794 631 855 669 IX
872 632 1139 669 Nouembris
1156 632 1363 678 incepisse,
1381 636 1472 669 erat
1487 636 1589 668 tune
1606 630 1680 668 Sol
1695 632 1741 667 in
1757 642 1848 678 gra-

206 686 332 724 dibus
347 685 398 723 27
420 691 476 733 m,
499 685 685 723 Cometa
706 696 812 722 uero
833 686 878 722 in
899 685 1092 732 partibus
1108 685 1149 722 21
1172 689 1210 727 »Ἀ
1232 687 1353 722 iuxta
1370 684 1635 731 Eclipticam.
1657 683 1850 721 Distabat

206 741 353 786 itaque
370 750 397 777 a
412 738 525 783 Sole,
546 749 623 786 per
638 739 804 776 Arcum
822 737 986 776 Circuli
1006 740 1166 785 magni,
1188 740 1263 784 qui
1280 738 1498 785 Eclipticae
1519 743 1621 775 tunc
1638 737 1849 774 coincide-

206 793 290 836 bat,
312 792 505 840 partibus
525 793 724 839 proxime
745 791 808 829 24.
830 791 880 828 In
898 791 1053 828 ultimo
1070 802 1177 828 uero
1194 791 1436 828 durationis
1452 790 1539 828 suae
1555 792 1754 834 termino,
1776 792 1850 837 qui

207 846 333 884 nobis
349 847 551 893 apparuit
566 844 711 882 XXVI
727 844 812 882 Die
829 844 1035 891 Ianuarij,
1053 850 1144 882 erat
1160 844 1235 882 Sol
1250 846 1295 881 in
1311 844 1514 891 gradibus
1531 844 1571 882 17
1589 853 1647 887 ω,
1665 843 1851 882 Cometa

207 911 314 937 uero
338 901 383 936 in
405 898 600 946 partibus
622 898 663 936 21
694 900 749 943 )(,
773 909 873 936 cum
896 897 1143 935 Latitudine
1166 897 1282 945 grad.
1305 897 1379 936 29}
1402 897 1555 935 Borea.
1579 898 1721 934 Arcus
1743 908 1850 934 uero

208 952 373 991 Circuli
393 954 540 1000 magni
561 963 637 999 per
657 951 753 989 haec
773 951 862 989 duo
882 951 980 989 loca
999 950 1259 988 transeuntis
1279 950 1577 998 intercipiebat
1597 950 1756 998 gradus
1774 952 1850 987 cir-

208 1008 311 1044 citer
326 1006 376 1044 47
392 1005 576 1052 duplum
596 1004 732 1043 ferme
752 1006 908 1052 prioris
929 1003 1277 1051 intercapedinis,
1299 1015 1399 1050 quae
1420 1003 1694 1051 contingebat
1709 1015 1735 1041 a
1751 1002 1852 1041 Sole

208 1062 254 1097 in
275 1059 520 1103 Cometam,
541 1060 663 1096 iuxta
683 1058 813 1106 ipsius
833 1059 1120 1105 apparitionis
1140 1057 1392 1104 primordia.
1417 1057 1548 1104 Igitur
1569 1068 1623 1094 ne
1644 1056 1739 1094 haec
1761 1058 1852 1103 qui-

208 1113 307 1151 dem
328 1112 505 1150 Sculteti
525 1113 813 1153 ratiocinatio,
835 1122 935 1149 cum
955 1111 1237 1158 Apparentijs
1258 1110 1390 1148 huius
1412 1110 1609 1148 Cometae
1631 1110 1854 1147 conciliari

207 1165 350 1213 potest.
368 1165 422 1203 Vt
439 1170 587 1203 autem
602 1170 724 1203 tanto
740 1164 984 1203 discrimine
996 1175 1023 1202 a
1034 1164 1176 1211 Scopo
1193 1162 1448 1207 deflecteret,
1465 1163 1567 1200 hinc
1584 1162 1854 1200 occasionem

208 1219 372 1263 habuit,
396 1219 515 1266 quod
537 1230 768 1266 perperam
788 1220 834 1255 in
854 1219 1069 1265 principio
1090 1217 1175 1255 Die
1197 1217 1257 1254 IX
1279 1216 1558 1260 Nouembris,
1583 1218 1628 1253 in
1651 1216 1854 1264 gradibus

209 1273 250 1310 14
275 1278 315 1316 z,
337 1284 438 1310 cum
458 1272 706 1310 Latitudine
727 1276 834 1319 part.
851 1271 915 1311 12}
936 1271 1079 1309 Borea
1100 1270 1333 1309 Cometam
1354 1270 1587 1313 collocarit,
1609 1271 1784 1317 integris
1805 1269 1854 1306 23

208 1325 412 1374 gradibus
432 1327 478 1363 in
496 1325 704 1373 Ecliptica
723 1325 831 1363 iusto
851 1324 1144 1371 posteriorem,
1166 1324 1204 1362 &
1225 1324 1452 1366 duodenis,
1474 1334 1562 1370 quo
1579 1323 1634 1360 ad
1649 1322 1855 1360 Latitudi—

208 1391 323 1423 nem,
344 1380 533 1416 nimium
554 1379 760 1422 Boream;
782 1380 827 1415 in
847 1377 935 1415 fine
956 1389 1064 1416 uero
1084 1377 1187 1415 XIII
1209 1377 1293 1414 Die
1315 1377 1521 1424 Ianuarij‚
1546 1388 1634 1423 quo
1656 1387 1755 1413 eum
1778 1375 1854 1414 dis-

208 1433 388 1480 paruisse
413 1431 564 1470 frustra
590 1432 780 1476 credidit,
807 1431 878 1469 etsi
904 1443 992 1478 quo
1015 1431 1071 1469 ad
1095 1431 1390 1469 Latitudinem
1415 1441 1505 1467 non
1531 1429 1642 1467 adeo
1667 1429 1855 1466 multum

208 1485 352 1533 lapsus
363 1485 421 1530 fit,
435 1485 772 1533 Longitudinem
783 1490 932 1523 tamen
943 1484 1080 1522 tribus
1091 1484 1296 1532 gradibus
1308 1483 1571 1527 ulteriorem,
1585 1494 1719 1530 quam
1730 1493 1855 1530 opor-

209 1541 300 1583 tuit,
318 1538 562 1577 reddiderit.

264 1591 514 1640 QVARTO,
538 1594 584 1630 in
605 1591 783 1630 Circulo
804 1591 991 1639 Tropico
1013 1591 1175 1630 Cancri
1197 1590 1451 1638 disparuisse,
1475 1590 1649 1637 illicque
1673 1588 1856 1636 flagrare

211 1645 365 1694 defijsse
383 1645 616 1684 Cometam
632 1647 906 1693 pronunciat.

263 1699 310 1737 Id
335 1711 427 1737 non
451 1699 563 1737 adeo
588 1701 951 1737 inconuenienter
976 1699 1122 1736 asserit.
1154 1697 1286 1744 Quod
1312 1702 1459 1735 autern
1487 1708 1563 1744 per
1588 1696 1857 1734 additionem

210 1752 491 1791 Parallaxeos
502 1752 545 1790 id
556 1752 651 1790 fieri
662 1751 970 1790 tantummodo
981 1752 1157 1799 potuisse
1169 1756 1381 1793 autumat,
1398 1750 1774 1797 superuacaneum
1789 1748 1855 1786 est.

211 1806 436 1854 Siquidem
452 1805 640 1844 Cometa
655 1805 740 1843 Die
757 1805 872 1850 XIII,
894 1817 982 1852 quo
1002 1805 1206 1842 ultimum
1223 1806 1316 1842 eius
1332 1803 1467 1841 finem
1484 1803 1598 1840 fuisse
1615 1808 1748 1850 putat,
1771 1802 1856 1839 De-

212 1859 495 1898 clinationem
511 1871 564 1897 ex
580 1859 710 1906 ipfius
726 1861 922 1897 numeris
938 1858 1103 1901 habuit,
1125 1863 1232 1905 part.
1251 1858 1326 1900 19&
1349 1868 1483 1904 quam
1500 1862 1545 1894 ut
1562 1855 1862 1893 Declinationi

212 1912 431 1960 Eclipticae
452 1915 672 1956 maximae,
695 1924 795 1959 quae
817 1912 872 1950 est
892 1912 1008 1960 grad.
1026 1911 1099 1950 23&
1115 1911 1381 1958 adaequaret,
1403 1922 1479 1957 per
1497 1910 1767 1947 additionem
1783 1909 1860 1946 Pa-

212 1966 431 2004 rallaxeos
447 1966 490 2004 id
507 1968 665 2013 exequi
682 1965 835 2009 uoluit,
853 1977 953 2012 quae
969 1966 993 2002 4
1009 1964 1226 2012 graduum
1243 1963 1534 2002 differentiam
1556 1962 1781 2010 suppleret.
1803 1962 1861 1998 At

213 2031 304 2057 non
320 2018 710 2063 animaduertebat,
728 2019 847 2066 quod
863 2018 960 2056 licet
975 2023 1065 2056 tam
1076 2017 1221 2055 Terris
1233 2019 1507 2065 propinquus
1518 2015 1651 2054 fuisset
1663 2015 1861 2057 Cometa,

213 2078 259 2111 ut
283 2078 451 2110 tantam
476 2072 725 2110 Parallaxin
751 2072 989 2115 insinuarit,
1015 2071 1307 2109 nihilominus
1332 2072 1377 2107 in
1403 2069 1607 2107 uniuersa
1632 2068 1761 2116 ipsius
1787 2079 1862 2115 per

213 2131 384 2164 motum
397 2127 527 2173 primi
538 2125 712 2163 mobilis
724 2124 1106 2168 circumductione,
1124 2125 1279 2162 eadem
1291 2123 1611 2161 Declinationis
1624 2121 1863 2160 Parallaxis

214 2179 376 2226 ubique
392 2179 592 2217 locorum
608 2190 867 2225 permanere
883 2189 1168 2225 nequaquam
1184 2179 1384 2224 potuerit.

267 2232 436 2270 Frustra
457 2234 584 2280 igitur
600 2232 881 2270 Parallaxeos
902 2231 1120 2269 auxilium
1142 2230 1236 2277 (nifi
1256 2232 1387 2268 nimis
1408 2230 1496 2267 lato
1517 2229 1650 2266 modo
1672 2239 1771 2266 eam
1791 2238 1864 2274 ap—

215 2285 376 2333 plicare
397 2285 519 2332 uelit)
542 2285 626 2323 hac
646 2287 692 2322 in
712 2290 833 2332 parte
855 2286 1011 2332 quaerit
1032 2283 1260 2327 Scultetus‚
1284 2294 1384 2321 cum
1405 2285 1549 2330 potius
1570 2282 1656 2319 fine
1678 2281 1772 2323 hac,
1798 2292 1865 2317 res

215 2339 345 2386 ipfius
365 2340 598 2376 intentioni
619 2340 816 2386 apprime
838 2337 1029 2376 consona
1049 2337 1189 2375 fuerit.
1212 2337 1296 2374 Die
1319 2338 1480 2374 etenim
1497 2335 1641 2373 XXVI
1659 2334 1864 2380 Ianuarij,

216 2394 339 2430 iuxta
361 2392 566 2430 ultimum
589 2391 833 2429 durationis
855 2392 1104 2434 terminum,
1128 2390 1281 2428 habuit
1302 2390 1488 2428 Cometa
1511 2388 1864 2426 Declinationem

219 2445 273 2484 ab
284 2445 527 2493 AEquatore
538 2450 646 2492 part.
658 2445 744 2489 235,
756 2444 914 2482 distans
926 2455 953 2482 a
963 2443 1151 2491 Tropico
1163 2443 1311 2481 aestiuo
1323 2442 1598 2480 solummodo
1609 2442 1733 2478 tertia
1744 2445 1864 2486 parte

218 2500 350 2536 unius
361 2499 532 2546 gradus,
549 2510 684 2546 quam
696 2510 772 2546 per
783 2497 1068 2545 quatriduum
1079 2496 1274 2544 sequens,
1287 2495 1527 2543 adimplere
1539 2495 1689 2541 potuit.
1707 2493 1864 2539 Neque

1746 2556 1864 2582 enim
