<?xml version="1.0" encoding="UTF-8"?>
<!DOCTYPE html PUBLIC "-//W3C//DTD XHTML 1.0 Transitional//EN"
    "http://www.w3.org/TR/xhtml1/DTD/xhtml1-transitional.dtd">
<html xmlns="http://www.w3.org/1999/xhtml" xml:lang="en" lang="en">
 <head>
  <title>
</title>
<meta http-equiv="Content-Type" content="text/html;charset=utf-8" />
  <meta name='ocr-system' content='tesseract 3.04.00' />
  <meta name='ocr-capabilities' content='ocr_page ocr_carea ocr_par ocr_line ocrx_word'/>
</head>
<body>
  <div class='ocr_page' id='page_1' title='image "./operaomniaedidit04brahuoft_0458.png"; bbox 0 0 2209 3213; ppageno 0'>
   <div class='ocr_carea' id='block_1_1' title="bbox 396 195 1640 238">
    <p class='ocr_par' dir='ltr' id='par_1_1' title="bbox 396 195 1640 238">
     <span class='ocr_line' id='line_1_1' title="bbox 396 195 1640 238; baseline -0.004 0"><span class='ocrx_word' id='word_1_1' title='bbox 396 202 473 238; x_wconf 83' lang='lat'>440</span> <span class='ocrx_word' id='word_1_2' title='bbox 793 195 1262 235; x_wconf 85' lang='lat' dir='ltr'>APOLOGETICA</span> <span class='ocrx_word' id='word_1_3' title='bbox 1285 196 1640 234; x_wconf 90' lang='lat' dir='ltr'>RESPONSIO</span> 
     </span>
    </p>
   </div>
   <div class='ocr_carea' id='block_1_2' title="bbox 394 301 2123 2571">
    <p class='ocr_par' dir='ltr' id='par_1_2' title="bbox 395 301 2123 774">
     <span class='ocr_line' id='line_1_2' title="bbox 396 301 2034 350; baseline -0.002 -7"><span class='ocrx_word' id='word_1_4' title='bbox 396 306 685 345; x_wconf 83' lang='lat' dir='ltr'>altitudinum,</span> <span class='ocrx_word' id='word_1_5' title='bbox 707 305 848 350; x_wconf 82' lang='lat' dir='ltr'>maJ&#39;or</span> <span class='ocrx_word' id='word_1_6' title='bbox 869 303 1080 340; x_wconf 85' lang='lat' dir='ltr'>dodrante</span> <span class='ocrx_word' id='word_1_7' title='bbox 1102 304 1233 339; x_wconf 92' lang='lat' dir='ltr'>unius</span> <span class='ocrx_word' id='word_1_8' title='bbox 1255 302 1425 349; x_wconf 90' lang='lat' dir='ltr'>gradus,</span> <span class='ocrx_word' id='word_1_9' title='bbox 1447 304 1492 339; x_wconf 90' lang='lat' dir='ltr'>in</span> <span class='ocrx_word' id='word_1_10' title='bbox 1512 301 1701 339; x_wconf 90' lang='lat' dir='ltr'>secundo</span> <span class='ocrx_word' id='word_1_11' title='bbox 1718 302 1879 339; x_wconf 86' lang='lat' dir='ltr'>Bessem</span> <span class='ocrx_word' id='word_1_12' title='bbox 1899 302 2034 340; x_wconf 87' lang='lat' dir='ltr'>ferme</span> 
     </span>
     <span class='ocr_line' id='line_1_3' title="bbox 395 351 2123 405; baseline -0.002 -9"><span class='ocrx_word' id='word_1_13' title='bbox 395 361 630 405; x_wconf 88' lang='lat' dir='ltr'>attingeret,</span> <span class='ocrx_word' id='word_1_14' title='bbox 653 359 696 393; x_wconf 93' lang='lat' dir='ltr'>in</span> <span class='ocrx_word' id='word_1_15' title='bbox 714 358 838 393; x_wconf 90' lang='lat' dir='ltr'>tertio</span> <span class='ocrx_word' id='word_1_16' title='bbox 854 361 1003 392; x_wconf 89' lang='lat' dir='ltr'>autem</span> <span class='ocrx_word' id='word_1_17' title='bbox 1020 355 1057 392; x_wconf 85' lang='lat'>&amp;</span> <span class='ocrx_word' id='word_1_18' title='bbox 1073 355 1192 392; x_wconf 90' lang='lat' dir='ltr'>hunc</span> <span class='ocrx_word' id='word_1_19' title='bbox 1209 351 1222 404; x_wconf 83' lang='grc' dir='ltr'>ΙΙ</span> <span class='ocrx_word' id='word_1_20' title='bbox 1239 354 1445 392; x_wconf 91' lang='lat' dir='ltr'>nonnihil</span> <span class='ocrx_word' id='word_1_21' title='bbox 1461 355 1698 392; x_wconf 84' lang='lat' dir='ltr'>excederet.</span> <span class='ocrx_word' id='word_1_22' title='bbox 1720 355 1808 392; x_wconf 84' lang='lat' dir='ltr'>Hae</span> <span class='ocrx_word' id='word_1_23' title='bbox 1824 367 1929 393; x_wconf 93' lang='lat' dir='ltr'>vero</span> <span class='ocrx_word' id='word_1_24' title='bbox 1945 362 2035 393; x_wconf 88' lang='lat' dir='ltr'>tarn</span> <span class='ocrx_word' id='word_1_25' title='bbox 2063 363 2123 393; x_wconf 86' lang='lat' dir='ltr'>17v</span> 
     </span>
     <span class='ocr_line' id='line_1_4' title="bbox 396 407 2035 455; baseline -0.001 -7"><span class='ocrx_word' id='word_1_26' title='bbox 396 412 615 449; x_wconf 88' lang='lat' dir='ltr'>evidentes</span> <span class='ocrx_word' id='word_1_27' title='bbox 640 409 922 451; x_wconf 83' lang='lat' dir='ltr'>deviationes,</span> <span class='ocrx_word' id='word_1_28' title='bbox 953 419 1038 455; x_wconf 93' lang='lat' dir='ltr'>qvo</span> <span class='ocrx_word' id='word_1_29' title='bbox 1069 419 1159 445; x_wconf 92' lang='lat' dir='ltr'>non</span> <span class='ocrx_word' id='word_1_30' title='bbox 1189 407 1472 445; x_wconf 90' lang='lat' dir='ltr'>instrumento</span> <span class='ocrx_word' id='word_1_31' title='bbox 1496 408 1566 445; x_wconf 95' lang='lat' dir='ltr'>vel</span> <span class='ocrx_word' id='word_1_32' title='bbox 1590 408 1870 455; x_wconf 88' lang='lat' dir='ltr'>lippientibus</span> <span class='ocrx_word' id='word_1_33' title='bbox 1896 409 2035 446; x_wconf 91' lang='lat' dir='ltr'>oculis</span> 
     </span>
     <span class='ocr_line' id='line_1_5' title="bbox 396 460 2035 509; baseline -0.001 -9"><span class='ocrx_word' id='word_1_34' title='bbox 396 466 511 501; x_wconf 89' lang='lat' dir='ltr'>cerni</span> <span class='ocrx_word' id='word_1_35' title='bbox 528 461 712 509; x_wconf 78' lang='lat' dir='ltr'>possent?</span> <span class='ocrx_word' id='word_1_36' title='bbox 730 462 858 507; x_wconf 94' lang='lat' dir='ltr'>Qvod</span> <span class='ocrx_word' id='word_1_37' title='bbox 875 463 1018 508; x_wconf 91' lang='lat' dir='ltr'>itaqve</span> <span class='ocrx_word' id='word_1_38' title='bbox 1035 461 1256 509; x_wconf 83' lang='lat' dir='ltr'>subjungis</span> <span class='ocrx_word' id='word_1_39' title='bbox 1273 460 1601 499; x_wconf 84' lang='lat' dir='ltr'>differentiama</span> <span class='ocrx_word' id='word_1_40' title='bbox 1613 472 1683 498; x_wconf 91' lang='lat' dir='ltr'>me</span> <span class='ocrx_word' id='word_1_41' title='bbox 1700 461 2035 499; x_wconf 87' lang='lat' dir='ltr'>demonstratam</span> 
     </span>
     <span class='ocr_line' id='line_1_6' title="bbox 395 513 2088 562; baseline -0.001 -8"><span class='ocrx_word' id='word_1_42' title='bbox 395 527 598 554; x_wconf 88' lang='lat' dir='ltr'>verarum</span> <span class='ocrx_word' id='word_1_43' title='bbox 621 515 902 552; x_wconf 85' lang='lat' dir='ltr'>altitudinum</span> <span class='ocrx_word' id='word_1_44' title='bbox 925 514 963 552; x_wconf 87' lang='lat'>&amp;</span> <span class='ocrx_word' id='word_1_45' title='bbox 986 514 1175 552; x_wconf 87' lang='lat' dir='ltr'>visarum</span> <span class='ocrx_word' id='word_1_46' title='bbox 1198 516 1243 551; x_wconf 90' lang='lat' dir='ltr'>in</span> <span class='ocrx_word' id='word_1_47' title='bbox 1267 514 1371 552; x_wconf 90' lang='lat' dir='ltr'>orbe</span> <span class='ocrx_word' id='word_1_48' title='bbox 1394 515 1533 552; x_wconf 85' lang='lat' dir='ltr'>Lunae</span> <span class='ocrx_word' id='word_1_49' title='bbox 1559 513 1669 551; x_wconf 89' lang='lat' dir='ltr'>nihil</span> <span class='ocrx_word' id='word_1_50' title='bbox 1694 514 1814 552; x_wconf 91' lang='lat' dir='ltr'>aliud</span> <span class='ocrx_word' id='word_1_51' title='bbox 1839 525 2033 562; x_wconf 83' lang='lat' dir='ltr'>arguere,</span> <span class='ocrx_word' id='word_1_52' title='bbox 2073 528 2088 552; x_wconf 84' lang='lat'>5</span> 
     </span>
     <span class='ocr_line' id='line_1_7' title="bbox 396 565 2036 616; baseline -0.001 -10"><span class='ocrx_word' id='word_1_53' title='bbox 396 581 526 616; x_wconf 92' lang='lat' dir='ltr'>qvam</span> <span class='ocrx_word' id='word_1_54' title='bbox 549 571 593 605; x_wconf 93' lang='lat' dir='ltr'>in</span> <span class='ocrx_word' id='word_1_55' title='bbox 616 568 699 605; x_wconf 92' lang='lat' dir='ltr'>hoc</span> <span class='ocrx_word' id='word_1_56' title='bbox 723 567 900 614; x_wconf 93' lang='lat' dir='ltr'>sepos1to</span> <span class='ocrx_word' id='word_1_57' title='bbox 924 567 1001 605; x_wconf 86' lang='lat' dir='ltr'>fitu</span> <span class='ocrx_word' id='word_1_58' title='bbox 1025 567 1259 605; x_wconf 88' lang='lat' dir='ltr'>Cometam</span> <span class='ocrx_word' id='word_1_59' title='bbox 1281 568 1508 605; x_wconf 87' lang='lat' dir='ltr'>admittere</span> <span class='ocrx_word' id='word_1_60' title='bbox 1531 565 1725 614; x_wconf 67' lang='lat' dir='ltr'>aspectus</span> <span class='ocrx_word' id='word_1_61' title='bbox 1748 567 2036 605; x_wconf 89' lang='lat' dir='ltr'>diverfitatem</span> 
     </span>
     <span class='ocr_line' id='line_1_8' title="bbox 396 619 2036 669; baseline -0.001 -10"><span class='ocrx_word' id='word_1_62' title='bbox 396 624 516 669; x_wconf 91' lang='lat' dir='ltr'>(nam</span> <span class='ocrx_word' id='word_1_63' title='bbox 541 633 625 668; x_wconf 92' lang='lat' dir='ltr'>qvo</span> <span class='ocrx_word' id='word_1_64' title='bbox 648 623 785 668; x_wconf 91' lang='lat' dir='ltr'>magis</span> <span class='ocrx_word' id='word_1_65' title='bbox 808 622 844 658; x_wconf 93' lang='lat' dir='ltr'>is</span> <span class='ocrx_word' id='word_1_66' title='bbox 867 626 1158 665; x_wconf 81' lang='lat' dir='ltr'>removeatur,</span> <span class='ocrx_word' id='word_1_67' title='bbox 1185 620 1412 658; x_wconf 82' lang='lat' dir='ltr'>discrimen</span> <span class='ocrx_word' id='word_1_68' title='bbox 1434 631 1640 658; x_wconf 89' lang='lat' dir='ltr'>verarum</span> <span class='ocrx_word' id='word_1_69' title='bbox 1667 619 1704 657; x_wconf 89' lang='lat'>&amp;</span> <span class='ocrx_word' id='word_1_70' title='bbox 1729 622 2036 667; x_wconf 89' lang='lat' dir='ltr'>apparentium</span> 
     </span>
     <span class='ocr_line' id='line_1_9' title="bbox 395 673 2036 721; baseline -0.001 -9"><span class='ocrx_word' id='word_1_71' title='bbox 395 675 673 713; x_wconf 85' lang='lat' dir='ltr'>altitudinum</span> <span class='ocrx_word' id='word_1_72' title='bbox 690 676 836 711; x_wconf 92' lang='lat' dir='ltr'>minus</span> <span class='ocrx_word' id='word_1_73' title='bbox 854 674 1051 717; x_wconf 89' lang='lat' dir='ltr'>evadere,</span> <span class='ocrx_word' id='word_1_74' title='bbox 1073 674 1212 712; x_wconf 89' lang='lat' dir='ltr'>donec</span> <span class='ocrx_word' id='word_1_75' title='bbox 1229 674 1401 721; x_wconf 91' lang='lat' dir='ltr'>prorsus</span> <span class='ocrx_word' id='word_1_76' title='bbox 1418 673 1661 719; x_wconf 83' lang='lat' dir='ltr'>evanescat)</span> <span class='ocrx_word' id='word_1_77' title='bbox 1678 673 1863 721; x_wconf 90' lang='lat' dir='ltr'>idipsum</span> <span class='ocrx_word' id='word_1_78' title='bbox 1882 673 2036 711; x_wconf 85' lang='lat' dir='ltr'>nostrae</span> 
     </span>
     <span class='ocr_line' id='line_1_10' title="bbox 396 726 2035 774; baseline -0.001 -9"><span class='ocrx_word' id='word_1_79' title='bbox 396 730 625 766; x_wconf 90' lang='lat' dir='ltr'>intentioni</span> <span class='ocrx_word' id='word_1_80' title='bbox 646 739 737 764; x_wconf 92' lang='lat' dir='ltr'>non</span> <span class='ocrx_word' id='word_1_81' title='bbox 758 727 1019 765; x_wconf 87' lang='lat' dir='ltr'>adversatur.</span> <span class='ocrx_word' id='word_1_82' title='bbox 1043 727 1168 764; x_wconf 92' lang='lat' dir='ltr'>Nihil</span> <span class='ocrx_word' id='word_1_83' title='bbox 1189 729 1307 765; x_wconf 92' lang='lat' dir='ltr'>enim</span> <span class='ocrx_word' id='word_1_84' title='bbox 1327 727 1447 765; x_wconf 90' lang='lat' dir='ltr'>aliud</span> <span class='ocrx_word' id='word_1_85' title='bbox 1469 726 1646 774; x_wconf 89' lang='lat' dir='ltr'>ipsemet</span> <span class='ocrx_word' id='word_1_86' title='bbox 1664 726 1885 764; x_wconf 88' lang='lat' dir='ltr'>affirmare</span> <span class='ocrx_word' id='word_1_87' title='bbox 1901 727 2035 771; x_wconf 92' lang='lat' dir='ltr'>volui,</span> 
     </span>
    </p>

    <p class='ocr_par' dir='ltr' id='par_1_3' title="bbox 394 779 2109 1776">
     <span class='ocr_line' id='line_1_11' title="bbox 396 779 2108 828; baseline -0.001 -9"><span class='ocrx_word' id='word_1_88' title='bbox 396 788 434 819; x_wconf 89' lang='lat' dir='ltr'>et</span> <span class='ocrx_word' id='word_1_89' title='bbox 450 793 526 828; x_wconf 92' lang='lat' dir='ltr'>per</span> <span class='ocrx_word' id='word_1_90' title='bbox 542 780 807 827; x_wconf 90' lang='lat' dir='ltr'>conseqvens</span> <span class='ocrx_word' id='word_1_91' title='bbox 824 792 916 818; x_wconf 91' lang='lat' dir='ltr'>rem</span> <span class='ocrx_word' id='word_1_92' title='bbox 933 783 979 817; x_wconf 92' lang='lat' dir='ltr'>in</span> <span class='ocrx_word' id='word_1_93' title='bbox 995 780 1230 818; x_wconf 90' lang='lat' dir='ltr'>absurdum</span> <span class='ocrx_word' id='word_1_94' title='bbox 1247 781 1472 824; x_wconf 89' lang='lat' dir='ltr'>deducere,</span> <span class='ocrx_word' id='word_1_95' title='bbox 1490 780 1697 827; x_wconf 85' lang='lat' dir='ltr'>fiqvidem</span> <span class='ocrx_word' id='word_1_96' title='bbox 1714 779 2036 818; x_wconf 87' lang='lat' dir='ltr'>observationes</span> <span class='ocrx_word' id='word_1_97' title='bbox 2077 792 2108 817; x_wconf 89' lang='lat' dir='ltr'>lo</span> 
     </span>
     <span class='ocr_line' id='line_1_12' title="bbox 395 833 2036 880; baseline -0.001 -9"><span class='ocrx_word' id='word_1_98' title='bbox 395 837 439 871; x_wconf 93' lang='lat' dir='ltr'>in</span> <span class='ocrx_word' id='word_1_99' title='bbox 457 834 642 872; x_wconf 88' lang='lat' dir='ltr'>Cometa</span> <span class='ocrx_word' id='word_1_100' title='bbox 662 834 822 871; x_wconf 80' lang='lat' dir='ltr'>habitae</span> <span class='ocrx_word' id='word_1_101' title='bbox 843 845 934 871; x_wconf 89' lang='lat' dir='ltr'>non</span> <span class='ocrx_word' id='word_1_102' title='bbox 954 834 1210 871; x_wconf 89' lang='lat' dir='ltr'>inducerent</span> <span class='ocrx_word' id='word_1_103' title='bbox 1230 838 1398 871; x_wconf 86' lang='lat' dir='ltr'>tantam</span> <span class='ocrx_word' id='word_1_104' title='bbox 1419 833 1751 880; x_wconf 88' lang='lat' dir='ltr'>discrepantiam</span> <span class='ocrx_word' id='word_1_105' title='bbox 1771 844 1977 871; x_wconf 90' lang='lat' dir='ltr'>verarum</span> <span class='ocrx_word' id='word_1_106' title='bbox 1998 833 2036 870; x_wconf 94' lang='grc'>8(</span> 
     </span>
     <span class='ocr_line' id='line_1_13' title="bbox 394 886 2036 935; baseline -0.001 -10"><span class='ocrx_word' id='word_1_107' title='bbox 394 888 584 925; x_wconf 83' lang='grc' dir='ltr'>ν113111111</span> <span class='ocrx_word' id='word_1_108' title='bbox 600 887 892 931; x_wconf 87' lang='lat' dir='ltr'>altitudinum,</span> <span class='ocrx_word' id='word_1_109' title='bbox 911 892 1119 934; x_wconf 87' lang='lat' dir='ltr'>qvantam</span> <span class='ocrx_word' id='word_1_110' title='bbox 1132 889 1258 935; x_wconf 83' lang='lat' dir='ltr'>juxta</span> <span class='ocrx_word' id='word_1_111' title='bbox 1275 887 1425 924; x_wconf 91' lang='lat' dir='ltr'>orbem</span> <span class='ocrx_word' id='word_1_112' title='bbox 1443 888 1503 931; x_wconf 65' lang='grc' dir='ltr'>ζ(ΞΕ</span> <span class='ocrx_word' id='word_1_113' title='bbox 1520 886 1614 924; x_wconf 85' lang='grc'>11611</span> <span class='ocrx_word' id='word_1_114' title='bbox 1630 886 1789 924; x_wconf 86' lang='lat' dir='ltr'>necesse</span> <span class='ocrx_word' id='word_1_115' title='bbox 1806 886 1926 929; x_wconf 86' lang='lat' dir='ltr'>foret,</span> <span class='ocrx_word' id='word_1_116' title='bbox 1946 889 2036 924; x_wconf 92' lang='lat' dir='ltr'>imo</span> 
     </span>
     <span class='ocr_line' id='line_1_14' title="bbox 395 940 2036 987; baseline -0.001 -9"><span class='ocrx_word' id='word_1_117' title='bbox 395 940 566 987; x_wconf 88' lang='lat' dir='ltr'>prorsus</span> <span class='ocrx_word' id='word_1_118' title='bbox 591 940 772 983; x_wconf 91' lang='lat' dir='ltr'>nullam,</span> <span class='ocrx_word' id='word_1_119' title='bbox 799 941 1029 977; x_wconf 90' lang='lat' dir='ltr'>necessario</span> <span class='ocrx_word' id='word_1_120' title='bbox 1052 940 1167 987; x_wconf 90' lang='lat' dir='ltr'>seqvi</span> <span class='ocrx_word' id='word_1_121' title='bbox 1192 940 1425 978; x_wconf 90' lang='lat' dir='ltr'>Cometam</span> <span class='ocrx_word' id='word_1_122' title='bbox 1448 951 1539 977; x_wconf 94' lang='lat' dir='ltr'>non</span> <span class='ocrx_word' id='word_1_123' title='bbox 1562 940 1673 977; x_wconf 93' lang='lat' dir='ltr'>adeo</span> <span class='ocrx_word' id='word_1_124' title='bbox 1696 941 1890 977; x_wconf 90' lang='lat' dir='ltr'>vicinum</span> <span class='ocrx_word' id='word_1_125' title='bbox 1913 942 2036 977; x_wconf 90' lang='lat' dir='ltr'>terris</span> 
     </span>
     <span class='ocr_line' id='line_1_15' title="bbox 395 992 2036 1040; baseline -0.001 -9"><span class='ocrx_word' id='word_1_126' title='bbox 395 994 521 1036; x_wconf 86' lang='lat' dir='ltr'>fuisse,</span> <span class='ocrx_word' id='word_1_127' title='bbox 539 999 585 1031; x_wconf 89' lang='lat' dir='ltr'>ut</span> <span class='ocrx_word' id='word_1_128' title='bbox 597 994 724 1031; x_wconf 91' lang='lat' dir='ltr'>Luna</span> <span class='ocrx_word' id='word_1_129' title='bbox 735 993 973 1040; x_wconf 89' lang='lat' dir='ltr'>aliqvando</span> <span class='ocrx_word' id='word_1_130' title='bbox 985 992 1080 1030; x_wconf 90' lang='lat' dir='ltr'>fieri</span> <span class='ocrx_word' id='word_1_131' title='bbox 1091 993 1235 1040; x_wconf 85' lang='lat' dir='ltr'>potest,</span> <span class='ocrx_word' id='word_1_132' title='bbox 1253 998 1293 1030; x_wconf 92' lang='lat' dir='ltr'>et</span> <span class='ocrx_word' id='word_1_133' title='bbox 1306 993 1445 1030; x_wconf 91' lang='lat' dir='ltr'>multo</span> <span class='ocrx_word' id='word_1_134' title='bbox 1458 995 1605 1030; x_wconf 90' lang='lat' dir='ltr'>minus</span> <span class='ocrx_word' id='word_1_135' title='bbox 1617 992 1761 1030; x_wconf 91' lang='lat' dir='ltr'>adhuc</span> <span class='ocrx_word' id='word_1_136' title='bbox 1773 994 2036 1040; x_wconf 90' lang='lat' dir='ltr'>propiorem,</span> 
     </span>
     <span class='ocr_line' id='line_1_16' title="bbox 395 1045 2108 1090; baseline -0.001 -6"><span class='ocrx_word' id='word_1_137' title='bbox 395 1047 463 1085; x_wconf 90' lang='lat' dir='ltr'>sed</span> <span class='ocrx_word' id='word_1_138' title='bbox 480 1049 524 1084; x_wconf 92' lang='lat' dir='ltr'>in</span> <span class='ocrx_word' id='word_1_139' title='bbox 541 1052 661 1084; x_wconf 87' lang='lat' dir='ltr'>tanta</span> <span class='ocrx_word' id='word_1_140' title='bbox 677 1048 932 1090; x_wconf 86' lang='lat' dir='ltr'>remotione,</span> <span class='ocrx_word' id='word_1_141' title='bbox 950 1051 996 1084; x_wconf 88' lang='lat' dir='ltr'>ut</span> <span class='ocrx_word' id='word_1_142' title='bbox 1013 1045 1258 1084; x_wconf 86' lang='lat' dir='ltr'>differentia</span> <span class='ocrx_word' id='word_1_143' title='bbox 1272 1057 1479 1084; x_wconf 88' lang='lat' dir='ltr'>verarum</span> <span class='ocrx_word' id='word_1_144' title='bbox 1496 1045 1533 1083; x_wconf 91' lang='grc'>8(</span> <span class='ocrx_word' id='word_1_145' title='bbox 1549 1045 1739 1083; x_wconf 89' lang='lat' dir='ltr'>visarum</span> <span class='ocrx_word' id='word_1_146' title='bbox 1755 1046 2037 1084; x_wconf 90' lang='lat' dir='ltr'>altitudinum</span> <span class='ocrx_word' id='word_1_147' title='bbox 2078 1058 2108 1082; x_wconf 82' lang='lat'>15</span> 
     </span>
     <span class='ocr_line' id='line_1_17' title="bbox 395 1098 2038 1147; baseline -0.001 -10"><span class='ocrx_word' id='word_1_148' title='bbox 395 1100 566 1147; x_wconf 90' lang='lat' dir='ltr'>prorsus</span> <span class='ocrx_word' id='word_1_149' title='bbox 591 1102 636 1137; x_wconf 93' lang='lat' dir='ltr'>in</span> <span class='ocrx_word' id='word_1_150' title='bbox 661 1100 851 1137; x_wconf 90' lang='lat' dir='ltr'>nihilum</span> <span class='ocrx_word' id='word_1_151' title='bbox 876 1099 1024 1143; x_wconf 90' lang='lat' dir='ltr'>abiret,</span> <span class='ocrx_word' id='word_1_152' title='bbox 1051 1100 1166 1147; x_wconf 92' lang='lat' dir='ltr'>qvod</span> <span class='ocrx_word' id='word_1_153' title='bbox 1189 1111 1280 1137; x_wconf 91' lang='lat' dir='ltr'>non</span> <span class='ocrx_word' id='word_1_154' title='bbox 1303 1099 1380 1137; x_wconf 88' lang='lat' dir='ltr'>nifi</span> <span class='ocrx_word' id='word_1_155' title='bbox 1403 1101 1448 1136; x_wconf 92' lang='lat' dir='ltr'>in</span> <span class='ocrx_word' id='word_1_156' title='bbox 1471 1099 1666 1137; x_wconf 87' lang='lat' dir='ltr'>altissimo</span> <span class='ocrx_word' id='word_1_157' title='bbox 1690 1098 1864 1143; x_wconf 79' lang='lat' dir='ltr'>aethere,</span> <span class='ocrx_word' id='word_1_158' title='bbox 1890 1099 2038 1136; x_wconf 91' lang='lat' dir='ltr'>locum</span> 
     </span>
     <span class='ocr_line' id='line_1_18' title="bbox 395 1152 2038 1200; baseline -0.001 -10"><span class='ocrx_word' id='word_1_159' title='bbox 395 1154 568 1196; x_wconf 91' lang='lat' dir='ltr'>habere,</span> <span class='ocrx_word' id='word_1_160' title='bbox 590 1153 723 1200; x_wconf 89' lang='lat' dir='ltr'>hujus</span> <span class='ocrx_word' id='word_1_161' title='bbox 744 1155 847 1190; x_wconf 91' lang='lat' dir='ltr'>artis</span> <span class='ocrx_word' id='word_1_162' title='bbox 867 1155 993 1200; x_wconf 92' lang='lat' dir='ltr'>periti</span> <span class='ocrx_word' id='word_1_163' title='bbox 1013 1164 1092 1199; x_wconf 91' lang='lat' dir='ltr'>pro</span> <span class='ocrx_word' id='word_1_164' title='bbox 1109 1152 1292 1190; x_wconf 86' lang='lat' dir='ltr'>confesso</span> <span class='ocrx_word' id='word_1_165' title='bbox 1313 1152 1487 1190; x_wconf 90' lang='lat' dir='ltr'>habent.</span> <span class='ocrx_word' id='word_1_166' title='bbox 1509 1152 1553 1190; x_wconf 92' lang='lat' dir='ltr'>Si</span> <span class='ocrx_word' id='word_1_167' title='bbox 1570 1154 1697 1200; x_wconf 88' lang='lat' dir='ltr'>igitur</span> <span class='ocrx_word' id='word_1_168' title='bbox 1712 1163 1782 1189; x_wconf 91' lang='lat' dir='ltr'>me</span> <span class='ocrx_word' id='word_1_169' title='bbox 1800 1152 1920 1190; x_wconf 90' lang='lat' dir='ltr'>aliud</span> <span class='ocrx_word' id='word_1_170' title='bbox 1937 1152 2038 1199; x_wconf 89' lang='lat' dir='ltr'>qvid</span> 
     </span>
     <span class='ocr_line' id='line_1_19' title="bbox 395 1204 2037 1253; baseline 0 -10"><span class='ocrx_word' id='word_1_171' title='bbox 395 1207 539 1244; x_wconf 91' lang='lat' dir='ltr'>moliri</span> <span class='ocrx_word' id='word_1_172' title='bbox 556 1206 783 1249; x_wconf 86' lang='lat' dir='ltr'>existimas,</span> <span class='ocrx_word' id='word_1_173' title='bbox 800 1218 826 1244; x_wconf 93' lang='lat' dir='ltr'>a</span> <span class='ocrx_word' id='word_1_174' title='bbox 842 1206 984 1244; x_wconf 89' lang='lat' dir='ltr'>nostra</span> <span class='ocrx_word' id='word_1_175' title='bbox 1000 1206 1210 1244; x_wconf 91' lang='lat' dir='ltr'>sententia</span> <span class='ocrx_word' id='word_1_176' title='bbox 1222 1212 1267 1244; x_wconf 91' lang='lat' dir='ltr'>ut</span> <span class='ocrx_word' id='word_1_177' title='bbox 1279 1217 1370 1243; x_wconf 91' lang='lat' dir='ltr'>non</span> <span class='ocrx_word' id='word_1_178' title='bbox 1381 1208 1571 1252; x_wconf 87' lang='lat' dir='ltr'>penitius</span> <span class='ocrx_word' id='word_1_179' title='bbox 1583 1204 1801 1253; x_wconf 64' lang='lat' dir='ltr'>perspecta</span> <span class='ocrx_word' id='word_1_180' title='bbox 1813 1204 2037 1244; x_wconf 70' lang='lat' dir='ltr'>defleaere</span> 
     </span>
     <span class='ocr_line' id='line_1_20' title="bbox 394 1258 2037 1306; baseline -0.001 -9"><span class='ocrx_word' id='word_1_181' title='bbox 394 1260 564 1297; x_wconf 89' lang='lat' dir='ltr'>videris.</span> <span class='ocrx_word' id='word_1_182' title='bbox 578 1259 765 1297; x_wconf 92' lang='lat' dir='ltr'>Nullum</span> <span class='ocrx_word' id='word_1_183' title='bbox 776 1261 920 1306; x_wconf 90' lang='lat' dir='ltr'>itaqve</span> <span class='ocrx_word' id='word_1_184' title='bbox 934 1259 988 1297; x_wconf 82' lang='lat' dir='ltr'>est</span> <span class='ocrx_word' id='word_1_185' title='bbox 1000 1259 1183 1297; x_wconf 90' lang='lat' dir='ltr'>dubium</span> <span class='ocrx_word' id='word_1_186' title='bbox 1196 1264 1236 1297; x_wconf 92' lang='lat' dir='ltr'>et</span> <span class='ocrx_word' id='word_1_187' title='bbox 1247 1259 1362 1297; x_wconf 92' lang='lat' dir='ltr'>hanc</span> <span class='ocrx_word' id='word_1_188' title='bbox 1374 1264 1573 1306; x_wconf 91' lang='lat' dir='ltr'>qvartam</span> <span class='ocrx_word' id='word_1_189' title='bbox 1585 1258 1773 1296; x_wconf 90' lang='lat' dir='ltr'>nostram</span> <span class='ocrx_word' id='word_1_190' title='bbox 1783 1259 2037 1306; x_wconf 90' lang='lat' dir='ltr'>comproba-</span> 
     </span>
     <span class='ocr_line' id='line_1_21' title="bbox 395 1311 2109 1359; baseline -0.001 -9"><span class='ocrx_word' id='word_1_191' title='bbox 395 1315 559 1351; x_wconf 91' lang='lat' dir='ltr'>tionem</span> <span class='ocrx_word' id='word_1_192' title='bbox 581 1313 835 1350; x_wconf 89' lang='lat' dir='ltr'>omnimode</span> <span class='ocrx_word' id='word_1_193' title='bbox 856 1311 968 1350; x_wconf 73' lang='lat' dir='ltr'>recte</span> <span class='ocrx_word' id='word_1_194' title='bbox 990 1312 1030 1350; x_wconf 89' lang='lat' dir='ltr'>se</span> <span class='ocrx_word' id='word_1_195' title='bbox 1051 1312 1226 1355; x_wconf 90' lang='lat' dir='ltr'>habere,</span> <span class='ocrx_word' id='word_1_196' title='bbox 1249 1318 1288 1350; x_wconf 91' lang='lat' dir='ltr'>et</span> <span class='ocrx_word' id='word_1_197' title='bbox 1309 1318 1460 1350; x_wconf 90' lang='lat' dir='ltr'>contra</span> <span class='ocrx_word' id='word_1_198' title='bbox 1480 1317 1577 1350; x_wconf 87' lang='lat' dir='ltr'>tuas</span> <span class='ocrx_word' id='word_1_199' title='bbox 1598 1313 1948 1359; x_wconf 89' lang='lat' dir='ltr'>oppugnationes</span> <span class='ocrx_word' id='word_1_200' title='bbox 1964 1311 2037 1349; x_wconf 92' lang='lat' dir='ltr'>ad·</span> <span class='ocrx_word' id='word_1_201' title='bbox 2076 1323 2109 1348; x_wconf 90' lang='lat'>20</span> 
     </span>
     <span class='ocr_line' id='line_1_22' title="bbox 395 1365 2038 1414; baseline -0.001 -11"><span class='ocrx_word' id='word_1_202' title='bbox 395 1366 479 1403; x_wconf 89' lang='lat' dir='ltr'>huc</span> <span class='ocrx_word' id='word_1_203' title='bbox 494 1368 706 1414; x_wconf 88' lang='lat' dir='ltr'>integram</span> <span class='ocrx_word' id='word_1_204' title='bbox 719 1366 952 1404; x_wconf 81' lang='lat' dir='ltr'>consistere.</span> <span class='ocrx_word' id='word_1_205' title='bbox 970 1366 1053 1403; x_wconf 91' lang='lat' dir='ltr'>Sed</span> <span class='ocrx_word' id='word_1_206' title='bbox 1066 1372 1105 1403; x_wconf 92' lang='lat' dir='ltr'>et</span> <span class='ocrx_word' id='word_1_207' title='bbox 1118 1366 1324 1412; x_wconf 85' lang='lat' dir='ltr'>qviddam</span> <span class='ocrx_word' id='word_1_208' title='bbox 1336 1365 1466 1403; x_wconf 89' lang='lat' dir='ltr'>habet</span> <span class='ocrx_word' id='word_1_209' title='bbox 1477 1365 1710 1412; x_wconf 84' lang='lat' dir='ltr'>peculiare,</span> <span class='ocrx_word' id='word_1_210' title='bbox 1728 1377 1813 1412; x_wconf 94' lang='lat' dir='ltr'>qvo</span> <span class='ocrx_word' id='word_1_211' title='bbox 1828 1365 2038 1402; x_wconf 90' lang='lat' dir='ltr'>certitudo</span> 
     </span>
     <span class='ocr_line' id='line_1_23' title="bbox 396 1418 2038 1466; baseline 0 -10"><span class='ocrx_word' id='word_1_212' title='bbox 396 1419 592 1466; x_wconf 87' lang='lat' dir='ltr'>inqvifita</span> <span class='ocrx_word' id='word_1_213' title='bbox 608 1421 746 1466; x_wconf 90' lang='lat' dir='ltr'>magis</span> <span class='ocrx_word' id='word_1_214' title='bbox 762 1419 1058 1457; x_wconf 91' lang='lat' dir='ltr'>indubitanter</span> <span class='ocrx_word' id='word_1_215' title='bbox 1075 1418 1376 1462; x_wconf 77' lang='lat' dir='ltr'>confirmatur:</span> <span class='ocrx_word' id='word_1_216' title='bbox 1393 1430 1498 1456; x_wconf 93' lang='lat' dir='ltr'>nam</span> <span class='ocrx_word' id='word_1_217' title='bbox 1513 1424 1804 1465; x_wconf 86' lang='lat' dir='ltr'>praeterqvam</span> <span class='ocrx_word' id='word_1_218' title='bbox 1817 1418 1931 1465; x_wconf 89' lang='lat' dir='ltr'>qvod</span> <span class='ocrx_word' id='word_1_219' title='bbox 1943 1429 2038 1456; x_wconf 88' lang='lat' dir='ltr'>mu—</span> 
     </span>
     <span class='ocr_line' id='line_1_24' title="bbox 394 1471 2038 1519; baseline -0.001 -9"><span class='ocrx_word' id='word_1_220' title='bbox 394 1475 557 1510; x_wconf 88' lang='lat' dir='ltr'>tatione</span> <span class='ocrx_word' id='word_1_221' title='bbox 568 1472 872 1510; x_wconf 89' lang='lat' dir='ltr'>declinationis</span> <span class='ocrx_word' id='word_1_222' title='bbox 880 1478 1051 1510; x_wconf 89' lang='lat' dir='ltr'>motum</span> <span class='ocrx_word' id='word_1_223' title='bbox 1062 1472 1259 1510; x_wconf 85' lang='lat' dir='ltr'>Cometae</span> <span class='ocrx_word' id='word_1_224' title='bbox 1272 1474 1499 1519; x_wconf 89' lang='lat' dir='ltr'>proprium</span> <span class='ocrx_word' id='word_1_225' title='bbox 1510 1471 1817 1518; x_wconf 91' lang='lat' dir='ltr'>recompenset,</span> <span class='ocrx_word' id='word_1_226' title='bbox 1830 1473 2038 1519; x_wconf 90' lang='lat' dir='ltr'>temporis</span> 
     </span>
     <span class='ocr_line' id='line_1_25' title="bbox 396 1524 2037 1573; baseline -0.001 -10"><span class='ocrx_word' id='word_1_227' title='bbox 396 1528 527 1563; x_wconf 91' lang='lat' dir='ltr'>etiam</span> <span class='ocrx_word' id='word_1_228' title='bbox 543 1524 753 1573; x_wconf 71' lang='lat' dir='ltr'>interjecti</span> <span class='ocrx_word' id='word_1_229' title='bbox 769 1537 859 1563; x_wconf 93' lang='lat' dir='ltr'>non</span> <span class='ocrx_word' id='word_1_230' title='bbox 876 1526 988 1563; x_wconf 91' lang='lat' dir='ltr'>adeo</span> <span class='ocrx_word' id='word_1_231' title='bbox 1004 1525 1229 1572; x_wconf 80' lang='lat' dir='ltr'>praecisam</span> <span class='ocrx_word' id='word_1_232' title='bbox 1245 1525 1428 1572; x_wconf 82' lang='lat' dir='ltr'>postulat</span> <span class='ocrx_word' id='word_1_233' title='bbox 1445 1527 1751 1572; x_wconf 87' lang='lat' dir='ltr'>cognitionem,</span> <span class='ocrx_word' id='word_1_234' title='bbox 1773 1526 1897 1572; x_wconf 74' lang='lat' dir='ltr'>quus</span> <span class='ocrx_word' id='word_1_235' title='bbox 1915 1524 2037 1569; x_wconf 90' lang='lat' dir='ltr'>alias,</span> 
     </span>
     <span class='ocr_line' id='line_1_26' title="bbox 395 1577 2109 1626; baseline -0.001 -10"><span class='ocrx_word' id='word_1_236' title='bbox 395 1579 469 1616; x_wconf 92' lang='lat' dir='ltr'>ubi</span> <span class='ocrx_word' id='word_1_237' title='bbox 484 1581 677 1616; x_wconf 89' lang='lat' dir='ltr'>minimis</span> <span class='ocrx_word' id='word_1_238' title='bbox 694 1590 804 1626; x_wconf 89' lang='lat' dir='ltr'>opus</span> <span class='ocrx_word' id='word_1_239' title='bbox 821 1579 1055 1626; x_wconf 90' lang='lat' dir='ltr'>particulis,</span> <span class='ocrx_word' id='word_1_240' title='bbox 1077 1579 1244 1616; x_wconf 89' lang='lat' dir='ltr'>lubrica</span> <span class='ocrx_word' id='word_1_241' title='bbox 1265 1578 1319 1616; x_wconf 90' lang='lat' dir='ltr'>est</span> <span class='ocrx_word' id='word_1_242' title='bbox 1340 1578 1575 1622; x_wconf 86' lang='lat' dir='ltr'>denotatio,</span> <span class='ocrx_word' id='word_1_243' title='bbox 1597 1578 1675 1615; x_wconf 89' lang='lat' dir='ltr'>nifi</span> <span class='ocrx_word' id='word_1_244' title='bbox 1694 1577 1978 1616; x_wconf 86' lang='lat' dir='ltr'>instrumenta</span> <span class='ocrx_word' id='word_1_245' title='bbox 1998 1583 2038 1615; x_wconf 91' lang='lat' dir='ltr'>et</span> <span class='ocrx_word' id='word_1_246' title='bbox 2076 1589 2109 1614; x_wconf 87' lang='lat'>25</span> 
     </span>
     <span class='ocr_line' id='line_1_27' title="bbox 394 1631 2037 1679; baseline 0 -11"><span class='ocrx_word' id='word_1_247' title='bbox 394 1632 541 1670; x_wconf 90' lang='lat' dir='ltr'>media</span> <span class='ocrx_word' id='word_1_248' title='bbox 561 1632 615 1670; x_wconf 89' lang='lat' dir='ltr'>ad</span> <span class='ocrx_word' id='word_1_249' title='bbox 636 1644 796 1670; x_wconf 90' lang='lat' dir='ltr'>manus</span> <span class='ocrx_word' id='word_1_250' title='bbox 816 1632 894 1669; x_wconf 86' lang='lat' dir='ltr'>sint</span> <span class='ocrx_word' id='word_1_251' title='bbox 914 1632 1016 1670; x_wconf 92' lang='lat' dir='ltr'>huic</span> <span class='ocrx_word' id='word_1_252' title='bbox 1038 1634 1213 1679; x_wconf 89' lang='lat' dir='ltr'>negotio</span> <span class='ocrx_word' id='word_1_253' title='bbox 1236 1631 1554 1679; x_wconf 79' lang='lat' dir='ltr'>particulariter</span> <span class='ocrx_word' id='word_1_254' title='bbox 1577 1631 1876 1675; x_wconf 90' lang='lat' dir='ltr'>accommoda,</span> <span class='ocrx_word' id='word_1_255' title='bbox 1900 1642 2037 1678; x_wconf 91' lang='lat' dir='ltr'>eaqve</span> 
     </span>
     <span class='ocr_line' id='line_1_28' title="bbox 396 1684 2037 1733; baseline -0.001 -10"><span class='ocrx_word' id='word_1_256' title='bbox 396 1687 516 1722; x_wconf 90' lang='lat' dir='ltr'>omni</span> <span class='ocrx_word' id='word_1_257' title='bbox 538 1697 682 1723; x_wconf 89' lang='lat' dir='ltr'>errore</span> <span class='ocrx_word' id='word_1_258' title='bbox 700 1691 866 1729; x_wconf 89' lang='lat' dir='ltr'>vacent,</span> <span class='ocrx_word' id='word_1_259' title='bbox 887 1685 1006 1723; x_wconf 92' lang='lat' dir='ltr'>velut</span> <span class='ocrx_word' id='word_1_260' title='bbox 1022 1685 1218 1733; x_wconf 90' lang='lat' dir='ltr'>superius</span> <span class='ocrx_word' id='word_1_261' title='bbox 1235 1687 1366 1722; x_wconf 92' lang='lat' dir='ltr'>etiam</span> <span class='ocrx_word' id='word_1_262' title='bbox 1383 1685 1531 1732; x_wconf 86' lang='lat' dir='ltr'>aliqva</span> <span class='ocrx_word' id='word_1_263' title='bbox 1551 1696 1605 1722; x_wconf 88' lang='lat' dir='ltr'>ex</span> <span class='ocrx_word' id='word_1_264' title='bbox 1624 1690 1745 1732; x_wconf 89' lang='lat' dir='ltr'>parte</span> <span class='ocrx_word' id='word_1_265' title='bbox 1766 1686 1932 1722; x_wconf 91' lang='lat' dir='ltr'>monui.</span> <span class='ocrx_word' id='word_1_266' title='bbox 1954 1684 2037 1722; x_wconf 87' lang='lat' dir='ltr'>Sed</span> 
     </span>
     <span class='ocr_line' id='line_1_29' title="bbox 397 1738 885 1776; baseline 0 0"><span class='ocrx_word' id='word_1_267' title='bbox 397 1738 491 1776; x_wconf 83' lang='lat' dir='ltr'>haec</span> <span class='ocrx_word' id='word_1_268' title='bbox 508 1739 560 1776; x_wconf 93' lang='lat' dir='ltr'>de</span> <span class='ocrx_word' id='word_1_269' title='bbox 577 1738 644 1776; x_wconf 92' lang='lat' dir='ltr'>his</span> <span class='ocrx_word' id='word_1_270' title='bbox 660 1738 885 1776; x_wconf 88' lang='lat' dir='ltr'>sufficiant.</span> 
     </span>
    </p>

    <p class='ocr_par' dir='ltr' id='par_1_4' title="bbox 395 1791 2123 2529">
     <span class='ocr_line' id='line_1_30' title="bbox 448 1791 2094 1839; baseline -0.002 -10"><span class='ocrx_word' id='word_1_271' title='bbox 448 1791 643 1829; x_wconf 90' lang='lat' dir='ltr'>Demum</span> <span class='ocrx_word' id='word_1_272' title='bbox 673 1803 737 1835; x_wconf 87' lang='lat' dir='ltr'>ea,</span> <span class='ocrx_word' id='word_1_273' title='bbox 767 1803 864 1839; x_wconf 87' lang='lat' dir='ltr'>qvae</span> <span class='ocrx_word' id='word_1_274' title='bbox 893 1791 1132 1829; x_wconf 90' lang='lat' dir='ltr'>secundum</span> <span class='ocrx_word' id='word_1_275' title='bbox 1158 1791 1631 1829; x_wconf 81' lang='lat' dir='ltr'><strong>REGIOMONTANI</strong></span> <span class='ocrx_word' id='word_1_276' title='bbox 1660 1793 1961 1828; x_wconf 86' lang='lat' dir='ltr'>inventionem</span> <span class='ocrx_word' id='word_1_277' title='bbox 1992 1792 2037 1827; x_wconf 93' lang='lat' dir='ltr'>in</span> <span class='ocrx_word' id='word_1_278' title='bbox 2075 1793 2094 1824; x_wconf 75' lang='lat'>†</span> 
     </span>
     <span class='ocr_line' id='line_1_31' title="bbox 395 1843 2109 1892; baseline -0.001 -10"><span class='ocrx_word' id='word_1_279' title='bbox 395 1845 592 1882; x_wconf 87' lang='lat' dir='ltr'>Cometae</span> <span class='ocrx_word' id='word_1_280' title='bbox 609 1845 827 1882; x_wconf 87' lang='lat' dir='ltr'>Parallaxi</span> <span class='ocrx_word' id='word_1_281' title='bbox 843 1845 1168 1892; x_wconf 89' lang='lat' dir='ltr'>pervestiganda</span> <span class='ocrx_word' id='word_1_282' title='bbox 1185 1844 1368 1882; x_wconf 89' lang='lat' dir='ltr'>fideliter</span> <span class='ocrx_word' id='word_1_283' title='bbox 1383 1844 1600 1892; x_wconf 87' lang='lat' dir='ltr'>proposui,</span> <span class='ocrx_word' id='word_1_284' title='bbox 1619 1850 1855 1882; x_wconf 88' lang='lat' dir='ltr'>extenuare</span> <span class='ocrx_word' id='word_1_285' title='bbox 1869 1843 2038 1881; x_wconf 88' lang='lat' dir='ltr'>&amp;irrita</span> <span class='ocrx_word' id='word_1_286' title='bbox 2076 1855 2109 1880; x_wconf 85' lang='lat'>30</span> 
     </span>
     <span class='ocr_line' id='line_1_32' title="bbox 395 1896 2038 1945; baseline 0 -11"><span class='ocrx_word' id='word_1_287' title='bbox 395 1898 573 1935; x_wconf 90' lang='lat' dir='ltr'>reddere</span> <span class='ocrx_word' id='word_1_288' title='bbox 590 1909 680 1935; x_wconf 93' lang='lat' dir='ltr'>non</span> <span class='ocrx_word' id='word_1_289' title='bbox 697 1898 955 1945; x_wconf 89' lang='lat' dir='ltr'>supersedes‚</span> <span class='ocrx_word' id='word_1_290' title='bbox 978 1904 1017 1935; x_wconf 92' lang='lat' dir='ltr'>et</span> <span class='ocrx_word' id='word_1_291' title='bbox 1038 1910 1093 1935; x_wconf 92' lang='lat' dir='ltr'>ne</span> <span class='ocrx_word' id='word_1_292' title='bbox 1115 1898 1231 1935; x_wconf 91' lang='lat' dir='ltr'>ullus</span> <span class='ocrx_word' id='word_1_293' title='bbox 1250 1898 1489 1935; x_wconf 89' lang='lat' dir='ltr'>dissentioni</span> <span class='ocrx_word' id='word_1_294' title='bbox 1506 1897 1628 1935; x_wconf 90' lang='lat' dir='ltr'>locus</span> <span class='ocrx_word' id='word_1_295' title='bbox 1645 1898 1806 1939; x_wconf 84' lang='lat' dir='ltr'>deesset‚</span> <span class='ocrx_word' id='word_1_296' title='bbox 1828 1898 1892 1935; x_wconf 91' lang='lat' dir='ltr'>ais</span> <span class='ocrx_word' id='word_1_297' title='bbox 1908 1896 2038 1943; x_wconf 83' lang='lat' dir='ltr'>ipfius</span> 
     </span>
     <span class='ocr_line' id='line_1_33' title="bbox 395 1950 2037 1997; baseline 0 -10"><span class='ocrx_word' id='word_1_298' title='bbox 395 1951 806 1988; x_wconf 88' lang='lat' dir='ltr'>demonstrationem</span> <span class='ocrx_word' id='word_1_299' title='bbox 816 1951 913 1989; x_wconf 90' lang='lat' dir='ltr'>satis</span> <span class='ocrx_word' id='word_1_300' title='bbox 923 1951 1257 1989; x_wconf 90' lang='lat' dir='ltr'>accommodam</span> <span class='ocrx_word' id='word_1_301' title='bbox 1268 1951 1343 1988; x_wconf 86' lang='lat' dir='ltr'>esse</span> <span class='ocrx_word' id='word_1_302' title='bbox 1354 1951 1655 1988; x_wconf 86' lang='lat' dir='ltr'>Phaenomeno</span> <span class='ocrx_word' id='word_1_303' title='bbox 1666 1950 1892 1994; x_wconf 87' lang='lat' dir='ltr'>immobili,</span> <span class='ocrx_word' id='word_1_304' title='bbox 1904 1961 2037 1997; x_wconf 89' lang='lat' dir='ltr'>qvan—</span> 
     </span>
     <span class='ocr_line' id='line_1_34' title="bbox 395 2004 2038 2051; baseline 0 -11"><span class='ocrx_word' id='word_1_305' title='bbox 395 2006 555 2041; x_wconf 90' lang='lat' dir='ltr'>tumvis</span> <span class='ocrx_word' id='word_1_306' title='bbox 577 2004 780 2048; x_wconf 89' lang='lat' dir='ltr'>elevetur,</span> <span class='ocrx_word' id='word_1_307' title='bbox 801 2004 935 2042; x_wconf 92' lang='lat' dir='ltr'>modo</span> <span class='ocrx_word' id='word_1_308' title='bbox 956 2004 1104 2051; x_wconf 90' lang='lat' dir='ltr'>aliqva</span> <span class='ocrx_word' id='word_1_309' title='bbox 1124 2004 1229 2042; x_wconf 84' lang='lat' dir='ltr'>adsit</span> <span class='ocrx_word' id='word_1_310' title='bbox 1248 2004 1501 2047; x_wconf 85' lang='lat' dir='ltr'>Parallaxis,</span> <span class='ocrx_word' id='word_1_311' title='bbox 1524 2006 1648 2041; x_wconf 91' lang='lat' dir='ltr'>cuius</span> <span class='ocrx_word' id='word_1_312' title='bbox 1670 2015 1749 2051; x_wconf 90' lang='lat' dir='ltr'>ego</span> <span class='ocrx_word' id='word_1_313' title='bbox 1771 2005 2038 2041; x_wconf 91' lang='lat' dir='ltr'>contrarium</span> 
     </span>
     <span class='ocr_line' id='line_1_35' title="bbox 396 2056 2038 2104; baseline 0 -11"><span class='ocrx_word' id='word_1_314' title='bbox 396 2056 625 2099; x_wconf 86' lang='lat' dir='ltr'>affirmavi,</span> <span class='ocrx_word' id='word_1_315' title='bbox 647 2057 852 2104; x_wconf 90' lang='lat' dir='ltr'>istamqve</span> <span class='ocrx_word' id='word_1_316' title='bbox 873 2060 1267 2101; x_wconf 87' lang='lat' dir='ltr'>ratiocinationem,</span> <span class='ocrx_word' id='word_1_317' title='bbox 1288 2057 1438 2095; x_wconf 91' lang='lat' dir='ltr'>saltem</span> <span class='ocrx_word' id='word_1_318' title='bbox 1459 2058 1504 2094; x_wconf 91' lang='lat' dir='ltr'>in</span> <span class='ocrx_word' id='word_1_319' title='bbox 1524 2059 1577 2104; x_wconf 90' lang='lat' dir='ltr'>ijs</span> <span class='ocrx_word' id='word_1_320' title='bbox 1596 2057 1919 2099; x_wconf 73' lang='lat' dir='ltr'>Phaenomenis,</span> <span class='ocrx_word' id='word_1_321' title='bbox 1941 2067 2038 2103; x_wconf 88' lang='lat' dir='ltr'>qvae</span> 
     </span>
     <span class='ocr_line' id='line_1_36' title="bbox 396 2107 2123 2160; baseline 0 -14"><span class='ocrx_word' id='word_1_322' title='bbox 396 2109 636 2146; x_wconf 91' lang='lat' dir='ltr'>admodum</span> <span class='ocrx_word' id='word_1_323' title='bbox 652 2110 890 2148; x_wconf 86' lang='lat' dir='ltr'>sensibilem</span> <span class='ocrx_word' id='word_1_324' title='bbox 907 2111 1102 2148; x_wconf 88' lang='lat' dir='ltr'>obtinent</span> <span class='ocrx_word' id='word_1_325' title='bbox 1115 2110 1377 2155; x_wconf 85' lang='lat' dir='ltr'>Parallaxin,</span> <span class='ocrx_word' id='word_1_326' title='bbox 1394 2112 1439 2147; x_wconf 92' lang='lat' dir='ltr'>in</span> <span class='ocrx_word' id='word_1_327' title='bbox 1456 2112 1612 2157; x_wconf 87' lang='lat' dir='ltr'>praxin</span> <span class='ocrx_word' id='word_1_328' title='bbox 1624 2107 1638 2160; x_wconf 89' lang='grc' dir='ltr'>ΙΙ</span> <span class='ocrx_word' id='word_1_329' title='bbox 1651 2110 1806 2148; x_wconf 91' lang='lat' dir='ltr'>deduci</span> <span class='ocrx_word' id='word_1_330' title='bbox 1818 2110 1929 2156; x_wconf 89' lang='lat' dir='ltr'>posse</span> <span class='ocrx_word' id='word_1_331' title='bbox 1941 2109 2037 2147; x_wconf 64' lang='grc'>3136-</span> <span class='ocrx_word' id='word_1_332' title='bbox 2066 2115 2123 2146; x_wconf 69' lang='grc' dir='ltr'>18Γ</span> 
     </span>
     <span class='ocr_line' id='line_1_37' title="bbox 396 2161 2038 2210; baseline 0 -11"><span class='ocrx_word' id='word_1_333' title='bbox 396 2163 616 2205; x_wconf 85' lang='lat' dir='ltr'>verabam,</span> <span class='ocrx_word' id='word_1_334' title='bbox 639 2164 762 2210; x_wconf 89' lang='lat' dir='ltr'>cujus</span> <span class='ocrx_word' id='word_1_335' title='bbox 785 2166 915 2200; x_wconf 88' lang='lat' dir='ltr'>etiam</span> <span class='ocrx_word' id='word_1_336' title='bbox 936 2166 1127 2201; x_wconf 89' lang='lat' dir='ltr'>rationes</span> <span class='ocrx_word' id='word_1_337' title='bbox 1148 2163 1246 2201; x_wconf 88' lang='lat' dir='ltr'>satis</span> <span class='ocrx_word' id='word_1_338' title='bbox 1269 2169 1405 2201; x_wconf 89' lang='lat' dir='ltr'>certas</span> <span class='ocrx_word' id='word_1_339' title='bbox 1422 2163 1553 2201; x_wconf 91' lang='lat' dir='ltr'>semel</span> <span class='ocrx_word' id='word_1_340' title='bbox 1568 2169 1697 2210; x_wconf 91' lang='lat' dir='ltr'>atqve</span> <span class='ocrx_word' id='word_1_341' title='bbox 1713 2165 1871 2200; x_wconf 89' lang='lat' dir='ltr'>iterum</span> <span class='ocrx_word' id='word_1_342' title='bbox 1887 2164 1933 2200; x_wconf 90' lang='lat' dir='ltr'>in</span> <span class='ocrx_word' id='word_1_343' title='bbox 1948 2161 2038 2209; x_wconf 89' lang='lat' dir='ltr'>ipso</span> 
     </span>
     <span class='ocr_line' id='line_1_38' title="bbox 396 2215 2037 2263; baseline 0.001 -12"><span class='ocrx_word' id='word_1_344' title='bbox 396 2215 548 2262; x_wconf 92' lang='lat' dir='ltr'>scripto</span> <span class='ocrx_word' id='word_1_345' title='bbox 565 2216 742 2253; x_wconf 90' lang='lat' dir='ltr'>reddidi.</span> <span class='ocrx_word' id='word_1_346' title='bbox 760 2216 925 2253; x_wconf 91' lang='lat' dir='ltr'>Verum</span> <span class='ocrx_word' id='word_1_347' title='bbox 942 2217 1117 2263; x_wconf 88' lang='lat' dir='ltr'>qvidem</span> <span class='ocrx_word' id='word_1_348' title='bbox 1134 2217 1200 2259; x_wconf 79' lang='lat' dir='ltr'>est,</span> <span class='ocrx_word' id='word_1_349' title='bbox 1219 2217 1362 2263; x_wconf 90' lang='lat' dir='ltr'>qvoad</span> <span class='ocrx_word' id='word_1_350' title='bbox 1374 2216 1714 2263; x_wconf 89' lang='lat' dir='ltr'>speculationem</span> <span class='ocrx_word' id='word_1_351' title='bbox 1727 2215 1765 2253; x_wconf 90' lang='grc'>8(</span> <span class='ocrx_word' id='word_1_352' title='bbox 1777 2215 2037 2254; x_wconf 81' lang='lat' dir='ltr'>demonstra-</span> 
     </span>
     <span class='ocr_line' id='line_1_39' title="bbox 396 2267 2037 2317; baseline 0.001 -13"><span class='ocrx_word' id='word_1_353' title='bbox 396 2269 561 2305; x_wconf 90' lang='lat' dir='ltr'>tionem</span> <span class='ocrx_word' id='word_1_354' title='bbox 577 2268 914 2313; x_wconf 88' lang='lat' dir='ltr'>Geometricam,</span> <span class='ocrx_word' id='word_1_355' title='bbox 932 2269 1043 2307; x_wconf 73' lang='lat' dir='ltr'>recte</span> <span class='ocrx_word' id='word_1_356' title='bbox 1059 2269 1098 2307; x_wconf 90' lang='lat' dir='ltr'>se</span> <span class='ocrx_word' id='word_1_357' title='bbox 1116 2269 1277 2307; x_wconf 90' lang='lat' dir='ltr'>habere</span> <span class='ocrx_word' id='word_1_358' title='bbox 1295 2270 1630 2317; x_wconf 86' lang='lat' dir='ltr'>Regiomontani</span> <span class='ocrx_word' id='word_1_359' title='bbox 1647 2267 1948 2307; x_wconf 70' lang='lat' dir='ltr'>collectionem</span> <span class='ocrx_word' id='word_1_360' title='bbox 1965 2270 2037 2306; x_wconf 90' lang='lat' dir='ltr'>eti—</span> 
     </span>
     <span class='ocr_line' id='line_1_40' title="bbox 398 2322 2038 2370; baseline 0.001 -13"><span class='ocrx_word' id='word_1_361' title='bbox 398 2332 470 2358; x_wconf 91' lang='lat' dir='ltr'>am</span> <span class='ocrx_word' id='word_1_362' title='bbox 486 2322 531 2357; x_wconf 91' lang='lat' dir='ltr'>in</span> <span class='ocrx_word' id='word_1_363' title='bbox 548 2323 740 2358; x_wconf 90' lang='lat' dir='ltr'>minimis</span> <span class='ocrx_word' id='word_1_364' title='bbox 752 2322 1064 2365; x_wconf 87' lang='lat' dir='ltr'>Parallaxibus,</span> <span class='ocrx_word' id='word_1_365' title='bbox 1082 2323 1215 2360; x_wconf 90' lang='lat' dir='ltr'>modo</span> <span class='ocrx_word' id='word_1_366' title='bbox 1232 2322 1417 2370; x_wconf 90' lang='lat' dir='ltr'>qviescat</span> <span class='ocrx_word' id='word_1_367' title='bbox 1429 2322 1780 2365; x_wconf 84' lang='lat' dir='ltr'>Phaenomenon;</span> <span class='ocrx_word' id='word_1_368' title='bbox 1798 2327 1840 2360; x_wconf 88' lang='lat' dir='ltr'>at</span> <span class='ocrx_word' id='word_1_369' title='bbox 1854 2324 1899 2359; x_wconf 93' lang='lat' dir='ltr'>in</span> <span class='ocrx_word' id='word_1_370' title='bbox 1913 2323 2038 2368; x_wconf 87' lang='lat' dir='ltr'>praxi</span> 
     </span>
     <span class='ocr_line' id='line_1_41' title="bbox 398 2373 2109 2423; baseline 0.001 -13"><span class='ocrx_word' id='word_1_371' title='bbox 398 2373 498 2420; x_wconf 86' lang='lat' dir='ltr'>ipsa,</span> <span class='ocrx_word' id='word_1_372' title='bbox 516 2374 622 2411; x_wconf 91' lang='lat' dir='ltr'>dum</span> <span class='ocrx_word' id='word_1_373' title='bbox 634 2374 887 2412; x_wconf 91' lang='lat' dir='ltr'>mechanice</span> <span class='ocrx_word' id='word_1_374' title='bbox 901 2381 1124 2412; x_wconf 86' lang='lat' dir='ltr'>exercetur</span> <span class='ocrx_word' id='word_1_375' title='bbox 1136 2378 1372 2423; x_wconf 88' lang='lat' dir='ltr'>negotium,</span> <span class='ocrx_word' id='word_1_376' title='bbox 1391 2375 1716 2413; x_wconf 89' lang='lat' dir='ltr'>difficultatibus</span> <span class='ocrx_word' id='word_1_377' title='bbox 1733 2374 2037 2412; x_wconf 87' lang='lat' dir='ltr'>inextricabili·</span> <span class='ocrx_word' id='word_1_378' title='bbox 2076 2386 2109 2411; x_wconf 76' lang='lat'>40</span> 
     </span>
     <span class='ocr_line' id='line_1_42' title="bbox 396 2426 2037 2475; baseline 0.001 -12"><span class='ocrx_word' id='word_1_379' title='bbox 396 2427 477 2463; x_wconf 87' lang='lat' dir='ltr'>bus</span> <span class='ocrx_word' id='word_1_380' title='bbox 494 2426 753 2464; x_wconf 88' lang='lat' dir='ltr'>obvolvitur.</span> <span class='ocrx_word' id='word_1_381' title='bbox 771 2428 902 2465; x_wconf 89' lang='lat' dir='ltr'>Struit</span> <span class='ocrx_word' id='word_1_382' title='bbox 919 2430 1037 2465; x_wconf 90' lang='lat' dir='ltr'>enim</span> <span class='ocrx_word' id='word_1_383' title='bbox 1055 2428 1184 2475; x_wconf 83' lang='lat' dir='ltr'>ipsius</span> <span class='ocrx_word' id='word_1_384' title='bbox 1202 2429 1414 2475; x_wconf 86' lang='lat' dir='ltr'>processus</span> <span class='ocrx_word' id='word_1_385' title='bbox 1431 2440 1483 2466; x_wconf 86' lang='lat' dir='ltr'>ex</span> <span class='ocrx_word' id='word_1_386' title='bbox 1500 2431 1694 2466; x_wconf 89' lang='lat' dir='ltr'>minimis</span> <span class='ocrx_word' id='word_1_387' title='bbox 1710 2428 1838 2475; x_wconf 89' lang='lat' dir='ltr'>longe</span> <span class='ocrx_word' id='word_1_388' title='bbox 1854 2429 2037 2475; x_wconf 89' lang='lat' dir='ltr'>majora,</span> 
     </span>
     <span class='ocr_line' id='line_1_43' title="bbox 395 2480 2037 2529; baseline 0.001 -13"><span class='ocrx_word' id='word_1_389' title='bbox 395 2486 433 2516; x_wconf 90' lang='lat' dir='ltr'>et</span> <span class='ocrx_word' id='word_1_390' title='bbox 455 2491 531 2526; x_wconf 92' lang='lat' dir='ltr'>per</span> <span class='ocrx_word' id='word_1_391' title='bbox 552 2485 610 2516; x_wconf 92' lang='lat' dir='ltr'>tot</span> <span class='ocrx_word' id='word_1_392' title='bbox 633 2480 951 2527; x_wconf 88' lang='lat' dir='ltr'>triangulorum</span> <span class='ocrx_word' id='word_1_393' title='bbox 973 2482 1224 2519; x_wconf 84' lang='lat' dir='ltr'>maeandros</span> <span class='ocrx_word' id='word_1_394' title='bbox 1242 2481 1394 2529; x_wconf 89' lang='lat' dir='ltr'>scopus</span> <span class='ocrx_word' id='word_1_395' title='bbox 1417 2482 1616 2529; x_wconf 86' lang='lat' dir='ltr'>qvaefitus</span> <span class='ocrx_word' id='word_1_396' title='bbox 1637 2483 1823 2519; x_wconf 89' lang='lat' dir='ltr'>nimium</span> <span class='ocrx_word' id='word_1_397' title='bbox 1844 2481 2037 2528; x_wconf 89' lang='lat' dir='ltr'>implica-</span> 
     </span>
    </p>

    <p class='ocr_par' dir='ltr' id='par_1_5' title="bbox 1956 2539 2036 2571">
     <span class='ocr_line' id='line_1_44' title="bbox 1956 2539 2036 2571; baseline 0 0"><span class='ocrx_word' id='word_1_398' title='bbox 1956 2539 2036 2571; x_wconf 86' lang='lat' dir='ltr'>tur.</span> 
     </span>
    </p>
   </div>
  </div>
 </body>
</html>
