2209 3213
314 209 388 245 254
806 203 888 239 DE
910 202 1134 240 MUNDI
1156 201 1456 240 AETHEREI

313 315 565 352 sententiam
588 311 775 350 mutarit,
801 308 838 345 8(
861 309 913 345 de
937 308 1004 345 his
1028 308 1182 346 redtius
1206 308 1400 346 iudicare
1424 307 1599 347 edouus
1622 309 1679 346 fit.
1704 309 1838 356 quue
1860 317 1951 343 non

313 369 488 407 obscure
505 365 717 411 colligitur
730 375 781 401 ex
794 362 922 409 ipsius
935 361 1133 408 Epistola,
1151 373 1285 409 quam
1298 362 1545 401 Moestlinus
1557 363 1642 401 suis
1654 364 1950 411 Ephemeridi-

312 423 391 459 bus
408 419 604 467 praefixit.
624 418 672 455 In
688 417 770 454 hac
788 417 904 453 enim
922 417 1071 453 omnia
1088 427 1152 459 ea,
1169 427 1270 462 quae
1287 427 1387 453 curn
1400 416 1609 454 Moestlini
1625 419 1816 455 inuentis
1834 417 1951 463 (quae
1990 414 2008 444 ’ἲ

312 475 411 512 sane
428 473 521 510 sunt
537 470 744 518 plurima)
761 481 853 507 non
869 468 1152 511 consentiunt,
1174 475 1364 513 reuocat,
1386 469 1424 506 &
1445 469 1713 518 Epicyelium
1729 470 1866 514 suum,
1888 481 1950 507 re-

311 524 726 572 trogradationisque
751 527 919 560 motum
945 521 1066 564 tollit,
1093 521 1348 569 prorsusque
1374 523 1685 561 Moestlinianae
1709 523 1951 571 Hypothefi

312 578 538 617 subscribit.
563 577 687 614 Vnde
711 575 893 614 dubium
916 586 1007 612 non
1032 574 1097 618 est,
1125 586 1225 613 eum
1251 581 1341 613 tam
1364 578 1408 613 in
1431 579 1713 624 proportione
1736 582 1950 620 motuum,

312 644 445 679 quam
471 633 601 669 etiam
627 631 804 672 caeteris,
831 640 931 675 quae
954 628 1009 666 ad
1032 632 1171 666 totum
1194 630 1287 666 eius
1311 630 1575 668 curriculum
1601 630 1828 673 faciebant,
1854 630 1952 667 suas

312 684 655 724 animaduertisse
668 683 952 720 deuiationes.
971 681 1222 719 Laudabilis
1234 694 1338 720 vero
1351 684 1549 730 inprimis
1562 683 1616 721 est
1627 684 1719 721 Viri
1730 683 1847 721 illius
1859 683 1951 721 Sin-

312 741 475 779 ceritas,
493 737 611 780 quod
628 748 727 774 cum
743 734 1053 781 inuestigandae
1063 735 1266 773 Veritatis
1278 736 1405 774 causa
1417 736 1512 774 haec
1524 737 1621 775 satis
1633 736 1852 784 ingeniose
1864 736 1951 783 spe-

311 792 479 830 culatus
493 791 550 833 fit,
568 802 667 828 cum
679 795 827 827 tamen
839 788 879 825 se
893 788 951 834 (vt
963 787 1158 835 putabat)
1176 801 1268 826 rem
1281 801 1460 827 ornnem
1472 801 1756 837 nequaquam
1768 791 1950 837 attigisse,

312 858 363 883 ex
380 845 568 883 aliorum
584 842 1037 881 animaduersionibus
1053 842 1320 889 intelligeret,
1337 855 1428 880 non
1439 845 1715 890 pertinaciter
1726 843 1824 880 suos
1837 854 1951 881 erro-

311 910 378 936 res
402 898 461 944 (vt
483 897 679 944 plerique
703 895 854 941 solent)
879 900 1041 933 tutatus
1065 895 1131 939 est,
1156 895 1225 934 sed
1249 894 1476 943 patefac‘tae
1496 896 1677 934 Veritati
1699 896 1854 934 lubens
1876 896 1952 934 sua

313 951 513 993 submifit;
531 963 618 997 qua
634 952 679 987 in
696 962 740 987 re
757 951 977 994 integritas
994 948 1031 986 8(
1048 949 1212 987 candor
1228 952 1322 987 eius
1338 951 1530 987 maxime
1547 950 1730 987 elucent.

365 1004 448 1042 Sed
470 1004 507 1041 8(
528 1006 573 1041 in
590 1004 744 1041 eadem
761 1002 959 1049 Epistola,
981 1002 1087 1039 dum
1103 1002 1354 1040 Parallaxes
1371 1002 1564 1051 Cornelij
1585 1003 1788 1041 Gemmae
1806 1003 1950 1041 Moest-

312 1058 488 1095 linianis
501 1057 698 1095 Cometae
715 1069 741 1094 a
756 1056 892 1094 Terra
909 1055 1115 1093 distantiis
1131 1056 1307 1099 confert,
1325 1056 1481 1103 easque
1497 1058 1701 1100 inuicem,
1718 1056 1954 1103 praesertim

313 1112 381 1149 die
407 1111 490 1149 XX
513 1110 793 1152 Nouembris,
820 1109 1036 1156 quadrare
1062 1110 1280 1154 asseuerat‚
1306 1110 1547 1157 plurimum
1571 1109 1715 1157 lapsus
1740 1109 1806 1147 est.
1833 1110 1954 1147 Dum

314 1167 431 1202 enim
443 1176 533 1202 non
543 1164 708 1202 dubitat
718 1163 951 1205 affirmare,
964 1162 1214 1200 Parallaxin
1225 1163 1423 1201 Cometae
1432 1163 1484 1201 40
1492 1163 1807 1211 scrupulorum,
1820 1175 1955 1210 quam

315 1218 506 1256 Gemma
521 1217 583 1255 illi
599 1216 710 1255 did'to
727 1217 811 1254 XX
828 1216 1096 1254 Nouembris
1112 1216 1315 1260 attribuit,
1332 1218 1391 1254 ita
1408 1216 1647 1255 consentire
1661 1216 1871 1254 Moestlini
1883 1216 1954 1255 Se-

313 1272 609 1313 midiametris,
626 1275 668 1307 vt
684 1272 812 1307 vnius
829 1269 977 1307 saltem
994 1269 1180 1316 scrupuli
1197 1270 1243 1307 fit
1259 1269 1515 1315 differentia,
1535 1270 1716 1308 dimidio
1731 1269 1820 1307 fere
1837 1270 1953 1317 grad.

314 1325 523 1362 excessum
544 1326 782 1361 committit.
804 1324 992 1370 Assignat
1014 1324 1131 1360 enirn
1152 1323 1207 1360 ad
1229 1323 1344 1361 diem
1365 1323 1498 1361 modo
1519 1324 1759 1362 indicatum
1775 1323 1953 1361 Moestli-
1992 1329 2007 1352 2

313 1390 408 1421 nus,
427 1377 624 1415 Cometae
641 1389 667 1414 a
682 1376 818 1414 Terra
834 1378 1124 1414 remotionem
1140 1376 1217 1414 326
1229 1376 1665 1415 Semidiametrorum
1675 1376 1836 1420 Terrae,
1854 1388 1954 1423 quae

313 1431 562 1469 Parallaxin
578 1432 623 1468 in
641 1430 817 1468 Circulo
835 1430 1102 1473 Altitudinis,
1121 1430 1190 1467 vel
1206 1432 1328 1468 iuxta
1345 1430 1483 1477 ipsum
1499 1430 1804 1471 Horizontem,
1826 1429 1955 1467 efficit

312 1484 451 1522 solum
476 1485 539 1523 102}
564 1486 668 1521 min.
694 1484 858 1521 nedum
880 1488 922 1520 vt
949 1494 1048 1520 eam
1073 1483 1321 1529 quadruplo
1346 1485 1560 1521 maiorem
1585 1483 1774 1521 inducat.
1801 1483 1884 1522 Sed
1909 1485 1954 1520 in

313 1539 479 1575 caeteris
497 1537 810 1580 Parallaxibus‚
832 1536 900 1574 die
921 1536 1046 1574 XXII
1068 1536 1105 1574 8(
1125 1536 1291 1574 XXVII
1308 1548 1335 1574 a
1351 1537 1544 1575 Gemma
1564 1539 1796 1578 annotatis,
1817 1537 1953 1574 abun-

313 1591 416 1629 dare
433 1591 474 1628 12
490 1590 701 1636 scrupula,
719 1590 747 1627 fi
764 1602 864 1627 cum
880 1590 1090 1628 Moestlini
1107 1590 1304 1628 distantia
1318 1590 1516 1628 Cometae
1533 1602 1560 1628 a
1575 1590 1710 1628 Terra
1727 1589 1952 1628 conferan-

311 1650 391 1687 tur,
408 1643 564 1682 rediius
575 1644 714 1687 sentit;
731 1644 862 1688 idque
874 1643 1110 1691 praesertim
1123 1643 1191 1681 die
1203 1643 1369 1681 XXVII
1381 1643 1528 1681 locum
1539 1643 1681 1682 habet.
1699 1643 1823 1681 Tunc
1836 1645 1953 1681 enim

312 1698 500 1736 Gemma
514 1697 763 1735 Parallaxin
775 1697 974 1735 Cometae
986 1697 1178 1735 attribuit
1192 1697 1232 1735 15
1246 1698 1399 1734 minut.
1413 1709 1512 1744 quae
1524 1702 1660 1740 terna,
1673 1699 1795 1734 iuxta
1807 1696 1952 1734 Moest-

310 1751 525 1789 linianam
546 1750 801 1793 distantiam,
823 1762 914 1788 non
936 1750 1180 1788 excedebat.
1203 1750 1304 1788 Erat
1321 1761 1514 1797 namque
1531 1752 1652 1788 iuxta
1668 1750 1784 1787 illius
1800 1750 1952 1796 Hypo-

310 1804 459 1845 thefin,
476 1806 521 1841 in
537 1804 699 1850 aequali
714 1803 802 1841 fere
820 1816 920 1842 curn
932 1803 1031 1842 Sole
1048 1816 1075 1842 a
1090 1803 1225 1841 Terra
1242 1800 1532 1853 re-ssmotione.
1547 1803 1713 1841 Verum
1729 1803 1797 1841 die
1814 1803 1952 1846 XXII,

312 1869 412 1894 cum
425 1857 616 1895 Gemma
632 1857 881 1895 Parallaxin
899 1857 1111 1895 constituit
1128 1856 1178 1894 20
1195 1856 1523 1903 Scrupulorum,
1540 1868 1631 1894 non
1647 1856 1796 1894 saltem
1812 1856 1866 1898 12,
1883 1855 1952 1893 sed

312 1911 352 1949 17
364 1910 452 1948 fere
463 1912 655 1953 minutis,
668 1923 694 1948 a
706 1910 915 1948 Moeftlini
928 1910 1181 1954 rationibus,
1195 1922 1283 1957 quo
1295 1910 1350 1948 ad
1360 1910 1640 1948 Parallaxeos
1653 1911 1952 1957 quantitatem,

312 1963 516 2001 abundat.

366 2017 414 2054 In
436 2017 590 2054 eadem
612 2019 742 2054 etiam
764 2016 963 2063 Epistola,
986 2021 1134 2054 ternos
1156 2016 1354 2054 Cometae
1376 2016 1576 2055 Circulos
1599 2016 1776 2054 diuersis
1800 2017 1952 2053 inuen-

311 2070 476 2107 toribus
488 2070 689 2107 attribuit.
703 2070 908 2112 Primum,
922 2082 1054 2116 quem
1063 2070 1229 2107 Verum
1240 2075 1378 2113 vocat,
1391 2082 1417 2108 a
1429 2069 1652 2108 Moestlino
1664 2071 1776 2106 circa
1789 2068 1952 2107 Orbem

312 2123 507 2165 Veneris,
529 2134 660 2169 quem
681 2122 736 2160 ob
757 2123 798 2160 id
819 2123 880 2160 illi
900 2123 1102 2166 attribuit,
1125 2125 1432 2170 excogitatum;
1454 2123 1543 2170 Qui
1559 2123 1657 2160 licet
1672 2123 1953 2169 Apparentiis

313 2176 511 2214 Cometae
527 2175 746 2213 saluandis
759 2176 908 2223 aliquo
920 2176 1053 2214 modo
1066 2182 1309 2222 oportunus
1321 2176 1412 2219 fuit,
1429 2188 1505 2223 per
1516 2181 1652 2214 totam
1663 2180 1811 2213 tamen
1823 2174 1952 2222 ipsius

313 2229 601 2271 durationem,
621 2231 673 2276 ijs
689 2229 945 2266 omnimoda
961 2229 1211 2276 praecifione
1229 2229 1484 2267 excusandis
1500 2240 1591 2266 non
1607 2228 1817 2269 satisfecit,
1835 2227 1952 2265 velut

313 2282 506 2329 superius
516 2282 934 2320 Demonstrauimus.
948 2282 1160 2324 Alterum,
1174 2294 1306 2329 quem
1316 2282 1518 2320 Medium
1527 2281 1729 2329 appellat,
1742 2281 1952 2318 Cornelio

314 2335 518 2372 Gemmae
534 2336 719 2382 assignat,
737 2347 926 2382 eumque
941 2347 1017 2382 per
1027 2341 1209 2382 vtraque
1222 2335 1405 2374 Solstitia
1417 2334 1593 2373 ductum
1605 2334 1721 2372 fuisse
1733 2335 1950 2372 asseuerat.

313 2388 578 2425 Nullatenus
598 2399 703 2425 vero
724 2388 862 2434 ipsum
880 2388 1077 2426 Cometae
1098 2394 1238 2435 caput,
1261 2388 1489 2427 Circulum
1509 2387 1703 2434 aliquem
1723 2399 1799 2433 per
1820 2387 1951 2424 ambo

313 2440 495 2479 Solstitia
512 2440 688 2479 dud'tum
705 2440 941 2487 defignasse,
959 2453 1011 2478 ex
1027 2441 1244 2488 prioribus
1261 2443 1392 2479 etiam
1408 2446 1535 2488 patet.
1556 2440 1661 2477 Non
1678 2442 1796 2477 enim
1813 2439 1950 2487 Eclip-

312 2495 441 2531 ticam
453 2496 498 2531 in
510 2493 599 2541 ipso
613 2492 773 2540 pundto
785 2493 956 2531 Solstitii
968 2494 1180 2541 Hyberni‚
1198 2499 1240 2531 vt
1254 2494 1445 2532 Gemma
1456 2493 1605 2535 voluit,
1623 2493 1692 2530 sed
1708 2493 1732 2530 9
1748 2492 1951 2540 gradibus

1850 2550 1950 2583 ante

1993 795 2023 819 10

1996 1061 2025 1085 15

1992 1595 2024 1619 25

1977 1803 2035 1834 311

1990 1862 2024 1886 30

1991 2129 2023 2153 35

1990 2395 2023 2419 40
