2209 3213
106 758 136 784 10

107 980 137 1005 15

104 1201 137 1226 20

104 1423 136 1448 25

104 1644 137 1669 30

105 1865 138 1892 35

105 2087 139 2112 40

105 2309 139 2334 45

107 2530 141 2556 50

492 252 997 292 RESTINCTIONIS
1018 252 1491 291 FRAGMENTUM
1747 252 1814 290 481

173 356 299 397 phetis
322 356 495 396 inqvam‚
518 356 721 388 fidendum
744 366 823 389 non
844 357 907 388 est.
930 358 973 388 In
993 357 1141 389 Coelesti
1162 357 1297 388 vestitu
1319 359 1522 397 apparent,
1546 365 1594 388 ex
1615 356 1743 387 cavda
1765 356 1817 387 di-

173 400 344 440 gnosces.
363 401 506 431 Contra
518 400 736 432 Veritatem
751 402 780 432 8(
794 402 928 433 Sacrae
944 402 1110 441 paginae,
1127 402 1157 432 8(
1172 401 1263 432 fidei
1281 401 1434 438 nostrae,
1452 401 1501 432 ab
1519 400 1578 431 his
1594 400 1814 432 institueris:

173 452 245 476 nec
262 444 410 484 legitur,
427 452 499 476 nec
516 445 699 482 creditur,
717 446 887 477 coelestia
901 446 1130 477 naturaliter
1145 446 1359 476 interitura.
1378 445 1481 476 Nam
1498 445 1555 476 ais
1573 445 1693 482 suam,
1710 445 1749 475 id
1765 444 1817 476 est

173 488 382 525 coelestem,
398 488 458 520 his
474 489 547 520 esse
562 489 835 526 mutationem,
853 490 978 529 qvalis
990 490 1175 521 nimirum
1188 490 1359 521 Cometis
1372 489 1525 521 accidit.
1543 489 1591 520 At
1606 489 1646 520 hi
1661 491 1818 520 natura-

172 532 258 564 liter
272 532 481 564 intereunt:
505 533 573 564 Illa
590 542 698 571 vero,
715 536 757 564 ut
773 534 1046 565 vestimentum
1063 536 1187 571 vetus,
1205 534 1462 574 deponentur.
1484 534 1625 565 Annon
1641 532 1817 573 agnoscis

174 576 320 609 DEUM
337 577 567 608 Creatorem
582 577 667 615 esse,
685 577 714 608 8(
731 577 937 609 Creatione
954 577 1112 609 extitisse
1129 578 1270 615 Coelos,
1292 586 1531 617 omnemqve
1550 586 1688 609 eorum
1706 585 1818 608 orna-

173 621 280 652 tum?
298 621 374 652 Ubi
389 621 533 652 harum
549 621 847 653 deformitatum
864 622 968 653 nulla
984 622 1027 652 fit
1043 622 1202 653 mentio.
1221 622 1335 659 Qvod
1351 622 1465 662 igitur
1476 622 1647 662 genitum
1662 630 1741 653 non
1753 621 1816 658 est,

173 673 245 697 nec
259 665 439 696 interibit.
457 666 506 696 At
517 665 883 697 transmutabuntur
894 674 964 705 per
974 666 1191 705 potentiam
1204 666 1411 703 Creatoris,
1429 675 1518 706 qvae
1531 666 1644 706 supra
1656 674 1817 697 omnem

173 712 358 740 naturam
375 709 438 747 est,
456 711 486 740 8(
500 710 826 741 transmutatione
838 710 876 741 in
888 712 1104 747 momento,
1122 719 1201 742 non
1213 710 1381 747 interitu,
1398 713 1440 741 ut
1450 710 1639 741 naturalis
1650 710 1817 741 mutatio

173 761 252 785 non
275 754 318 784 fit
340 753 483 791 futura,
510 754 636 793 qvalis
658 754 696 785 in
719 754 832 785 novis
856 754 932 785 tuis
955 754 1050 785 Coeli
1072 755 1248 794 partibus
1274 757 1448 794 apparet.
1476 754 1612 794 Neqve
1635 754 1685 786 ob
1709 754 1818 785 illam

172 797 541 830 transmutationem
565 798 774 830 mutabiles
797 798 874 830 dici
896 799 1055 830 debent:
1080 807 1174 829 nam
1198 799 1303 829 nulla
1326 799 1413 838 ipsis
1436 799 1528 830 inest
1550 799 1599 829 ad
1621 807 1711 829 earn
1732 806 1819 838 pro-

173 842 351 882 penHtas,
370 842 433 874 sed
446 842 529 873 sunt
540 842 818 880 immutabiles,
833 842 1045 874 secundum
1058 845 1242 873 naturam
1256 843 1337 874 DEI
1351 843 1563 880 Creaturae,
1578 845 1620 873 ut
1631 842 1817 882 potentia,

174 887 250 926 qva
273 886 494 924 extiterunt,
519 887 549 917 8(
571 886 798 924 tranfibunt,
824 889 908 918 tota
932 887 974 917 fit
996 887 1110 927 ipsius
1133 884 1384 925 Δημιούργου,
1409 896 1494 924 nec,
1521 887 1585 926 qvi
1608 886 1819 918 Christiane

173 930 439 970 philosophari
459 932 552 968 vult,
578 931 690 962 aliter
711 931 817 970 loqvi
840 931 993 971 poterit,
1018 931 1084 962 nifi
1110 931 1219 962 fimul
1240 931 1386 963 DEUM
1411 931 1483 962 esse
1507 931 1818 970 omnipotentem

175 975 403 1006 Creatorem
424 978 547 1015 neget.
570 975 702 1013 Qvare
722 976 835 1015 longe
857 975 1156 1007 anteferendum
1173 975 1236 1013 est,
1259 976 1364 1015 qvod
1381 975 1429 1007 de
1445 975 1681 1006 immutabili
1697 975 1820 1006 Coelo-

174 1027 263 1050 rum
288 1019 513 1051 conditione
541 1020 635 1059 (non
660 1020 881 1060 duratione)
910 1028 958 1051 ex
988 1022 1141 1051 naturae
1165 1019 1305 1050 intuitu
1332 1020 1455 1050 sanxit
1479 1019 1818 1056 ARISTOTELES,

174 1072 294 1103 qvam
315 1064 421 1103 qvod
441 1066 581 1095 contra
596 1064 805 1095 veritatem
826 1066 979 1095 naturae
1000 1063 1115 1103 ipfius
1133 1063 1259 1095 vestra
1274 1063 1667 1103 Psevdophilosophia
1687 1063 1820 1102 imagi-

173 1109 300 1145 natur,
323 1110 364 1138 ut
384 1107 433 1139 ab
454 1108 532 1140 hoc
553 1116 687 1140 errore
707 1108 1010 1148 resipiscendum
1031 1108 1084 1145 sit,
1107 1108 1173 1139 nisi
1191 1117 1213 1139 a
1230 1108 1358 1148 primo
1378 1108 1609 1147 summoqve
1624 1107 1716 1139 fidei
1732 1107 1820 1138 arti-

174 1152 263 1183 culo
280 1151 450 1183 deficere
467 1152 603 1184 velitis.

227 1195 351 1228 Restat
371 1196 571 1228 ordinaria
591 1196 868 1233 decrescentia,
893 1205 1014 1236 qvam
1037 1205 1155 1236 negas
1180 1196 1410 1228 elementari
1431 1199 1585 1227 naturae
1608 1196 1733 1233 inesse‚
1757 1196 1819 1227 vel

174 1242 418 1280 competere:
436 1249 529 1272 cum
542 1241 579 1272 in
592 1241 873 1273 communibus
884 1240 1038 1280 lychnis
1050 1249 1140 1271 eam
1153 1249 1315 1272 cernere
1326 1240 1462 1280 posses.
1481 1240 1583 1271 Nam
1600 1240 1819 1279 aeqvalibus

172 1285 418 1325 temporibus
434 1285 639 1325 aeqvaliter
655 1294 678 1316 a
693 1285 858 1316 flamma
880 1285 1147 1316 absumuntur.
1171 1285 1266 1316 Sunt
1282 1285 1311 1315 8(
1328 1285 1416 1321 alia,
1439 1294 1528 1324 qvae
1548 1284 1820 1324 proportiona-

173 1329 260 1361 liter
273 1329 514 1366 decrescunt,
531 1332 573 1360 ut
585 1330 610 1360 fi
623 1329 770 1361 ordinis
781 1329 881 1361 ratio
894 1330 956 1361 vel
968 1338 1016 1361 ex
1028 1329 1265 1369 aeqvalitate,
1278 1330 1339 1360 vel
1351 1338 1399 1360 ex
1413 1329 1668 1369 proportione
1681 1327 1820 1369 specste-

173 1375 247 1411 tur,
273 1373 510 1405 Elementari
529 1376 683 1405 naturae
703 1373 820 1405 tribui
841 1373 966 1414 possit:
991 1374 1020 1404 8(
1044 1373 1129 1413 qvis
1153 1382 1329 1413 unqvam
1355 1382 1446 1404 earn
1470 1373 1636 1413 negavit,
1663 1373 1729 1404 nisi
1755 1372 1821 1412 qvi

174 1415 401 1450 ἀειπάθειαν
416 1418 534 1449 rebus
551 1418 742 1458 ascripsit?
759 1418 801 1449 In
817 1426 865 1450 eo
882 1417 1053 1458 qvidem‚
1072 1418 1177 1457 qvod
1194 1418 1317 1455 ardet,
1334 1418 1386 1449 est
1399 1426 1479 1449 non
1491 1417 1698 1449 consistens
1710 1417 1821 1448 flam-

173 1470 252 1494 mae
267 1462 492 1503 progressio:
511 1462 704 1502 reliqvum
717 1471 873 1502 corpus,
891 1463 997 1502 qvod
1010 1462 1221 1493 accensum
1232 1470 1311 1493 non
1323 1462 1404 1499 fuit,
1422 1470 1494 1501 pro
1506 1464 1658 1493 naturae
1670 1461 1819 1499 habitu,

173 1508 216 1537 ut
231 1508 367 1546 aptum
384 1509 521 1538 natum
538 1509 634 1544 erat,
652 1506 690 1538 in
706 1508 817 1538 motu
835 1507 901 1538 suo
918 1506 1152 1546 qviescebat.

227 1550 294 1582 Ille
314 1553 404 1582 tuus
425 1551 657 1588 constanter,
682 1551 711 1582 8(
735 1550 841 1582 recta
863 1551 913 1582 ad
933 1551 1131 1582 interitum
1154 1550 1352 1582 tendebat.
1377 1550 1453 1582 Sed
1472 1553 1514 1581 tu
1534 1548 1820 1593 tumul-ntuarie

175 1595 394 1627 admodum
411 1595 440 1626 8(
456 1595 677 1627 inordinate
696 1595 806 1626 illum
826 1596 1111 1635 incompletum
1133 1598 1265 1627 motus
1284 1595 1337 1626 sui
1354 1603 1493 1626 arcum
1509 1594 1715 1626 confecisse
1731 1593 1821 1625 asse-

174 1647 305 1671 veras:
328 1648 432 1671 nunc
453 1640 619 1671 celerius
639 1648 743 1671 nunc
763 1639 926 1677 tardius,
950 1640 980 1670 8(
1002 1639 1110 1671 vices
1130 1639 1290 1671 subinde
1310 1638 1613 1680 permuta[n]do,
1634 1641 1676 1669 ut
1694 1646 1821 1670 remo-

173 1683 299 1715 tiones
323 1683 439 1724 ipslus
462 1693 484 1715 a
508 1684 633 1716 Stellis
658 1684 758 1715 Fixis
784 1693 887 1716 nunc
913 1683 1051 1721 avdhae,
1080 1692 1184 1715 nunc
1212 1683 1454 1725 di[mi]nutae,
1484 1691 1587 1714 nunc
1614 1683 1820 1714 invariatae

173 1728 375 1760 evidenter
394 1728 677 1760 demonstrant:
701 1729 807 1768 qvod
828 1737 876 1760 ex
897 1728 1198 1770 collationi[bus]
1219 1728 1340 1768 partis
1361 1727 1666 1768 proportionalis
1685 1727 1820 1767 (qvam

173 1775 215 1804 tu
230 1781 371 1804 verum
388 1775 541 1805 motum
558 1773 748 1813 appellas)
768 1781 861 1804 cum
882 1772 1211 1814 parlti]cularibus
1231 1772 1477 1812 portionibus
1493 1772 1718 1812 apparentis
1740 1779 1822 1802 mo-

173 1819 236 1849 tus
259 1818 482 1858 cognosces.
502 1817 621 1849 Vides
643 1817 768 1858 igitur,
792 1817 939 1859 qva[m]
963 1816 1071 1849 omni
1093 1825 1142 1848 ex
1164 1820 1276 1857 parte
1299 1819 1437 1848 contra
1460 1816 1688 1848 sententiam
1708 1818 1821 1847 tuam

175 1862 262 1894 haec
287 1865 431 1902 pugnet
455 1862 568 1900 ratio,
595 1861 910 1903 Elementare[m]
936 1862 965 1893 8(
990 1862 1029 1893 in
1054 1863 1145 1893 aere
1171 1861 1379 1893 accensam
1405 1860 1711 1898 exhalationem,
1742 1868 1821 1891 non

175 1906 329 1938 coeleste
345 1914 490 1946 corpus
506 1906 790 1938 demonstrans.

227 1950 368 1988 Tertio,
390 1951 495 1991 qvod
511 1952 665 1982 motum
682 1951 793 1982 Luna
809 1949 1026 1981 tardiorem
1042 1949 1236 1987 habuerit,
1258 1950 1372 1989 supra
1388 1958 1479 1981 eam
1495 1949 1641 1981 evehis.
1664 1948 1779 1990 H[oc]
1797 1948 1821 1979 fi

175 2003 314 2026 verum
326 1995 380 2033 sit,
393 1995 485 2035 qvid
496 1995 670 2036 impedit,
684 1995 775 2035 qvin
788 1995 838 2026 ad
850 1994 954 2026 Iovis
963 1994 1151 2026 thronum
1164 1995 1304 2032 evolet,
1314 1996 1356 2025 ut
1368 1995 1466 2025 alter
1475 1993 1822 2033 Icaromenippus?

176 2039 278 2070 Nam
291 2039 405 2079 supra
417 2040 629 2071 Saturnum
645 2039 722 2071 hoc
739 2039 954 2071 cavdatum
971 2047 1091 2079 genus
1106 2047 1209 2070 nunc
1223 2038 1449 2080 attollitu[r,]
1462 2039 1491 2069 8(
1504 2037 1649 2077 absqve
1661 2037 1822 2069 orbibus

174 2084 456 2124 progressiones
480 2083 612 2116 facere
638 2084 827 2115 creditur:
859 2092 906 2115 ac
932 2083 970 2114 in
995 2084 1231 2123 qvacunqve
1255 2083 1425 2114 Planetae
1452 2082 1610 2122 regione
1635 2082 1820 2118 versetur,

175 2127 538 2168 Epicyclocentrico
554 2128 802 2160 imitamento
819 2130 974 2159 motum
990 2127 1072 2168 ejus
1088 2127 1269 2159 aemulari
1285 2127 1409 2159 novit:
1426 2135 1499 2158 nec
1514 2125 1775 2166 intelligentia,
1793 2125 1822 2156 8(

176 2172 333 2204 scientia
349 2173 468 2205 deest:
484 2175 620 2213 totqve
634 2172 751 2204 hodie
764 2182 787 2204 a
800 2171 1093 2204 Mathematicis
1109 2172 1222 2203 mirae
1238 2171 1471 2212 qvaestiones
1488 2173 1710 2208 moventur,
1728 2172 1823 2210 qvot

175 2225 366 2257 unqvam:
393 2226 466 2249 nec
490 2214 855 2256 ψευδογραφήματα,
878 2217 907 2248 8(
930 2216 1180 2256 paralogismi
1203 2216 1350 2253 desunt,
1377 2224 1467 2256 qvae
1490 2215 1540 2247 ad
1564 2215 1700 2247 Iovem
1723 2214 1824 2246 deci-

176 2261 305 2293 denda
321 2261 484 2299 deferat,
505 2264 548 2293 ut
564 2262 612 2293 de
628 2262 756 2293 cavda
774 2261 1042 2298 Cometarum‚
1064 2260 1161 2302 [cur]
1181 2261 1220 2292 in
1240 2261 1419 2292 flammae
1439 2260 1604 2292 modurn
1622 2260 1772 2296 ardeat,
1794 2259 1823 2289 &

176 2305 324 2337 sursum
345 2306 492 2338 tendat.
518 2307 594 2338 Cur
614 2315 637 2337 a
658 2305 822 2337 Veneris
844 2305 980 2347 vu[l]tu
1002 2313 1093 2336 eam
1115 2305 1176 2336 ille
1198 2307 1288 2337 tuus
1312 2305 1509 2342 averterit,
1534 2313 1623 2344 qvae
1646 2304 1825 2335 incurva-

175 2349 290 2382 tionis
311 2350 426 2382 fuerit
446 2351 576 2388 cavsa,
597 2351 627 2382 8(
649 2350 796 2382 similia.
821 2350 898 2381 Cur
917 2349 1031 2390 igitur
1050 2349 1126 2381 hac
1147 2350 1340 2390 legatione
1360 2349 1467 2389 fungi
1486 2357 1566 2380 non
1585 2348 1739 2389 poterit,
1761 2348 1823 2379 vel

175 2393 256 2435 ipso
277 2394 454 2427 Luciano
475 2394 630 2427 Iudice?
659 2395 791 2427 Unum
812 2394 927 2432 deest,
954 2394 1059 2434 qvod
1084 2394 1253 2434 abrupto
1273 2394 1481 2426 Asinorum
1506 2395 1637 2433 ponte,
1662 2392 1823 2424 transitu

175 2438 443 2479 prohibeatur.
471 2439 559 2472 Non
581 2439 686 2471 enirn
710 2448 732 2470 a
757 2438 1028 2478 conseqventis
1054 2438 1321 2471 affirmatione
1347 2438 1398 2470 ad
1423 2437 1691 2469 antecedentis
1716 2436 1825 2468 asser-

176 2482 324 2515 tionem
341 2484 535 2524 progredi,
556 2483 608 2516 ibi
624 2483 865 2515 conceditur.
887 2483 937 2514 At
952 2483 978 2514 fi
994 2491 1134 2514 verum
1151 2483 1193 2514 sit
1210 2483 1459 2520 antecedens,
1476 2482 1668 2521 nusqvam
1685 2480 1825 2521 proba-

178 2526 292 2559 bilius
317 2530 616 2569 argumentatus
640 2527 778 2560 fuisses.
806 2527 842 2558 Si
868 2527 1031 2559 Cometa
1055 2529 1145 2559 tuus
1169 2527 1323 2559 coeleste
1348 2527 1419 2558 fuit
1443 2534 1603 2567 corpus:
1631 2534 1722 2557 cum
1748 2525 1823 2556 alia

280 2582 310 2608 ει
1678 2576 1824 2610 motus
