2209 3213
565 195 1079 234 ANNOTATIONES
1100 196 1401 235 EDITORIS
1729 197 1805 234 493

163 308 263 337 mus,
281 299 549 339 conscriptum
565 308 650 330 esse
668 299 921 330 manifestum
936 303 1009 337 est;
1027 300 1130 331 hanc
1143 303 1275 332 autem
1289 301 1529 332 additionem
1543 311 1576 332 a.
1594 301 1675 332 1587
1688 301 1805 341 capiti

163 352 338 384 secundo
360 352 539 383 subicere
558 351 647 383 ideo
662 352 691 382 T
693 352 798 391 ycho
820 355 984 384 coactus
1005 355 1074 390 est,
1097 353 1187 392 quia
1208 354 1374 385 meliora
1390 354 1649 385 instrumenta
1665 356 1806 385 nactus

163 406 252 437 loca
267 405 482 441 stellarum,
500 404 640 444 quibus
652 405 690 436 in
702 405 952 437 observando
965 408 1122 437 cometa
1134 415 1227 437 usus
1239 409 1334 443 erat,
1353 406 1491 438 melius
1505 407 1805 438 determinanda

163 466 249 489 esse
273 457 345 489 sibi
369 460 631 497 persuaserat.
660 457 739 489 Nec
766 458 878 489 nobis
904 459 1224 498 praetereundum
1247 468 1332 491 esse
1354 460 1508 491 videtur
1533 460 1636 491 hunc
1662 460 1804 491 librum

164 511 287 542 multo
309 510 532 542 accuratius
554 519 600 541 ac
622 510 839 550 diligentius
855 511 1125 551 conscriptum
1142 520 1188 543 ac
1204 512 1308 552 typis
1324 513 1565 553 descriptum
1582 521 1666 544 esse
1683 522 1804 553 quam

162 563 334 604 primum
354 563 498 595 librum
518 563 944 602 progymnasmatum,
969 566 1007 595 et
1028 564 1066 594 in
1090 572 1136 596 eo
1161 566 1445 604 perscrutando
1466 574 1617 605 paucos
1636 568 1805 597 tantum-

162 617 284 648 modo
304 625 459 648 errores
479 616 624 648 calami
643 617 705 648 vel
727 616 867 648 calculi
888 625 960 648 nos
983 617 1298 657 deprehendisse,
1323 627 1422 658 quos
1445 618 1520 650 illic
1544 619 1637 651 satis
1660 620 1805 651 multos

162 669 504 710 deprehendimus.

216 722 320 761 Quot
331 722 417 754 libri
426 723 608 763 exempla
618 723 899 762 atypographo
910 722 1093 754 confecta
1103 723 1190 761 sint,
1203 732 1282 754 non
1294 726 1464 762 constat;
1478 724 1660 756 videntur
1669 727 1805 756 tamen

162 778 252 807 ante
264 778 435 807 mortem
446 775 644 815 Tychonis
659 784 789 815 pauca
805 775 1011 807 distributa
1028 784 1124 807 esse.
1143 776 1185 807 In
1201 776 1328 808 indice
1345 780 1478 808 autem
1495 777 1685 809 librorum
1700 778 1805 818 typis

162 828 462 869 descriptorum,
485 836 603 868 quem
619 830 714 860 tom.
733 828 765 859 II
782 838 817 869 p.
835 828 895 859 441
916 828 1130 866 attulimus,
1149 829 1216 860 ubi
1231 838 1420 861 numerus
1436 830 1592 862 illorum
1608 832 1805 871 exemplo-

161 891 261 919 rum,
279 891 369 922 quae
384 882 597 920 restabant,
615 881 821 919 indicatur,
838 884 927 922 post
942 882 1065 913 verba
1081 882 1156 914 illic
1174 883 1292 913 allata
1309 883 1397 914 haec
1413 883 1592 923 legimus:

267 953 575 987 Progymnasmatum
591 954 652 980 dess
667 954 786 979 andern
802 953 870 979 teils
886 953 947 979 rein
965 956 1046 987 gutte
1062 954 1114 980 780
1244 962 1305 980 von
1329 954 1430 981 diesen
1454 956 1505 981 200
1527 956 1593 981 auff

319 997 531 1031 mittelmesige
542 998 605 1023 vnd
616 998 808 1024 verdorbene
824 997 887 1023 [ein
903 997 990 1024 nicht
1006 998 1111 1031 gezalt.
1243 998 1423 1025 Franckfurt
1439 999 1590 1032 geschickt
1646 1000 1697 1026 780

265 1042 336 1068 Vnd
352 1042 490 1075 mangelt
506 1042 559 1068 der
574 1041 646 1068 ersse
662 1042 765 1075 bogen
783 1042 796 1057 '²¹
813 1041 928 1075 virtzig.
1620 1045 1698 1081 Q)

267 1087 329 1113 Der
345 1087 441 1112 ander
456 1089 482 1112 A
500 1087 539 1112 10.
1647 1089 1698 1114 580

211 1148 301 1180 Post
320 1150 491 1179 mortem
510 1147 707 1188 Tychonis
730 1147 827 1179 liber
849 1147 1005 1187 publice
1026 1147 1151 1179 editus
1172 1151 1231 1179 est
1250 1148 1332 1180 sine
1348 1148 1549 1188 Apologia
1571 1149 1801 1189 ceterisque,

160 1210 249 1241 quae
270 1201 362 1232 addi
381 1201 573 1233 voluerat.
598 1201 741 1232 Addita
760 1203 894 1232 tamen
917 1202 975 1232 est
997 1200 1179 1240 praefatio
1201 1201 1397 1233 Francisci
1416 1202 1648 1243 Tengnaglii‚
1672 1203 1803 1243 generi

158 1254 367 1294 Tychonis,
388 1254 426 1285 in
445 1263 522 1294 qua
539 1254 729 1285 Ioannem
746 1254 960 1285 Barvitium
976 1254 1197 1293 alloquitur,
1220 1257 1337 1294 atque
1354 1255 1478 1286 altera
1494 1255 1669 1295 ejusdem
1689 1256 1803 1287 »Can-

159 1307 250 1339 dido
276 1307 467 1344 Lectori«,
496 1315 594 1347 quas
618 1306 719 1338 infra
745 1306 978 1347 descripturi
1002 1316 1150 1338 sumus.
1176 1307 1323 1339 Titulus
1347 1308 1451 1339 idem
1478 1311 1652 1348 apparet,
1684 1317 1802 1349 quem

158 1360 310 1401 praebet
325 1361 442 1392 editio
454 1370 477 1392 a
488 1360 676 1400 Tychone
693 1360 853 1397 emissa;
871 1360 1012 1392 desunt
1026 1362 1161 1392 tamen
1177 1360 1299 1392 verba
1319 1361 1403 1401 »qui
1415 1364 1473 1393 est
1485 1362 1532 1393 de
1544 1362 1681 1394 illustri
1692 1363 1802 1394 stella

159 1414 348 1445 caudata«
368 1416 455 1452 etc„
472 1416 510 1446 et
526 1414 680 1455 adjecta
696 1416 753 1445 est
769 1413 899 1453 imago
916 1413 1150 1454 philosophi,
1169 1414 1295 1454 qualis
1308 1414 1346 1445 in
1360 1415 1470 1446 titulo
1482 1415 1568 1446 libri
1580 1415 1695 1455 primi
1706 1415 1803 1446 Pro-

157 1468 489 1507 gymnasmatum
507 1467 776 1508 (circumjecta
792 1466 1043 1506 inscriptione
1062 1467 1335 1507 »Suspiciendo
1351 1468 1576 1509 despicio«);
1594 1468 1695 1499 infra
1707 1477 1802 1500 vero

158 1519 310 1560 legitur:
343 1520 479 1560 »Typis
508 1520 716 1552 inchoatus
746 1519 981 1560 Vraniburgi
1010 1519 1161 1557 Damae,
1193 1520 1397 1552 absolutus
1426 1522 1558 1562 Pragae
1589 1521 1800 1553 Bohemiae.

158 1573 233 1605 Clo
243 1598 250 1604 .
259 1573 324 1604 DC
333 1597 340 1604 .
349 1573 412 1604 111.
428 1574 525 1604 Cum
538 1572 705 1605 Caesaris
717 1575 754 1604 et
766 1573 910 1613 Regum
923 1573 1187 1613 complurium
1199 1573 1437 1614 privilegiis«
1454 1574 1592 1606 Denuo
1605 1574 1802 1615 descripta

157 1628 247 1658 sunt
261 1626 400 1658 ultima
417 1627 495 1658 duo
511 1626 617 1664 folia,
640 1635 686 1658 ac
703 1635 829 1657 novus
846 1626 1051 1658 confectus
1067 1628 1126 1657 est
1141 1626 1353 1666 colophon,
1375 1627 1441 1658 ubi
1461 1627 1719 1668 philosophus
1739 1637 1803 1668 ap⁴

157 1682 269 1720 paret
284 1680 471 1711 deorsum
488 1682 683 1720 spectans,
702 1679 767 1719 qui
783 1688 904 1710 manu
918 1682 1024 1710 tenet
1034 1679 1250 1710 herbarum
1262 1679 1510 1717 fasciculum,
1528 1689 1621 1712 curn
1638 1681 1801 1713 brachio

157 1733 483 1765 circumvolvitur
502 1732 721 1772 AEsculapii
741 1741 918 1772 serpens;
944 1732 1197 1773 circumjecta
1219 1736 1276 1764 est
1296 1733 1496 1773 inscriptio
1521 1734 1801 1774 »Despiciendo

155 1786 361 1826 suspicio«.
380 1786 486 1817 Infra
502 1795 597 1818 vero
614 1786 767 1826 legitur:
789 1786 941 1826 »Pragae
956 1785 1235 1817 Bohemorum.
1253 1786 1543 1818 Absolvebatur
1553 1787 1671 1827 Typis
1683 1788 1802 1819 Schu-

157 1839 362 1871 manianis.
384 1840 497 1871 Anno
514 1839 673 1870 Domini
690 1839 888 1870 MDCIII«.
911 1839 1017 1870 Sicut
1037 1839 1209 1879 primum
1230 1839 1373 1870 librum
1394 1840 1498 1871 hunc
1520 1849 1676 1880 quoque
1696 1850 1800 1873 anno

161 1892 243 1924 1610
263 1892 508 1924 Francofurti
528 1892 657 1924 emisit
673 1892 909 1924 Godefridus
924 1892 1139 1932 Tampach,
1162 1893 1227 1933 qui
1247 1901 1395 1924 novum
1416 1893 1572 1924 titulum
1593 1894 1801 1925 conficien-

158 1946 252 1977 dum
274 1954 320 1977 ac
341 1945 595 1986 praefationes
616 1948 654 1977 et
674 1945 914 1985 prooemium
935 1945 1064 1977 denuo
1088 1946 1347 1977 describenda
1370 1947 1534 1978 curavit.
1560 1946 1658 1978 Haec
1683 1947 1799 1979 editio

157 2007 260 2030 nunc
277 1999 402 2030 multo
417 1999 562 2039 saepius
579 1999 751 2030 occurrit
766 2007 887 2038 quam
903 1999 1065 2038 priores.

211 2052 254 2083 In
268 2054 352 2083 toto
369 2052 450 2084 fere
466 2052 565 2083 libro
581 2052 723 2083 eodem
740 2060 880 2091 genere
895 2054 1084 2091 typorum
1100 2061 1194 2083 usus
1213 2054 1270 2083 est
1288 2053 1572 2093 typographus,
1594 2052 1646 2084 ita
1667 2056 1708 2084 ut
1729 2053 1801 2085 sin-

157 2105 257 2145 gulae
279 2105 433 2145 paginae
453 2105 494 2136 33
515 2113 653 2137 versus
673 2104 911 2136 contineant.
936 2105 1185 2144 Excipiendae
1209 2108 1298 2136 sunt
1320 2114 1460 2145 paucae
1485 2106 1571 2137 libri
1593 2109 1736 2146 partes,
1760 2109 1800 2138 ut

160 2158 335 2190 »Additio
351 2158 557 2190 Authoris«
577 2158 695 2198 capiti
711 2158 744 2188 11
762 2158 917 2198 adjecta
936 2159 1012 2198 (pp.
1030 2158 1186 2199 33—37)‚
1212 2159 1442 2190 »Annotatio
1459 2159 1663 2190 Authoris«
1683 2159 1801 2199 capiti

158 2211 209 2242 111
231 2211 376 2243 inserta
398 2216 447 2252 (p.
469 2211 705 2251 42‚2⁷—43‚22)‚
730 2219 776 2242 ac
800 2214 995 2251 praeterea
1017 2220 1080 2251 pp.
1102 2211 1277 2243 356--367
1300 2215 1338 2243 et
1359 2221 1395 2252 p.
1419 2212 1686 2251 369‚22—376‚2⁷‚
1711 2222 1800 2253 quae

156 2264 291 2296 litteris
303 2264 461 2296 minutis
473 2267 590 2304 atque
602 2264 794 2296 inclinatis
807 2264 1014 2304 descriptae
1027 2267 1131 2300 sunt;
1150 2273 1198 2296 ex
1210 2265 1269 2296 his
1281 2265 1430 2306 paginis
1442 2265 1604 2306 singulae
1616 2266 1799 2306 paginam

159 2318 189 2352 1}
209 2321 381 2358 aequant,
403 2318 538 2358 quales
558 2320 693 2349 nostra
715 2317 832 2349 editio
853 2317 1021 2349 exhibet.
1044 2318 1087 2348 In
1107 2317 1183 2349 hac
1205 2318 1309 2349 enim
1330 2319 1474 2358 ubique
1494 2319 1553 2350 usi
1569 2328 1705 2350 sumus
1721 2328 1799 2351 uno

156 2379 296 2411 genere
316 2373 519 2411 typorum;
545 2379 637 2402 cum
658 2379 753 2402 vero
774 2379 962 2402 numeros
982 2371 1214 2411 paginarum
1236 2372 1415 2403 editionis
1436 2372 1620 2412 principis
1640 2372 1678 2403 in
1699 2382 1801 2403 mar-

155 2423 240 2464 gine
260 2423 444 2455 interiore
465 2423 745 2460 addiderimus,
767 2423 882 2455 facile
899 2426 956 2455 est
972 2424 1186 2464 legentibus
1202 2425 1436 2464 perspicere,
1459 2427 1591 2456 utrum
1611 2428 1799 2465 typorum

154 2484 275 2516 genus
291 2476 329 2508 in
345 2485 502 2517 quaque
517 2476 659 2517 pagina
676 2476 896 2508 adhibitum
913 2476 971 2508 sit.
