2209 3213
419 204 495 239 430
816 200 1286 238 APOLOGETICA
1309 199 1666 238 RESPONSIO

418 309 484 346 Sic
500 311 616 345 enim
633 319 767 353 usqve
782 307 835 344 ad
855 305 917 350 bui
931 306 1146 353 sphaeram
1158 305 1295 343 attolli
1307 306 1429 352 posse,
1446 305 1551 343 falso
1564 308 1640 343 ais.
1659 307 1789 353 Atqvi
1802 306 1897 344 haec
1910 306 2056 345 Maxi-

418 373 491 398 ma
510 361 618 398 nihil
636 361 749 406 qvod
766 359 1004 396 Aristotelis
1025 359 1278 396 authoritati
1295 359 1574 402 contradicat,
1595 359 1772 403 inducit,
1793 359 2000 407 fiqvidem
2021 362 2056 398 is

418 415 524 451 libro
542 414 728 450 secundo
745 413 797 450 de
816 412 944 450 Coelo
957 424 979 449 e
993 411 1412 450 Mathematicorum
1429 412 1737 456 assertionibus,
1755 413 1909 459 qvibus
1926 415 2057 451 etiam

416 467 641 508 subscribit,
665 468 722 503 ita
744 466 944 512 disputat:
966 466 1039 503 Ex
1057 475 1147 513 qvo
1166 464 1339 503 extima
1356 464 1464 503 coeIi
1479 463 1714 513 conversio
1729 464 1992 515 fitsimplex,
2015 466 2061 504 df

417 519 549 557 conci
553 517 770 565 tatissima,
782 518 1034 557 inferiores
1042 520 1209 563 motus,
1222 518 1300 567 qui
1309 518 1418 557 huic
1428 518 1815 564 contranituntur,
1825 530 2056 568 qvoprox-

415 572 606 610 imiores
618 570 705 619 sint
714 570 908 620 simplici
922 570 992 609 iIIi
1006 571 1049 610 ἂ
1060 571 1229 620 primae
1246 570 1634 617 circumvec‘tioni,
1657 583 1712 610 eo
1729 571 1933 622 longiori
1948 575 2057 611 tem-

412 637 526 674 pore
548 624 730 673 cursum
746 623 881 673 suum
904 623 1157 673 absolvunt,
1182 635 1330 674 eoqve
1355 624 1534 663 tardius
1555 625 1943 671 contranituntur,
1969 637 2058 674 qvo

418 689 529 716 vero
545 677 832 723 remotiores,
851 689 907 716 eo
923 677 1063 716 citius
1079 689 1226 727 eque
1243 678 1458 717 celerius.
1478 679 1542 716 Ac
1559 679 1664 716 dicis
1681 678 1955 717 Aristotelem
1971 679 2057 716 illic

415 744 504 769 non
528 732 579 769 de
603 731 922 774 sublunaribus,
949 731 1018 769 sed
1042 731 1094 769 de
1118 731 1359 769 coelestibus
1383 731 1654 779 Corporibus
1680 732 1811 779 loqvi.
1838 732 1967 770 Certe
1993 743 2057 775 ea,

415 797 511 831 qvae
528 786 666 822 motui
683 787 824 831 primo
841 785 878 822 &
896 785 1124 822 celerrimo
1143 785 1205 822 illi
1224 790 1351 832 atqve
1368 785 1603 823 universali
1618 785 1714 822 sunt
1730 785 1934 829 obnoxia,
1952 797 1978 823 a
1994 797 2057 823 re-

414 838 542 884 liqva,
561 850 657 884 qvae
670 837 716 875 fit
728 840 773 875 in
786 840 1067 881 contrarium,
1080 836 1323 881 affectione,
1337 840 1469 876 eximi
1481 841 1554 876 vix
1568 840 1766 886 poterint,
1780 844 1819 876 et
1831 838 1860 876 fi
1873 839 2059 877 Cometa

414 892 539 939 longe
557 891 669 928 infra
687 893 752 937 (¹¹¹
770 893 917 933 extitit,
935 891 1047 929 adeo
1064 896 1109 929 ut
1125 893 1198 929 vix
1210 891 1234 930 8
1247 891 1315 929 vel
1327 893 1351 930 9
1366 904 1392 930 a
1408 894 1531 929 terris
1548 897 1847 930 removeretur
1862 891 2057 930 semidia-

414 946 573 987 metris,
598 950 644 982 ut
668 945 821 982 volunt
843 944 991 982 vestrae
1015 944 1260 991 positiones,
1285 945 1440 992 qvibus
1464 941 1478 995 ΙΙ
1500 957 1599 983 eam
1622 945 1872 983 Parallaxin
1895 946 1918 983 5
1942 945 2012 982 vel
2034 946 2058 983 6

414 1000 603 1044 partium
626 997 830 1035 admifisse
854 1000 959 1035 citra
982 1009 1161 1035 omnem
1185 1003 1325 1036 ratam
1346 1000 1662 1045 experientiam
1683 999 1954 1042 contenditis,
1978 1000 2056 1036 uti-

415 1063 495 1098 qve
516 1051 644 1099 longe
665 1053 884 1088 minorem
904 1063 930 1088 a
951 1051 1099 1089 Terrae
1120 1051 1344 1098 superficie
1363 1051 1574 1099 descripsit
1595 1052 1820 1094 ambitum,
1843 1063 1974 1098 qvam
1991 1053 2056 1097 ((3,

414 1105 598 1151 ideoqve
624 1105 761 1142 multo
788 1106 912 1142 citius
934 1109 974 1142 et
994 1104 1165 1142 facilius
1191 1107 1330 1142 motui
1355 1107 1510 1152 primo,
1535 1117 1667 1152 qvam
1692 1104 1800 1149 haec,
1826 1106 2058 1142 contraniti

414 1160 563 1205 potuit.
591 1158 745 1205 Neqve
771 1160 902 1195 etiam
928 1158 971 1195 id
994 1169 1021 1195 a
1043 1157 1128 1195 levi
1151 1157 1189 1195 8(
1212 1160 1339 1206 ignea
1365 1160 1459 1206 ejus
1484 1161 1668 1196 materia
1694 1170 1716 1195 e
1742 1157 2058 1196 fumofitatibus

415 1211 587 1257 (qvibus
608 1211 709 1258 qvid
731 1211 785 1249 est
805 1211 1118 1249 inconstantius
1139 1216 1179 1249 et
1200 1213 1456 1250 concitatius
1465 1211 1501 1258 Ρ)
1526 1216 1571 1249 ut
1591 1224 1670 1249 vos
1690 1211 1832 1255 vultis,
1857 1216 2059 1249 concreta

414 1265 621 1307 alienum,
639 1264 708 1302 sed
725 1267 922 1312 apprime
939 1264 1001 1301 illi
1018 1264 1259 1302 consonum
1275 1264 1342 1303 est.
1361 1264 1477 1303 Cum
1490 1265 1664 1312 qvidem
1676 1267 1721 1302 in
1733 1267 1875 1312 prima
1887 1266 2057 1312 appari-

414 1320 530 1355 tione
548 1318 780 1355 Cometam
797 1329 932 1365 prope
951 1319 1016 1363 (Cn
1034 1329 1198 1355 novam
1214 1317 1467 1365 spectassent,
1490 1320 1657 1366 opinati
1678 1318 1772 1356 sunt
1794 1329 1896 1356 eum
1912 1322 2057 1355 motus

413 1371 474 1408 sui
499 1371 716 1409 celeritate
740 1371 876 1418 ipsam
898 1371 1038 1409 multo
1062 1371 1292 1409 intervallo
1315 1371 1404 1419 post
1427 1371 1467 1409 se
1491 1370 1755 1415 relicturum,
1779 1373 1989 1418 citiusqve
2012 1373 2058 1408 in

414 1426 625 1462 orientem
647 1430 1001 1472 properaturum;
1024 1424 1165 1472 Cujus
1181 1430 1330 1463 tamen
1347 1427 1627 1469 contrarium,
1650 1437 1741 1462 non
1761 1424 1848 1462 fine
1870 1425 2056 1462 admira—

413 1480 530 1515 tione
543 1477 895 1525 subseqventibus
908 1477 1060 1515 diebus
1072 1476 1327 1525 spectarunt,
1340 1478 1492 1516 lumen
1502 1478 1713 1521 videlicet,
1726 1478 1917 1525 plurimo
1929 1480 2056 1515 inter-

413 1531 519 1568 stitio
541 1530 773 1569 Cometam
794 1532 1049 1578 praevertisse
1070 1536 1281 1578 tanqvam
1302 1531 1650 1569 revolutionibus
1671 1531 1756 1569 suis
1776 1531 2056 1578 superiorem,

414 1590 451 1621 et
468 1584 510 1621 id
527 1586 658 1622 etiam
675 1590 798 1622 motu
814 1585 1062 1628 tardiorem,
1081 1584 1192 1622 adeo
1209 1590 1255 1622 ut
1271 1585 1594 1632 propemodum
1606 1587 1659 1630 ((3
1674 1590 1737 1622 ter
1748 1585 1870 1622 suam
1886 1583 2056 1622 revolu-

412 1639 576 1675 tionem
593 1649 668 1685 per
684 1643 824 1675 totum
836 1638 1078 1676 Zodiacum
1095 1638 1336 1682 absolverit,
1353 1640 1520 1676 interea
1532 1638 1637 1676 dum
1651 1638 1837 1676 Cometa
1847 1639 1921 1675 vix
1932 1648 2055 1685 qvar-

412 1696 501 1728 tarn
519 1691 617 1728 coeli
633 1696 801 1738 partem
816 1691 1016 1729 emensus
1031 1691 1097 1728 est.
1116 1691 1233 1737 Qvin
1246 1697 1285 1729 et
1298 1691 1509 1729 confimili
1520 1693 1911 1739 argumentationis
1923 1691 2055 1728 modo

413 1743 512 1781 usus
534 1744 588 1781 est
609 1744 1025 1787 WINCHLERUS‚
1050 1746 1122 1791 qvi
1143 1756 1234 1782 non
1255 1747 1465 1782 minimus
1486 1745 1795 1792 discipulorum
1817 1743 2055 1782 Aristotelis

414 1796 564 1835 haberi
576 1797 679 1840 vult,
697 1798 802 1835 dum
814 1798 999 1845 probare
1012 1797 1181 1836 laborat
1194 1797 1426 1836 Cometam
1437 1798 1717 1836 sublunarem
1729 1797 1857 1840 fuisse,
1875 1809 1927 1835 eo
1940 1797 2055 1844 qvod

413 1862 503 1887 non
523 1856 613 1888 tam
633 1849 817 1897 perfecte
840 1851 877 1888 8(
898 1851 1103 1889 velociter
1123 1856 1246 1889 motu
1269 1853 1411 1899 primo
1434 1851 1696 1899 rapiebatur,
1721 1856 1851 1898 atque
1869 1852 1935 1896 ((3,
1959 1850 2055 1893 five,

413 1904 526 1950 qvod
550 1904 665 1941 idem
689 1904 755 1947 est,
779 1904 877 1951 plus
900 1910 1023 1942 motu
1046 1906 1223 1951 proprio
1247 1904 1512 1942 revolutioni
1535 1904 1781 1948 universali,
1806 1915 1937 1951 qvam
1961 1903 2056 1941 haec

414 1956 558 2003 (ipsius
580 1957 805 2004 opinione)
830 1957 1034 2000 restiterit,
1058 1959 1213 1995 iccirco
1237 1969 1339 1995 eum
1363 1958 1437 1995 sub
1459 1958 1585 1995 Luna
1608 1957 1736 1995 fuisse.
1761 1957 1811 1995 Et
1834 1957 1935 1994 sane
1958 1956 2057 1995 satis

412 2009 647 2055 plausibilis
668 2010 777 2048 foret
799 2009 1003 2053 inductio,
1026 2011 1055 2048 si
1076 2011 1130 2054 id,
1153 2011 1268 2058 qvod
1289 2013 1335 2048 in
1355 2016 1479 2049 motu
1496 2011 1694 2049 Cometae
1711 2022 1812 2048 cum
1829 2010 1955 2048 Luna
1972 2010 2055 2048 col-

413 2063 500 2099 lato
518 2062 666 2105 adfert,
684 2063 839 2101 falsum
855 2075 946 2101 non
963 2063 1282 2111 deprehensum
1298 2064 1443 2107 fuisset,
1462 2064 1836 2112 qvemadmodum
1850 2063 1946 2101 haec
1960 2075 2055 2111 pag.

413 2116 490 2152 440
507 2115 543 2152 8(
560 2115 760 2163 seqvente
782 2117 912 2154 latius
928 2129 954 2154 a
970 2129 1040 2154 me
1060 2117 1345 2164 explicantur.
1368 2117 1455 2155 Ubi
1475 2124 1624 2155 tamen
1645 2129 1736 2154 non
1757 2116 2056 2154 universaliter

414 2169 625 2215 qvadrare
643 2169 829 2212 ostendo,
848 2170 876 2206 fi
894 2172 986 2216 qvis
1004 2182 1026 2207 e
1044 2171 1331 2209 Cometarum
1349 2172 1651 2213 concitatione,
1667 2170 1737 2208 vel
1753 2170 1964 2213 tarditate,
1985 2181 2055 2207 eo-

413 2233 511 2258 rum
524 2233 549 2258 a
560 2224 683 2259 terris
700 2224 990 2260 remotionem
1002 2223 1071 2260 vel
1087 2224 1142 2261 ad
1159 2223 1273 2262 hanc
1291 2225 1763 2271 appropinqvationem
1778 2224 1929 2260 rimari
1940 2222 2054 2266 velit,

414 2279 508 2312 utut
524 2286 677 2312 omnes
694 2287 847 2313 revera
862 2278 907 2312 in
924 2276 1013 2323 ipso
1031 2276 1143 2314 coelo
1160 2283 1433 2324 generentur.
1451 2277 1620 2315 Possunt
1632 2278 1750 2314 enim
1762 2276 1890 2324 supra
1902 2277 1966 2321 (ζῐῃ
1979 2276 2055 2313 esse

414 2333 453 2365 et
469 2327 757 2365 nihilominus
774 2333 943 2366 motum
960 2329 1042 2367 hac
1059 2330 1313 2368 celeriorem
1330 2331 1538 2373 obtinere,
1556 2332 1646 2367 imo
1658 2340 1981 2376 nonnunqvam
1992 2330 2054 2366 ni-

414 2380 475 2417 hil
491 2380 621 2427 plane
638 2383 776 2418 motui
793 2383 934 2428 primo
951 2385 1219 2425 contrariari,
1241 2383 1310 2421 sed
1328 2383 1446 2421 hunc
1462 2388 1552 2421 tam
1569 2381 1700 2421 ductu
1715 2384 1905 2429 proprio,
1923 2393 2055 2429 qvam

413 2439 536 2470 motu
557 2438 705 2480 raptus
726 2434 854 2480 seqvi,
876 2440 922 2471 ut
943 2437 988 2471 in
1005 2435 1192 2473 Cometa
1208 2439 1314 2474 anni
1330 2437 1382 2474 80
1397 2436 1600 2480 vidimus,
1622 2447 1707 2483 qva
1728 2436 1780 2473 de
1801 2447 1846 2473 re
1865 2447 1960 2482 pag.
1977 2435 2054 2472 442

413 2488 563 2533 paucis
581 2489 658 2534 egi.
677 2487 788 2524 Haec
805 2489 932 2534 igitur
944 2487 973 2524 fi
984 2490 1029 2525 in
1044 2490 1180 2526 citatis
1197 2489 1302 2527 locis
1319 2490 1545 2537 diligenter
1560 2489 1840 2536 perlustraris,
1857 2489 2054 2526 invenies

1868 2541 2052 2589 plenius,

2096 471 2115 501 †

2096 534 2111 558 5

2100 799 2129 824 10

2087 953 2142 983 llr

2100 1065 2129 1089 15

2096 1331 2129 1356 20

2095 1597 2128 1621 25

2095 1863 2128 1888 30

2094 2129 2127 2154 35

2093 2394 2126 2419 40
