2209 3213
349 234 414 271 186
840 230 922 266 DE
944 228 1168 266 MUNDI
1189 226 1489 264 AETHEREI

397 339 482 375 Hae.
508 337 601 374 sunt
627 335 963 373 Obseruationes
991 334 1122 371 huius
1148 332 1359 376 Cometae‚
1390 343 1499 378 quas
1524 331 1660 370 dictus
1686 332 1981 370 Illustrissimus

344 392 543 436 Princeps
559 388 666 426 mihi
684 387 919 429 transmisit,
937 386 1093 433 easque
1105 388 1150 423 in
1162 386 1275 422 Arce
1287 384 1362 422 sua
1375 384 1616 423 Cassellana
1628 384 1792 429 habuit,
1804 385 1875 423 vbi
1888 386 1981 423 Poli

342 443 639 483 Altitudinem,
657 448 757 477 tunc
769 441 988 486 temporis,
1005 450 1081 486 per
1093 439 1247 476 eadem
1260 437 1545 475 Instrumenta
1557 438 1856 483 adinuenerat,
1871 439 1913 476 P.
1927 439 1979 476 51.

343 496 403 532 M.
417 496 469 537 18,
487 495 582 531 licet
599 494 753 540 postea,
771 492 1059 530 exactioribus
1072 491 1109 529 8(
1120 492 1343 529 renouatis
1356 490 1556 538 Organis‚
1574 491 1760 529 eandem
1771 503 1859 529 vno
1871 492 1980 529 scru-

341 549 444 595 pulo
470 549 683 584 maiorem
708 545 1052 592 deprehenderit.
1084 544 1220 582 Nolui
1246 550 1395 582 tamen
1420 543 1502 581 hac
1527 546 1573 581 in
1598 551 1718 591 parte
1743 547 1981 592 quicquam
2019 558 2034 582 5

340 603 521 641 variare,
543 599 790 646 praesertim,
812 610 911 635 curn
932 600 1110 635 vnicum
1131 597 1239 635 illud
1259 596 1522 644 scrupulum,
1546 599 1620 639 rei,
1643 609 1777 644 quam
1798 598 1980 635 intendi-

339 665 448 695 mus,
464 654 697 690 Veritatem
710 663 800 689 non
816 651 1035 698 impediat.
1054 651 1117 688 Ex
1129 651 1197 688 his
1208 652 1335 697 igitur
1346 650 1799 688 animaduerfionibus
1812 651 1981 688 coelitus

339 708 392 743 ab
405 706 533 752 ipfius
546 705 808 743 Celsitudine
821 704 990 747 habitis,
1008 703 1259 746 nonnullas,
1275 714 1384 750 quas
1397 702 1635 741 exacstiores
1648 704 1980 742 commodiores—

339 771 422 805 que
444 759 709 802 iudicauerO,
731 757 918 805 seligam,
941 757 1097 804 easque
1118 756 1395 794 Geometrice
1419 755 1456 793 &
1476 755 1773 800 Arithmetice,
1795 763 1837 794 vt
1858 757 1980 795 Phae-

339 823 529 849 nomena
546 811 678 848 huius
696 810 894 848 Cometae
911 812 1067 848 certius
1084 809 1121 847 &
1138 809 1312 857 planius
1328 809 1609 853 innotescant,
1631 811 1677 847 in
1695 809 1813 847 hunc
1830 812 1904 857 qui
1920 810 1978 848 se-
2021 823 2051 848 ιο

339 867 483 911 quitur
500 865 693 907 modum,
711 864 969 910 expendam.
987 860 1002 912 ΙΙ

390 917 556 962 Primo,
583 917 646 954 Ex
672 916 929 963 quibusdam
951 916 1062 953 datis
1085 914 1334 953 Azimuthis
1358 915 1395 952 8(
1418 915 1745 959 Altitudinibus,
1768 928 1856 954 vna
1879 928 1979 954 cum
2003 923 2067 954 217

337 977 531 1017 tempore
548 971 762 1017 assignato‚
780 969 1117 1017 Longitudinem
1129 968 1166 1006 8(
1178 968 1473 1006 Latitudinem
1486 968 1683 1006 Cometae
1699 969 1977 1017 inuestigabo,

337 1025 513 1061 assumto
528 1023 624 1060 loco
637 1023 760 1065 Solis,
778 1023 954 1069 qualem
966 1024 1155 1070 propriae
1167 1021 1320 1060 nostrae
1332 1021 1529 1066 Tabulae,
1546 1024 1591 1059 in
1607 1021 1737 1069 ipfius
1749 1033 1771 1059 e
1784 1022 1977 1061 correcti-

338 1077 483 1114 oribus
497 1076 883 1114 Obseruationibus
895 1075 1083 1113 restituto
1098 1075 1234 1119 cursu,
1252 1074 1469 1119 exhibent,
1487 1074 1525 1112 8(
1540 1074 1754 1113 seruando
1766 1080 1976 1121 tenorem,
2019 1089 2048 1113 15

338 1142 425 1176 quo
452 1129 605 1176 Capite
631 1129 844 1173 Secundo,
875 1128 1110 1176 praesertim
1135 1130 1180 1165 in
1205 1128 1386 1166 Stellula
1412 1139 1511 1175 quae
1537 1127 1592 1166 est
1616 1130 1662 1166 in
1687 1129 1837 1166 dextro
1861 1140 1976 1176 genu

336 1183 491 1230 Pegasi,
513 1183 610 1220 vsus
630 1182 739 1226 sum;
760 1182 831 1220 vbi
853 1193 905 1219 ex
925 1181 1165 1219 Azimutho
1187 1181 1224 1218 8(
1245 1181 1487 1219 Altitudine
1508 1182 1563 1219 ad
1584 1187 1749 1219 certum
1769 1184 1976 1229 temporis

336 1242 609 1273 momentum
621 1236 743 1278 datis,
760 1235 945 1282 locoque
957 1235 1069 1273 Solis
1081 1237 1265 1282 cognito,
1282 1236 1473 1281 primum
1485 1234 1839 1273 Declinationem
1851 1235 1888 1272 8(
1900 1235 1975 1272 As-

337 1288 580 1326 cenfionem
598 1287 784 1331 Rec‘tam,
804 1288 841 1325 8(
861 1300 913 1325 ex
933 1288 1001 1325 his
1019 1288 1176 1325 deinde
1193 1287 1531 1335 Longitudinem
1548 1287 1585 1325 8(
1602 1287 1895 1326 Latitudinem
1911 1290 1973 1326 in-

336 1342 574 1388 quirebam.
599 1341 645 1379 Id
667 1341 816 1379 saltem
839 1341 1294 1384 animaduertendum,
1316 1340 1434 1388 quod
1456 1340 1578 1378 locus
1601 1340 1725 1385 Solis,
1750 1353 1881 1388 quem
1903 1341 1974 1379 hic
2012 1353 2046 1378 20

335 1394 625 1441 applicuimus
643 1406 695 1432 ex
712 1395 945 1432 Neoterica
961 1394 1236 1439 restitutione,
1253 1393 1468 1441 praeeifior
1484 1393 1539 1432 est
1555 1405 1620 1438 60,
1640 1406 1728 1441 quo
1744 1396 1790 1432 in
1805 1400 1973 1432 antece-

335 1448 535 1485 dentibus
556 1447 795 1494 Capitibus,
818 1447 949 1485 ficubi
970 1449 1063 1485 eius
1083 1449 1237 1485 notitia
1257 1447 1570 1494 requirebatur,
1593 1447 1652 1484 vfi
1671 1447 1831 1485 sumus.
1855 1448 1974 1485 Nam

336 1500 409 1537 illo
425 1506 631 1547 tempore,
649 1501 848 1538 nondum
864 1502 1035 1538 maiora
1050 1500 1125 1538 illa
1138 1500 1316 1548 Organa
1329 1505 1483 1548 parata
1496 1506 1632 1545 erant,
1649 1501 1807 1547 quibus
1823 1503 1974 1539 omnia

334 1554 477 1600 postea
501 1554 628 1601 longe
653 1553 847 1591 subtilius
872 1553 1102 1591 demensus
1125 1553 1231 1591 sum.
1257 1553 1326 1592 Sic
1351 1555 1483 1591 etiam
1505 1553 1754 1591 Declinatio
1779 1556 1974 1592 maxima
2011 1557 2031 1587 †

334 1618 450 1644 nunc
465 1608 696 1651 assumitur,
713 1607 755 1644 P.
768 1607 830 1644 23.
844 1606 906 1644 M.
920 1607 973 1650 31,
991 1608 1214 1654 quaternis
1229 1606 1439 1653 scrupulis
1454 1608 1596 1644 maior
1612 1618 1746 1654 quam
1762 1609 1807 1644 in
1823 1609 1973 1654 priori·
2012 1619 2044 1644 25

333 1659 430 1703 bus;
452 1671 504 1697 eo
525 1660 643 1707 quod
663 1660 937 1707 postmodum
958 1671 1057 1698 eam
1076 1665 1243 1698 tantam
1265 1660 1353 1704 esse,
1374 1659 1444 1697 vel
1463 1661 1607 1707 potius
1628 1660 1808 1698 dimidio
1829 1660 1973 1698 adhuc

334 1712 533 1760 scrupulo
557 1715 784 1756 maiorem,
810 1713 1127 1751 adiuuenerim.
1158 1713 1227 1751 Ne
1252 1724 1369 1756 vero,
1399 1714 1445 1750 in
1469 1713 1700 1751 recitandis
1725 1713 1911 1761 Angulis
1936 1713 1974 1751 8(

334 1766 558 1803 Lateribus
574 1766 934 1813 prouenientibus
951 1768 995 1803 in
1011 1766 1094 1804 hac
1110 1766 1368 1814 Pragmatia‚
1386 1768 1523 1804 nimia
1536 1766 1782 1813 prolixitate
1793 1767 1974 1804 taedium

333 1817 480 1856 lectori
500 1821 681 1866 pariam,
703 1819 851 1857 saltem
872 1819 982 1866 ipsas
998 1819 1281 1857 Ascenfiones
1302 1817 1453 1857 Rectas
1470 1819 1507 1856 8(
1524 1819 1864 1863 Declinationes,
1885 1831 1974 1857 vna

333 1883 432 1909 cum
444 1871 511 1909 his
523 1871 811 1919 superstructis
823 1873 1187 1920 Longitudinibus
1199 1872 1237 1910 &
1248 1872 1581 1916 Latitudinibus,
1598 1872 1846 1911 summatim
1858 1884 1973 1910 com·
2012 1884 2046 1909 30

333 1925 600 1962 memorabo.
622 1925 711 1971 Qui
730 1925 1046 1972 supputationis
1062 1925 1361 1973 Triangularis
1381 1926 1617 1972 processum
1638 1925 1857 1971 desiderat,
1879 1926 1974 1964 haec

332 1977 421 2024 ipsa
437 1977 641 2016 adhibeat
657 1978 711 2015 ad
729 1990 792 2022 ea,
815 1990 914 2025 quae
934 1981 1062 2016 citato
1080 1978 1235 2026 Capite
1252 1978 1290 2016 &
1306 1979 1416 2022 1060,
1437 1980 1483 2016 in
1504 1977 1616 2016 dicta
1632 1978 1764 2017 Stella
1785 1980 1839 2017 ad
1859 1991 1975 2027 genu

333 2030 488 2077 Pegasi,
515 2031 814 2077 explicuimus.
841 2032 1012 2069 Videbit
1034 2031 1135 2069 sane
1159 2034 1321 2076 omnia,
1348 2043 1436 2079 quo
1460 2032 1515 2069 ad
1538 2043 1759 2075 numeros,
1785 2034 1830 2069 in
1856 2032 1973 2070 hunc

332 2084 526 2125 modum,
543 2089 671 2130 prout
686 2083 936 2128 referemus,
953 2087 1201 2131 prouenire.

385 2135 485 2173 DIE
505 2136 578 2173 XI.
601 2137 957 2181 NOVEMBRIS,
979 2137 1106 2175 Hora
1122 2138 1157 2175 6.
1181 2138 1243 2175 M.
1261 2138 1297 2180 7,
1319 2137 1417 2175 loco
1438 2137 1550 2175 Solis
1572 2149 1594 2174 e
1614 2139 1801 2186 proprijs
1822 2138 1973 2176 nostris
2011 2149 2044 2175 35

332 2188 510 2226 Tabulis
535 2189 747 2231 existente,
771 2190 813 2227 P.
835 2190 897 2227 29.
923 2191 985 2227 M.
1008 2191 1067 2229 165
1094 2197 1149 2238 m,
1176 2202 1229 2228 ex
1251 2190 1492 2228 Azimutho
1517 2190 1714 2228 Cometae
1737 2202 1764 2228 a
1785 2191 1972 2229 Meridie

332 2241 477 2279 versus
490 2242 713 2284 Occasum,
732 2243 773 2279 P.
790 2243 852 2280 55.
871 2243 933 2280 Μ.
950 2243 1012 2286 40,
1031 2243 1068 2281 8(
1084 2244 1340 2286 Altitudine,
1357 2244 1399 2281 P.
1416 2244 1452 2281 4.
1475 2243 1538 2281 M.
1556 2244 1608 2285 12,
1626 2246 1828 2290 prouenit
1843 2244 1972 2291 ipfius

332 2294 591 2337 Declinatio‚
616 2295 657 2332 P.
676 2296 727 2333 17.
747 2295 809 2332 M.
827 2296 862 2339 8,
886 2296 1025 2333 Austr.
1042 2296 1244 2334 Ascenfio
1266 2295 1407 2339 Recta,
1431 2296 1473 2333 P.
1490 2296 1579 2334 269.
1598 2296 1660 2333 M.
1678 2296 1731 2341 18,
1756 2297 1793 2334 &
1817 2297 1971 2345 Longi-

331 2347 436 2384 tudo
458 2350 550 2384 eius
571 2350 617 2384 in
635 2348 677 2384 P.
694 2348 756 2385 29.
775 2348 837 2385 M.
856 2349 896 2386 18
918 2353 974 2393 a,
997 2360 1096 2386 cum
1117 2350 1377 2393 Latitudine‚
1398 2350 1441 2386 P.
1459 2349 1494 2387 6.
1512 2349 1575 2386 M.
1593 2349 1643 2386 32
1660 2350 1818 2393 Borea;
1840 2351 1970 2397 quod,

332 2411 420 2446 quo
437 2401 491 2438 ad
508 2400 855 2447 Longitudinem,
872 2402 1146 2439 mediocriter
1162 2403 1272 2440 bene
1289 2414 1389 2440 cum
1406 2402 1547 2440 nostra
1563 2405 1849 2440 annotatione
1866 2415 1970 2450 qua·
2010 2414 2043 2439 -ιο

331 2453 436 2490 drat.
459 2453 508 2490 In
529 2453 775 2490 Latitudine
794 2450 808 2503 ΙΙ
828 2455 1052 2492 euidenter
1072 2455 1126 2492 ab
1148 2466 1200 2492 ea
1221 2455 1440 2502 discrepat.
1462 2455 1545 2492 Sed
1566 2454 1652 2502 ipse
1674 2455 1971 2494 Illustrissimus
1995 2461 2060 2494 218

330 2505 532 2553 Princeps
554 2512 767 2553 oportune
790 2507 1008 2551 admonet,
1030 2508 1162 2545 huius
1178 2509 1262 2545 diei
1280 2508 1642 2546 obseruationem
1658 2520 1749 2546 non
1764 2509 1862 2547 satis
1879 2509 1971 2547 dili—

1797 2567 1969 2609 gentem
