2209 3213
138 707 202 739 337

158 819 188 844 10

155 1085 185 1110 15

147 1351 181 1377 20

145 1617 178 1642 25

145 1883 179 1908 30

143 2149 176 2174 35

553 225 1074 264 RECENTIORIBUS
1095 227 1553 265 PHAENOMENIS
1801 228 1877 267 273

232 331 472 369 tulerimus.
490 331 679 369 Prodibit
696 333 814 369 enim
831 344 883 369 ex
900 333 1097 370 distantia
1112 333 1166 371 ab
1184 345 1248 377 ea,
1265 345 1365 380 quae
1381 335 1427 370 in
1443 334 1514 371 ala
1529 334 1681 381 Cygni,
1700 334 1737 371 8(
1754 334 1875 372 Ridtu

232 384 388 431 Pegafi,
406 384 651 432 Longitudo
668 384 865 423 Cometae
882 387 927 423 in
944 386 1165 433 expletum
1181 387 1213 423 ll
1229 387 1412 433 gradum
1436 388 1491 430 )(‚
1509 399 1608 424 cum
1625 387 1873 425 Latitudine

230 436 273 474 P.
290 437 353 475 28.
371 437 434 474 M.
446 437 509 480 49,
526 437 597 475 vbi
613 439 659 474 in
676 438 965 485 Longitudine
1017 441 1146 476 vnius
1162 440 1333 487 gradus,
1350 442 1396 476 in
1412 440 1659 477 Latitudine
1676 452 1780 478 vero
1797 440 1873 478 sal-

230 495 317 527 tem
332 490 633 537 scrupulorum
646 491 669 528 5
682 493 893 538 reperitur
909 490 1111 529 defectus.
1129 492 1410 530 Conferendo
1423 504 1526 530 vero
1539 493 1722 530 alteram
1734 495 1873 531 anim-

229 542 544 587 aduerfionem,
567 555 655 590 qua
675 544 776 581 dicit
797 544 1029 582 Cometam
1049 545 1164 582 fuisse
1186 545 1305 592 quasi
1326 548 1371 582 in
1392 557 1479 583 vna
1499 546 1616 583 linea
1637 545 1751 584 recta
1772 559 1872 584 cum

228 595 410 633 Stellula
430 598 475 633 in
495 596 656 634 finiflro
676 608 791 644 genu
812 597 968 645 Pegasi,
993 597 1030 635 &
1053 598 1171 635 clara
1191 600 1236 635 in
1257 598 1444 636 humero
1465 598 1552 636 fiue
1574 599 1645 636 ala
1667 599 1870 643 eiusdem,

228 648 395 686 elicitur
410 650 456 686 in
471 649 649 687 transitu
665 649 797 687 huius
813 650 943 688 lineae
959 662 1036 697 per
1051 653 1170 688 viam
1187 651 1398 695 Cometae‚
1417 651 1547 698 ipfius
1564 652 1809 699 Longitudo
1826 655 1871 690 in

226 707 333 748 part.
351 702 404 739 12.
421 704 526 740 min.
544 703 585 740 12
608 705 663 746 )(‚
686 714 786 740 cum
802 700 1085 753 Latitudi-Hne
1103 704 1157 741 G.
1174 704 1237 742 28.
1256 704 1318 741 M.
1336 705 1403 747 56;
1425 705 1496 742 vbi
1518 705 1870 743 animaduerten-

226 754 344 799 dum,
361 755 699 803 Longitudinem
717 767 816 803 quae
833 758 952 803 prius
969 768 995 794 a
1011 756 1153 794 nostra
1204 757 1361 804 gradus
1378 757 1616 801 deficiebat,
1634 769 1751 795 nunc
1768 770 1869 796 ean-

225 808 325 845 dem
347 808 482 856 duplo
505 808 602 855 plus
626 809 847 853 excedere,
871 811 930 847 ita
950 814 993 846 vt
1013 809 1155 847 nostra
1178 809 1245 847 his
1268 809 1314 847 fit
1336 811 1607 855 intermedia,
1632 812 1749 857 quod
1772 811 1870 849 satis

225 860 404 898 ostendit
427 873 527 899 eam
549 861 693 899 debito
718 862 851 899 modo
874 862 914 899 se
938 861 1156 906 exhibere,
1183 862 1221 900 &
1246 862 1558 900 Moestlinianae
1584 864 1773 902 tarditati
1799 865 1868 911 (de

224 925 313 960 qua
327 916 448 961 prius
464 914 671 961 diximus)
688 926 779 952 non
795 917 1013 952 immerito
1030 915 1251 963 derogare.
1271 915 1320 953 In
1337 916 1584 953 Latitudine
1601 916 1673 953 hic
1689 920 1868 964 propius

224 967 528 1012 consentimus,
538 967 636 1005 licet
645 979 725 1005 nec
734 973 865 1006 antea
873 968 1115 1006 admodum
1124 968 1328 1006 sensibilis
1338 968 1466 1006 fuerit
1476 968 1731 1007 differentia.
1743 970 1867 1008 Vnde

223 1031 276 1058 ea
299 1032 399 1068 quae
422 1021 475 1058 de
496 1021 756 1059 Latitudinis
778 1021 1093 1069 irregularitate
1114 1033 1140 1059 3
1160 1021 1388 1059 Thaddaeo
1412 1021 1697 1066 insinuantur,
1721 1025 1868 1061 minus

223 1073 451 1120 quadrant.

274 1126 564 1174 Sequentibus
581 1127 749 1174 aliquot
762 1127 914 1166 diebus
927 1129 985 1165 ait
996 1127 1036 1165 se
1050 1127 1282 1166 Cometam
1294 1139 1385 1165 non
1397 1128 1665 1175 conspexisse‚
1683 1140 1735 1166 eo
1748 1130 1866 1176 quod

219 1180 441 1218 turbidum
453 1181 546 1218 esset
558 1180 749 1224 Coelum,
766 1181 898 1228 Vsque
910 1183 956 1218 in
966 1181 1045 1218 VII
1058 1181 1265 1228 Ianuarij‚
1282 1181 1352 1218 vbi
1369 1186 1547 1218 tenuem
1560 1181 1597 1219 8(
1608 1193 1754 1219 raram
1772 1184 1865 1220 eius

219 1233 419 1271 vmbram
437 1233 832 1278 animaduertebat;
855 1234 892 1271 &
912 1234 1057 1281 postea
1073 1234 1240 1281 aliquot
1256 1234 1420 1278 diebus,
1441 1234 1511 1272 sed
1532 1235 1773 1272 admodum
1789 1236 1862 1273 ob-

218 1285 350 1330 scure,
373 1285 609 1334 spectatum
630 1286 746 1325 fuisse
769 1287 909 1332 refert,
932 1288 1044 1325 adeo
1066 1293 1110 1325 vt
1130 1287 1308 1325 tandem
1328 1287 1410 1325 XII
1433 1293 1508 1325 aut
1531 1287 1632 1325 XIII
1654 1288 1861 1336 Ianuarij‚

219 1340 332 1377 circa
346 1340 514 1378 medias
530 1345 673 1387 partes
689 1340 1041 1388 Dodecatemorij
1061 1340 1256 1384 Piscium,
1278 1340 1451 1387 prorsus
1468 1343 1709 1384 euanuerit,
1730 1342 1861 1388 idque

217 1391 293 1430 sub
312 1392 500 1440 Tropico
522 1393 694 1437 Cancri,
718 1398 957 1441 antequam
978 1393 1131 1432 Stellas
1154 1393 1251 1431 illas
1271 1396 1437 1431 vicinas
1459 1396 1504 1431 in
1525 1393 1696 1441 pectore
1717 1394 1861 1442 Pegafi

217 1446 769 1537 ass{qcu{ib3g?g.adm0dum
789 1502 932 1537 tenuis
951 1499 1079 1537 fuerit
1094 1499 1164 1537 hic
1182 1500 1386 1538 Cometes
1402 1500 1503 1537 inde
1520 1500 1574 1537 ab
1591 1502 1715 1537 initio
1732 1500 1859 1538 Ianu-

216 1554 310 1600 arij‚
330 1557 480 1590 tamen
495 1564 587 1590 non
602 1552 751 1590 saltem
768 1553 867 1590 DIE
885 1553 901 1590 I
919 1553 957 1591 &
973 1553 1022 1599 II,
1044 1552 1113 1590 sed
1131 1555 1262 1590 etiam
1278 1553 1327 1596 V,
1347 1553 1408 1590 IX
1425 1553 1462 1590 &
1478 1553 1559 1590 XII
1577 1565 1603 1590 a
1619 1565 1689 1591 me
1706 1553 1858 1591 Instru—

215 1607 374 1643 mentis
398 1605 733 1649 Obseruabatur‚
759 1608 849 1643 imo
875 1608 1006 1644 etiarn
1029 1606 1114 1643 Die
1136 1606 1281 1643 XXVI
1305 1606 1527 1653 vestigium
1551 1608 1644 1644 eius
1667 1606 1858 1653 aliquale

216 1658 361 1696 adhuc
389 1658 593 1706 superesse
623 1659 928 1703 animaduerti,
959 1671 1058 1696 cum
1084 1659 1332 1696 Lunaribus
1358 1659 1504 1707 Radijs
1530 1661 1622 1697 eius
1653 1659 1857 1706 aspectus,

216 1711 334 1749 velut
349 1712 517 1759 aliquot
529 1712 681 1750 diebus
693 1718 835 1757 antea,
852 1724 944 1750 non
957 1712 1251 1759 impediretur.
1269 1712 1387 1750 Nam
1400 1712 1471 1750 etsi
1483 1724 1535 1750 eo
1548 1713 1616 1750 die
1628 1712 1785 1757 XXVI,
1803 1714 1857 1751 ob

215 1767 484 1809 tenuitatem,
506 1765 801 1803 Instrumentis
817 1765 857 1803 se
873 1768 969 1812 capi
986 1777 1076 1803 non
1094 1770 1325 1813 pateretur,
1346 1771 1495 1803 tamen
1515 1765 1612 1803 satis
1633 1766 1857 1804 euidenter

216 1820 430 1866 apparuit,
455 1830 557 1856 eum
579 1819 705 1856 binas
725 1818 940 1862 Stellulas,
964 1830 1074 1866 quas
1094 1819 1345 1856 Thaddaeus
1368 1824 1489 1866 putat
1512 1824 1612 1856 ante
1634 1819 1756 1856 suam
1779 1819 1855 1856 dis-

215 1873 479 1918 paritionem
495 1883 586 1909 non
602 1873 785 1919 attigisse,
802 1874 892 1910 iam
909 1877 1023 1909 certo
1040 1872 1274 1909 interuallo
1291 1873 1628 1919 praetergressum
1642 1871 1770 1916 fuisse,
1788 1873 1860 1910 ad-

216 1936 268 1962 eo
284 1930 328 1962 vt
343 1925 515 1963 medius
529 1925 846 1972 conspiceretur
857 1927 967 1963 inter
979 1925 1059 1962 has
1072 1925 1109 1962 &
1122 1925 1278 1963 Scheat
1289 1925 1445 1972 Pegafi,
1462 1925 1596 1972 paulo
1613 1931 1761 1963 tamen
1777 1925 1860 1964 hac

214 1977 333 2016 linea
348 1978 698 2022 Meridionalior,
715 1978 833 2016 velut
849 1978 945 2016 haec
962 1978 1117 2026 Capite
1134 1979 1278 2015 Primo
1296 1980 1341 2015 in
1358 1978 1570 2026 Catalogo
1584 1978 1859 2016 Obseruatio-

215 2043 323 2068 num
340 2031 583 2069 nostrarum
599 2031 772 2078 plenius
789 2031 1080 2078 exposuimus.
1100 2032 1250 2079 Attigit
1266 2033 1413 2078 itaque
1430 2043 1521 2068 non
1537 2031 1676 2069 solum
1692 2032 1860 2069 medias

214 2090 357 2131 partes
376 2086 413 2128 )(
424 2115 431 2128 ,
444 2084 513 2122 sed
525 2084 623 2131 plus
635 2096 770 2131 quam
782 2085 891 2122 duas
903 2087 1049 2122 tertias
1061 2084 1253 2122 eiusdem
1265 2085 1396 2132 Signi,
1413 2090 1652 2132 antequam
1665 2087 1858 2128 euanuit,

215 2137 414 2175 emensus
436 2137 502 2175 est.
524 2138 626 2175 Erat
647 2140 765 2175 enim
785 2137 855 2175 die
871 2137 1016 2175 XXVI
1034 2138 1240 2180 Ianuarii,
1263 2149 1351 2184 quo
1367 2138 1518 2175 vltimo
1535 2150 1561 2175 a
1578 2138 1704 2175 nobis
1720 2140 1858 2175 anim-

213 2191 533 2233 aduertebatur‚
558 2193 604 2228 in
626 2190 713 2228 fine
737 2191 778 2228 21
801 2191 960 2238 gradus
990 2193 1045 2234 )(‚
1069 2191 1201 2237 idque
1224 2193 1270 2228 in
1292 2193 1488 2229 maxima
1510 2191 1586 2228 sua
1610 2191 1857 2228 Latitudine

213 2243 285 2283 293-
306 2244 460 2288 Borea,
484 2244 642 2282 distans
663 2245 716 2282 ab
738 2243 1039 2282 Interfectione
1060 2244 1122 2281 sui
1144 2243 1296 2282 ductus
1318 2256 1418 2282 cum
1439 2244 1657 2291 Eclipfica,
1682 2244 1857 2291 praecise

213 2296 470 2342 Quadrante
487 2297 668 2340 Circuli;
690 2297 878 2344 idquue
898 2297 950 2334 90
970 2299 1158 2344 integros
1176 2298 1334 2344 gradus
1351 2309 1377 2335 a
1394 2297 1454 2335 IX
1471 2297 1571 2334 DIE
1588 2298 1857 2334 Nouembris

127 2356 192 2387 338
212 2349 343 2397 vsque
359 2352 405 2388 in
420 2350 565 2388 XXVI
582 2350 789 2394 Ianuarii,
806 2362 882 2397 per
897 2354 1036 2387 totum
1053 2351 1295 2388 durationis
1311 2350 1398 2388 suae
1416 2348 1430 2400 ΙΙ
1446 2356 1630 2397 ternpus,
1648 2353 1722 2397 qui
1738 2350 1856 2396 Qua-

140 2415 174 2440 40

212 2403 411 2441 drantem
420 2405 637 2451 integrum
646 2405 776 2441 totius
788 2403 904 2441 Coeli
916 2403 1120 2448 efficiunt,
1131 2405 1304 2450 penitus
1314 2404 1569 2441 absoluerat.
1584 2404 1699 2441 Cum
1709 2409 1856 2441 tamen

211 2455 463 2494 Thaddaeus
479 2468 581 2494 eum
598 2456 747 2494 saltem
763 2457 812 2494 65
829 2457 945 2504 grad.
963 2456 1182 2494 confecisse
1199 2457 1459 2494 existimarit.

265 2509 396 2556 Quod
419 2515 568 2548 autem
588 2515 758 2547 motum
778 2509 854 2556 ipsl
874 2512 1041 2547 interea
1061 2510 1320 2548 anomalum
1342 2510 1379 2547 8(
1400 2509 1648 2548 difformem
1672 2510 1854 2599 alssignet‚

316 2571 349 2596 35
1587 2574 1691 2610 regu
1711 2564 1853 2600 aritati
