2209 3213
530 226 1051 266 RECENTIORIBUS
1072 225 1530 265 PHAENOMENIS
1776 226 1853 264 239

210 334 356 379 modo,
372 334 469 372 scite
485 334 738 377 admodum,
756 345 835 372 nec
851 335 1215 372 inconuenienter
1226 332 1571 380 Philosophatur.
1589 332 1736 371 Postea
1749 344 1854 370 vero

153 390 173 421 †
211 387 448 426 Chasmata
458 387 574 431 bina,
586 387 674 425 siue
684 389 914 435 voragines
923 386 1232 425 memorabiles
1242 386 1606 433 admirandasque
1616 387 1750 423 Anno
1761 386 1854 424 1575

210 443 256 479 in
268 440 416 489 Belgio
428 438 687 487 conspectas,
703 445 1034 483 commemorat;
1052 439 1090 477 &
1106 440 1158 477 de
1171 451 1325 477 eorum
1337 439 1510 477 Natura
1521 451 1571 477 ac
1583 439 1855 477 iudicationi—

209 494 289 532 bus
301 493 581 542 probabiliter
590 495 886 537 ratiocinatur,
899 493 1208 541 generaliaque
1219 493 1425 540 quaedam
1435 493 1488 531 de
1499 491 1855 531 Charac‘terismis

157 561 172 585 5
211 546 248 585 &
264 549 474 595 portentis
490 546 781 585 Macrocosmi
801 548 1022 594 proponit:
1044 552 1087 584 vt
1103 548 1222 584 viam
1238 546 1294 584 ad
1310 557 1362 584 ea
1379 557 1478 593 quae
1495 546 1547 584 de
1565 546 1752 584 Cometa
1772 545 1856 583 hoc

210 600 394 638 dicenda
409 599 704 648 proposuerat,
721 599 1023 637 vniuersaliori
1039 599 1254 637 Methodo
1271 604 1498 646 praeparet.
1516 596 1530 648 ΙΙ

121 661 186 692 289
263 653 348 691 His
364 658 513 691 autem
530 653 651 700 (quia
667 653 722 691 ad
739 652 937 691 Cometae
954 652 1099 697 huius,
1116 652 1168 690 de
1185 664 1274 699 quo
1290 664 1408 690 nunc
1424 654 1606 700 agimus,
1627 652 1857 699 specialem

210 706 248 744 8(
263 709 487 754 propriam
503 706 894 744 considerationem
909 717 1001 743 non
1018 717 1071 743 ex
1087 705 1266 752 professo
1282 705 1462 751 faciunt)
1480 707 1525 742 in
1541 705 1617 743 suo
1629 705 1778 743 valore
1793 717 1855 743 re-

209 758 330 804 lictis,
353 760 408 798 ad
430 760 575 807 Caput
595 759 860 803 Secundum,
881 759 952 796 vbi
972 764 1109 796 totam
1131 758 1367 796 Catastafin
1388 760 1482 796 eius
1503 758 1701 805 explicat,
1724 758 1761 795 &
1781 770 1858 805 per

142 826 172 852 ιο
210 812 549 851 obseruationes
574 812 926 855 Mathematicas‚
957 814 1127 859 quoties
1153 810 1420 858 aspectabilis
1445 811 1536 855 fuit,
1566 811 1683 849 illius
1708 812 1855 859 Appa-

208 868 370 904 rentias
385 866 586 909 recenset,
604 877 685 903 nos
701 865 990 903 conferemus.

261 919 311 957 In
326 918 410 957 hoc
427 916 708 957 SECVNDO
727 918 950 962 CAPITE,
971 918 1199 965 postquam
1215 922 1315 955 ante
1333 920 1484 956 omnia
1500 918 1552 955 de
1570 918 1739 965 Figura,
1758 918 1854 955 Ma-

207 972 444 1020 gnitudine,
466 972 504 1010 &
525 973 724 1010 Luminis
746 971 981 1018 Qualitate,
1003 970 1173 1009 Caudae
1194 970 1337 1014 ductu,
1360 971 1397 1008 8(
1418 971 1578 1008 Forma
1598 973 1644 1008 in
1665 970 1748 1009 hoc
1771 971 1854 1009 Co—

207 1030 336 1069 meta,
366 1025 573 1073 quaedam
597 1037 624 1063 a
648 1024 800 1063 nostris
826 1024 1215 1063 obseruationibus
1240 1035 1332 1062 non
1356 1024 1545 1062 multum
1570 1024 1731 1062 dissona
1762 1023 1856 1070 (nisi

140 1093 170 1118 15
208 1079 327 1127 quod
350 1078 555 1117 Caudam
576 1080 622 1116 in
645 1077 887 1125 oppositam
910 1077 1000 1116 Soli
1025 1082 1193 1124 partem
1219 1076 1463 1125 porredtam
1487 1077 1615 1121 fuisse,
1641 1078 1788 1122 asserit‚
1814 1077 1857 1115 id

208 1132 326 1180 quod
342 1134 473 1170 nimis
489 1132 578 1170 lato
594 1131 728 1169 modo
743 1131 992 1174 assumebat;
1009 1142 1114 1169 nam
1130 1130 1159 1168 fi
1175 1130 1369 1178 praecifio
1382 1129 1572 1169 exactior
1584 1130 1855 1173 adhibeatur,

207 1197 299 1224 non
321 1187 367 1223 in
389 1183 600 1223 directum
623 1184 748 1229 Solis,
772 1184 842 1222 sed
865 1186 1009 1231 potius
1033 1183 1177 1222 Stellae
1198 1184 1394 1228 Veneris,
1415 1188 1459 1221 vt
1481 1183 1677 1231 superius
1701 1184 1856 1230 Capite

208 1238 401 1286 Septimo
424 1251 451 1277 a
473 1239 599 1277 nobis
620 1237 977 1276 Demonstratum
1000 1237 1067 1281 est,
1091 1237 1448 1285 protendebatur)
1472 1239 1518 1274 in
1540 1237 1737 1275 medium
1759 1248 1856 1284 pro—

207 1292 363 1340 posuit:
387 1292 442 1330 ad
465 1291 664 1330 locorum
687 1303 788 1339 quae
810 1296 901 1329 toto
924 1291 1168 1329 durationis
1190 1296 1386 1338 tempore
1409 1290 1643 1335 obtinebat,
1667 1290 1856 1338 defigna-

137 1359 171 1384 20
207 1347 374 1383 tionem
394 1357 448 1383 ex
469 1344 871 1388 obseruationibus,
892 1355 969 1391 per
989 1343 1209 1382 distantias
1227 1355 1254 1382 a
1269 1345 1424 1382 vicinis
1440 1343 1556 1381 Fixis
1573 1343 1694 1391 Radij
1713 1343 1855 1381 Astro-

208 1400 371 1436 nomici
382 1398 652 1437 adminiculo
666 1398 849 1441 habitas,
866 1397 1149 1445 progreditur,
1166 1403 1295 1444 prout
1306 1398 1529 1444 praecipua
1541 1409 1594 1435 ex
1605 1402 1726 1444 parte
1739 1409 1856 1435 nunc

208 1452 670 1490 commemorabimus:
697 1463 785 1498 quo
809 1462 909 1488 cum
934 1450 1085 1488 nostris
1109 1450 1563 1488 animaduerfionibus
1587 1450 1762 1488 collatio
1786 1451 1855 1488 de-

207 1506 308 1549 bita,
324 1507 371 1543 in
386 1505 504 1543 hunc
521 1507 596 1552 qui
612 1504 803 1552 sequitur
818 1504 1014 1547 modum,
1030 1503 1285 1542 instituatur.

262 1557 608 1597 NOVEMBRIS
628 1558 764 1601 XIIII,
788 1569 877 1605 quo
898 1557 967 1595 die
988 1556 1028 1594 se
1050 1557 1284 1595 Cometam
1305 1557 1423 1595 hunc
1443 1559 1636 1604 primum
1656 1557 1855 1604 aspexisse

137 1626 170 1650 25
208 1612 355 1656 asserit‚
373 1613 467 1650 eius
483 1611 703 1649 distantias
715 1622 742 1649 a
753 1611 943 1649 Saturno
956 1610 993 1648 8(
1006 1610 1133 1648 Luna
1143 1622 1221 1658 per
1233 1610 1422 1648 Radium
1434 1610 1654 1648 dimensus
1666 1610 1737 1655 est;
1755 1622 1855 1658 quae

207 1665 262 1703 ob
278 1664 441 1703 horum
452 1664 733 1703 Planetarum
748 1664 857 1708 loca,
875 1676 966 1701 non
978 1675 1031 1701 ex
1044 1663 1408 1711 Ephemeridibus
1423 1663 1521 1701 satis
1538 1662 1649 1702 redte
1666 1669 1854 1711 accepta,

206 1717 335 1766 ipfius
347 1718 686 1766 Longitudinem
699 1717 736 1755 8(
748 1717 1044 1755 Latitudinem
1055 1719 1202 1755 minus
1214 1722 1355 1755 ratam
1369 1717 1587 1761 exhibent,
1604 1716 1853 1765 praesertim,

206 1783 306 1810 cum
321 1771 571 1810 Parallaxin
588 1773 617 1817 ζ(
636 1773 681 1809 in
698 1770 925 1809 confilium
941 1782 1032 1808 non
1048 1770 1308 1808 adhibuerit.
1326 1769 1457 1817 Quod
1474 1776 1622 1809 autem
1639 1782 1692 1808 eo
1709 1771 1777 1808 die
1794 1771 1854 1808 di-

204 1824 404 1863 stantiam
424 1824 479 1863 ab
501 1824 850 1863 Occidentaliore
871 1826 916 1861 in
938 1824 1143 1861 cornibus
1168 1830 1208 1868 z,
1232 1824 1274 1861 P.
1297 1823 1350 1861 10.
1372 1824 1435 1861 Μ.
1458 1824 1507 1862 47
1529 1823 1767 1867 constituat,
1791 1826 1854 1861 in-

135 1891 168 1916 30
205 1878 486 1916 tolerabiliter
497 1877 551 1916 ab
563 1877 653 1925 ipso
666 1877 795 1916 Coelo
810 1878 1000 1915 dissentit.
1018 1877 1137 1915 Nam
1153 1877 1250 1925 plus
1267 1877 1308 1915 18
1324 1877 1528 1925 gradibus
1544 1877 1855 1915 remouebatur

204 1937 307 1969 tunc
327 1943 354 1969 a
374 1929 487 1969 dicta
507 1931 651 1969 Stella.
673 1931 757 1969 Sed
773 1933 819 1968 in
835 1930 1033 1968 distantia
1049 1942 1075 1968 a
1091 1930 1281 1969 Saturno
1303 1942 1395 1968 non
1414 1930 1673 1968 tantundem
1694 1931 1854 1974 deuiat,

204 1996 374 2032 ponens
391 1996 490 2022 eam
506 1985 530 2022 9
546 1986 744 2031 proxime
756 1983 986 2032 graduum,
1003 1995 1138 2030 quam
1151 1995 1232 2021 nos
1244 1984 1303 2023 1οὲ
1320 1983 1677 2022 Obseruauimus.
1695 1984 1853 2031 Neque

204 2038 300 2076 haec
321 2037 446 2076 fimul
467 2037 658 2076 constare
679 2043 890 2084 poterant,
913 2036 1086 2075 abfuisse
1103 2049 1129 2075 a
1145 2037 1334 2075 Saturno
1352 2037 1585 2075 Cometam
1604 2037 1628 2075 9
1647 2037 1853 2084 partibus,

205 2091 243 2129 &
265 2096 414 2130 tamen
437 2091 491 2129 ab
513 2090 862 2129 Occidentaliore
886 2092 931 2128 in
954 2102 1092 2128 cornu
1116 2096 1141 2130 z
1165 2090 1315 2128 saltem
1335 2091 1378 2128 P.
1401 2091 1454 2128 10.
1476 2091 1540 2129 M.
1561 2091 1611 2129 47
1635 2096 1854 2128 remotum

116 2151 181 2183 290
206 2145 390 2188 extitisse‚
408 2143 446 2182 8(
462 2155 489 2182 a
505 2146 534 2189 (ζ
553 2146 599 2181 in
615 2145 651 2183 1⁷}
672 2154 730 2187 zzz,
748 2155 849 2182 cum
866 2143 1114 2182 Latitudine
1130 2144 1176 2183 43
1193 2144 1304 2182 Mer.
1322 2144 1530 2188 versante,
1552 2140 1566 2194 ΙΙ
1587 2144 1794 2191 partibus,
1811 2150 1855 2181 vt

204 2197 332 2236 refert
347 2198 397 2236 25
414 2199 625 2245 proxime.
644 2197 746 2235 Erat
762 2199 880 2235 enim
897 2196 1073 2235 Saturni
1088 2197 1210 2235 locus
1226 2202 1329 2235 tunc
1345 2199 1467 2235 iuxta
1483 2197 1547 2237 1οὲ
1567 2203 1607 2241 Z,
1625 2209 1725 2235 cum
1741 2197 1854 2235 Lati-

204 2251 354 2289 tudine
371 2251 385 2288 l
403 2250 523 2298 quasl
538 2251 697 2299 gradus
714 2251 867 2288 Borea.
888 2250 1092 2288 Existimo
1109 2253 1256 2298 itaque
1272 2251 1481 2289 mendam
1497 2250 1694 2298 aliquam
1710 2250 1852 2298 Typo-

204 2303 458 2352 graphicam
474 2303 546 2342 hic
562 2304 729 2347 subesse,
746 2309 789 2341 vt
805 2315 884 2350 pro
900 2303 1099 2342 distantia
1114 2304 1156 2341 lO
1171 2306 1362 2351 partium
1378 2304 1461 2352 legi
1478 2303 1631 2342 debeat
1648 2304 1700 2342 18.
1719 2304 1802 2342 Sed
1816 2304 1854 2341 8(

205 2357 466 2401 Declinatio,
488 2369 624 2405 quam
640 2368 693 2395 eo
710 2357 778 2395 die
796 2357 994 2395 Cometae
1013 2357 1205 2395 attribuit
1225 2358 1271 2397 7&
1292 2359 1491 2405 proxime
1511 2357 1740 2405 graduum,
1762 2369 1853 2394 non

133 2423 167 2448 40
204 2409 316 2449 redte
332 2410 373 2448 se
389 2410 532 2448 habet.
552 2411 647 2448 Nos
664 2412 781 2448 enim
798 2410 925 2457 longe
941 2412 1157 2448 maiorem
1173 2415 1318 2458 vtpote
1335 2411 1377 2448 12
1392 2410 1509 2458 grad.
1526 2410 1851 2453 adinuenimus,

204 2463 241 2502 8(
258 2464 517 2502 Illustrissimi
534 2464 744 2511 Principis
761 2463 1041 2511 Landtgrauij
1061 2464 1221 2501 Hassiae
1238 2463 1590 2507 Obseruationes,
1612 2463 1641 2501 fi
1662 2464 1717 2501 ad
1733 2463 1851 2501 hunc

145 2521 165 2552 †
203 2517 320 2555 diem
349 2517 611 2565 redigantur,
642 2516 793 2554 nostris
823 2518 1020 2563 apprime
1050 2516 1346 2564 astipulantur.
1376 2516 1623 2555 Tranfitum
1653 2518 1746 2554 eius
1776 2528 1852 2564 per

1597 2570 1849 2617 Eclipticam
