2209 3213
350 212 426 250 522
749 204 1264 246 ANNOTATIONES
1284 205 1588 245 EDITORIS

350 316 463 351 disse,
482 322 725 353 quamquam
742 312 803 343 hic
821 311 933 343 binas
949 310 1069 342 etiam
1085 309 1233 341 litteras
1249 311 1284 342 ei
1300 310 1416 348 dedit,
1436 310 1608 350 primum
1625 310 1660 342 d.
1678 311 1698 341 5
1714 319 1766 341 m.
1783 310 1879 349 Aug.
1897 309 1993 349 ejus·

351 369 442 399 dem
460 367 560 403 anni,
578 369 619 396 ut
634 366 739 396 leves
756 364 950 404 quosdam
967 371 1121 395 errores
1132 363 1328 395 scribendi
1340 364 1563 403 corrigeret,
1581 363 1720 394 deinde
1732 363 1767 394 d.
1780 363 1822 393 22
1834 371 1886 393 m.
1900 363 1991 402 Apr.

352 431 385 452 a.
407 420 499 452 1594.
521 419 586 450 ubi
607 427 717 458 spem
738 418 811 448 sibi
831 425 916 448 esse
937 416 990 447 ait
1005 415 1202 455 Tychonis
1224 417 1401 448 animum
1419 425 1505 448 sese
1522 425 1601 448 non
1617 415 1839 447 offendisse.
1856 416 1993 455 Tycho

352 477 483 504 autem
507 473 545 503 in
568 470 837 510 compluribus
861 469 1032 509 epistulis
1056 469 1106 500 ad
1129 469 1282 501 amicos
1302 469 1456 509 scriptis
1476 469 1524 501 de
1541 469 1666 509 Craigi
1686 468 1892 500 insolentia
1912 477 1994 509 gra-

352 526 508 557 vissime
530 525 713 564 queritur,
736 526 853 563 atque
874 522 1066 562 imprimis
1086 522 1125 553 in
1144 522 1309 562 epistula
1325 522 1360 553 d.
1383 522 1421 553 14
1437 531 1488 553 m.
1503 521 1588 560 Jan.
1607 531 1640 553 a.
1663 521 1744 553 1595
1761 521 1811 553 ad
1828 521 1995 553 Christo-

352 580 520 619 phorum
538 577 830 609 Rothmannum
852 575 956 613 data,
979 584 1101 615 quam
1122 575 1221 607 inter
1241 575 1451 615 Epistolas
1471 573 1784 606 Astronomicas
1807 575 1911 615 typis
1933 575 1996 606 de-

352 632 538 671 scriptam
560 630 678 662 edidit
698 629 788 670 (vid.
805 632 901 661 tom.
919 629 970 660 VI
987 637 1022 669 p.
1041 627 1146 665 319,10
1162 628 1272 670 sqq.),
1294 629 1360 660 ubi
1376 629 1424 660 de
1440 628 1569 660 libello
1590 628 1689 659 illius
1704 628 1902 660 uberrime
1919 627 1996 668 agit

352 688 389 717 et
405 685 529 715 multa
545 683 667 714 verba
684 683 766 723 ejus
782 682 984 719 exscribit;
1007 690 1078 713 nec
1095 684 1230 713 tamen
1246 690 1393 713 nomen
1410 681 1627 713 adversarii
1643 681 1787 713 afferre
1803 681 1994 721 dignatur.

352 739 448 769 Tum
465 746 560 769 vero
577 735 784 768 consilium
800 735 893 772 iniit,
910 737 953 766 ut
968 743 1047 766 non
1062 735 1193 766 solum
1204 733 1448 774 Apologiam
1467 744 1595 771 suam,
1612 734 1682 766 sed
1697 734 1823 775 Craigi
1839 742 1996 774 quoque

355 789 647 829 „Capnuraniae
663 787 990 820 restinctionem«
1008 790 1046 819 et
1062 796 1200 819 omnes
1216 788 1315 820 illius
1331 788 1518 828 epistulas
1534 788 1632 819 libro
1648 796 1720 819 suo
1732 787 1907 819 secundo
1920 787 1998 818 adi-

354 846 476 880 ceret;
500 851 546 874 ac
563 851 604 873 re
620 850 714 873 vera
731 841 817 873 libri
833 850 954 872 manu
970 840 1115 881 scripti,
1138 841 1203 880 qui
1219 849 1322 872 nunc
1340 843 1506 879 exstant,
1528 841 1689 881 vestigia
1705 840 1902 878 exhibent,
1920 840 1999 880 qui-

354 897 426 928 bus
445 895 694 936 typographo
715 894 881 926 traditos
902 903 987 926 esse
1008 893 1215 926 manifeste
1239 897 1413 934 apparet.
1440 894 1492 926 Ut
1514 894 1552 925 in
1574 893 1706 925 media
1728 893 1810 925 fere
1833 893 1998 934 epistula

355 967 478 1007 Craigi
495 967 530 998 d.
548 966 589 997 27
606 976 657 998 m.
677 966 791 997 Mart.
811 975 844 997 a.
866 965 949 996 1592
965 965 1058 996 data
1074 965 1113 996 in
1128 965 1304 1005 margine
1321 965 1376 997 sic
1396 966 1640 1006 adscriptum
1656 968 1729 997 est:
1752 947 1865 987 4572—
1901 967 1939 996 et
1960 964 1999 995 in

1753 989 1876 1018 Bbbb4’

355 1039 491 1071 codice
509 1037 804 1077 »Captiuraniae
819 1035 1131 1075 restinctionis«,
1154 1045 1231 1076 quo
1252 1037 1311 1068 usi
1332 1046 1481 1074 sumus,
1503 1037 1554 1068 ad
1575 1037 1725 1068 initium
1743 1036 1793 1077 (p.
1810 1035 1919 1077 479‚8)
1935 1035 1999 1067 ad-

356 1110 545 1150 scriptum
562 1111 620 1140 &St
640 1092 756 1162 ἐξῇ,
778 1111 895 1148 atque
916 1109 970 1140 sic
992 1108 1144 1140 numeri
1162 1108 1464 1149 progrediuntur
1481 1116 1605 1148 usque
1624 1108 1674 1139 ad
1689 1107 1810 1139 finem
1827 1089 1961 1167 (ΕΞ-ἓξ
1991 1131 1997 1137 ,

356 1183 404 1212 At
420 1180 557 1221 Craigo
577 1180 815 1220 respondere
830 1179 859 1210 T
861 1179 967 1219 ycho
988 1179 1069 1219 ipse
1090 1179 1375 1219 dedignabatur
1391 1182 1428 1210 et
1445 1180 1820 1220 Longomontanum
1837 1177 2000 1218 discipu-

356 1236 437 1266 lum
457 1243 573 1265 suum
595 1233 671 1264 hoc
692 1233 824 1264 facere
839 1232 964 1273 jussit,
986 1236 1028 1264 ut
1047 1233 1101 1264 ita
1120 1235 1277 1264 tomum
1298 1233 1346 1264 de
1367 1235 1525 1264 cometa
1547 1232 1637 1264 anni
1659 1232 1741 1263 1577
1763 1231 2000 1264 concludere

356 1290 503 1327 posset;
522 1295 570 1318 ex
586 1287 751 1326 epistula
766 1288 902 1317 tamen
918 1285 954 1317 d.
971 1285 1009 1317 31
1025 1295 1076 1317 m.
1091 1286 1185 1317 Dec.
1199 1295 1233 1317 a.
1250 1285 1334 1317 1598
1350 1286 1400 1317 ad
1415 1286 1520 1317 hunc
1538 1286 1631 1317 data
1647 1285 1723 1317 hoc
1740 1285 1804 1316 illo
1820 1287 2000 1324 tempore

357 1341 532 1372 nondum
553 1339 703 1371 factum
725 1347 810 1370 esse
832 1339 1102 1380 intellegimus.
1127 1340 1265 1371 Postea
1287 1339 1455 1379 Keplero
1476 1339 1505 1370 T
1507 1339 1613 1379 ycho
1636 1337 1878 1378 persuasisse
1898 1337 2001 1368 vide-

356 1397 429 1430 tur,
443 1396 484 1424 ut
495 1393 547 1424 illi
558 1393 825 1432 responderet,
839 1393 904 1432 qui
916 1393 1022 1424 circa
1033 1392 1185 1424 initium
1197 1393 1289 1424 anni
1304 1392 1382 1424 1601
1395 1392 1449 1423 ita
1458 1391 1590 1424 facere
1602 1391 1777 1429 instituit3
1792 1394 1831 1423 at
1842 1393 2000 1422 mortuo

356 1447 543 1486 Tychone
568 1454 666 1486 opus
691 1446 922 1477 inchoatum
947 1446 1170 1486 neglectum
1195 1448 1264 1483 est,
1295 1454 1342 1477 ac
1370 1445 1533 1477 demum
1558 1445 1658 1477 inter
1683 1444 1840 1485 Kepleri
1866 1442 1999 1483 Opera

358 1499 492 1531 omnia
509 1500 617 1541 (torn.
636 1499 650 1529 Ι
668 1508 730 1539 pp.
747 1498 936 1541 279—281)
951 1500 1082 1531 lucem
1098 1498 1204 1530 vidit.

412 1551 706 1592 »Captiuram'ae
725 1551 1054 1584 restinctionem«
1077 1552 1236 1592 Craigus
1257 1560 1477 1591 numquam
1501 1551 1655 1591 publice
1676 1551 1806 1582 edidit.
1827 1550 2001 1582 Thomas

357 1606 479 1637 frater
499 1605 581 1645 ejus
602 1614 635 1636 a.
657 1604 740 1636 1594
759 1605 937 1644 Tychoni
958 1605 1083 1645 scrips
1098 1608 1124 1642 t,
1148 1607 1190 1636 ut
1212 1605 1371 1636 veniam
1394 1613 1465 1645 pro
1490 1605 1553 1636 illo
1576 1606 1738 1645 peteret,
1762 1612 1809 1635 ac
1833 1603 1881 1634 de
1903 1602 2002 1634 illius

357 1659 502 1699 scripto
529 1658 588 1690 his
613 1658 743 1690 verbis
767 1658 901 1690 utitur:
933 1658 1149 1699 »Scriptum
1171 1658 1264 1690 illud
1286 1667 1491 1698 nunquam
1514 1657 1616 1696 exiit,
1643 1660 1681 1688 et
1704 1657 1786 1688 scio
1810 1665 1874 1688 me
1897 1656 2002 1696 apud

357 1712 521 1743 fratrem
544 1720 671 1751 posse,
700 1715 739 1743 ut
761 1715 951 1752 perpetuo
975 1712 1254 1752 supprimatur,
1281 1712 1354 1747 vel,
1381 1711 1412 1742 si
1436 1711 1562 1749 malis,
1588 1719 1681 1742 curn
1703 1709 1925 1741 honorifica
1947 1709 2003 1740 tui

359 1765 528 1797 nominis
539 1768 577 1796 et
588 1766 814 1797 eruditionis
830 1765 1030 1797 mentione
1046 1768 1083 1796 et
1099 1765 1207 1796 omni
1223 1764 1311 1796 felle
1327 1767 1536 1804 purgatum
1552 1766 1700 1796 exeat«.
1719 1763 1855 1803 Itaque
1872 1763 2001 1794 adhuc

359 1819 474 1858 plane
493 1819 669 1858 ignotum
690 1818 771 1850 fuit.
790 1819 923 1850 Codex
942 1822 1078 1850 tamen
1099 1827 1220 1850 manu
1241 1818 1421 1858 scriptus,
1443 1826 1522 1858 quo
1542 1817 1580 1848 in
1600 1817 1754 1848 edendo
1775 1816 1834 1848 usi
1853 1824 2002 1853 sumus,

360 1872 518 1903 mutilus
535 1874 604 1909 est,
626 1874 663 1903 et
683 1872 721 1903 in
737 1872 844 1904 initio
861 1872 1002 1903 desunt
1018 1880 1096 1903 non
1112 1879 1257 1911 pauca;
1280 1872 1483 1911 quomodo
1501 1874 1634 1902 autem
1650 1870 1726 1902 illic
1743 1869 1903 1910 Craigus
1919 1878 2003 1901 rem

360 1925 489 1965 egerit,
512 1933 559 1956 ex
580 1925 744 1964 epistula
762 1925 959 1965 Tychonis
978 1925 1028 1956 ad
1047 1924 1341 1956 Rothmannum
1363 1924 1468 1961 data,
1490 1924 1600 1964 cujus
1621 1932 1739 1963 supra
1761 1923 2002 1955 mentionem

360 1978 537 2015 fecimus,
559 1978 653 2009 satis
673 1978 772 2009 bene
792 1978 1036 2018 perspicitur,
1058 1978 1162 2009 unde
1183 1977 1303 2009 etiarn
1323 1977 1619 2017 inscriptionem
1637 1977 1877 2017 sumpsimus
1892 1978 2001 2017 (tom.

361 2031 411 2062 VI
428 2040 464 2071 p.
481 2031 636 2072 320‚7*8).

415 2084 464 2115 ad
480 2093 515 2123 p.
533 2084 640 2126 480,1]
667 2085 833 2116 Litteras
850 2084 887 2115 in
904 2084 1009 2116 exitu
1020 2092 1207 2115 versuum
1225 2083 1452 2116 deficientes
1468 2083 1609 2115 additis
1624 2083 1735 2115 uncis
1750 2082 2002 2115 restituimus.

416 2138 465 2168 ad
481 2146 516 2177 p.
533 2137 649 2179 480‚27]
666 2137 797 2169 Verba
813 2137 1017 2177 sequentia
1034 2137 1150 2169 affert
1160 2137 1296 2177 Tycho
1308 2139 1404 2168 tom.
1417 2136 1468 2168 VI
1480 2145 1516 2176 p.
1529 2136 1625 2174 3300
1641 2145 1724 2176 sqq.
1744 2136 1916 2168 Dubium
1933 2138 2002 2174 est,

363 2192 519 2221 rectene
535 2190 819 2222 restituerimus
838 2190 928 2227 »se«,
947 2190 1052 2230 quod
1068 2190 1144 2222 illic
1161 2191 1281 2222 deest.

417 2243 467 2274 ad
482 2252 518 2282 p.
535 2242 651 2284 488,1⁵]
668 2243 773 2274 Plato
789 2243 828 2274 in
847 2242 1009 2282 Cratylo
1029 2252 1065 2283 p.
1083 2243 1147 2274 410
1164 2243 1191 2274 B
1206 2243 1358 2275 aethera
1374 2243 1429 2274 sic
1446 2242 1636 2283 appellari
1653 2242 1716 2280 ait,
1739 2242 1829 2282 quia
1848 2250 2006 2282 semper

364 2298 497 2326 currat
513 2293 586 2335 (ἀεὶ
600 2293 686 2335 θεῖ).

418 2348 468 2378 ad
483 2357 519 2387 p.
536 2347 652 2389 488‚·10]
677 2347 774 2379 Haec
798 2348 951 2388 eclipsis
974 2348 1072 2380 Solis
1095 2348 1201 2380 facta
1224 2351 1282 2380 est
1305 2349 1340 2380 d.
1367 2348 1405 2380 10
1427 2348 1566 2387 m.Jul.
1589 2358 1623 2380 a.
1645 2347 1744 2385 15913
1768 2347 1816 2380 cf.
1839 2350 1934 2380 torn.
1952 2347 2003 2379 VI

365 2409 400 2441 p.
418 2400 521 2438 335‚2⁶
536 2409 592 2439 sq.

1030 2445 1337 2478 ADDENDUM.

411 2499 490 2523 Nota
506 2499 525 2529 ’ἴ
542 2498 573 2523 in
590 2497 729 2530 margine
746 2498 887 2524 interiore
904 2498 1048 2524 editionis
1064 2499 1172 2531 posita,
1188 2507 1249 2532 qua
1266 2500 1305 2525 ad
1321 2499 1378 2525 has
1390 2499 1608 2525 annotationes
1621 2499 1750 2525 lectores
1762 2498 1938 2528 reiciuntur,
1955 2497 2004 2524 his

365 2542 441 2569 loeis
458 2542 553 2568 deest:
570 2550 617 2575 pp.
635 2542 716 2571 7930:
736 2543 818 2571 155,1;
834 2542 933 2571 306,2.=‚;
949 2543 1047 2572 325,27;
1064 2543 1162 2572 337‚10;
1179 2543 1278 2573 34⁶‚192
1294 2543 1394 2573 348‚21;
1409 2544 1510 2574 357‚³2;
1526 2543 1612 2573 384,f,;
1628 2544 1728 2573 463,27;
1744 2543 1839 2572 474,³3.
