2209 3213
350 242 415 277 172

485 366 521 398 E

840 234 922 271 DE
945 231 1169 269 MUNDI
1189 229 1491 267 AETHEREI

715 342 770 377 At
794 340 821 376 fi
846 341 942 385 quis
967 337 1074 374 sorte
1100 336 1315 379 dubitarit,
1342 347 1400 373 an
1424 335 1541 373 linea
1566 336 1653 374 DC
1677 336 1863 373 transeat
1887 335 1985 373 satis

661 404 795 440 prope
811 404 887 439 per
904 396 1100 428 centrum
1117 391 1267 436 capitis
1280 389 1491 432 Cometae,
1508 389 1546 426 8(
1563 394 1709 427 utrum
1725 400 1879 426 ueram
1895 388 1984 426 dia-

660 451 848 483 metrum
865 443 1083 485 exhibeat;
1101 442 1312 489 liquidem
1328 440 1551 479 contactus
1567 442 1701 489 paulo
1717 444 1894 489 propior
1909 442 1984 479 esse

660 500 775 546 possit
800 509 933 544 quam
956 497 1073 533 linea
1096 506 1172 542 per
1195 495 1458 533 diametrum
1481 494 1620 538 ducta,
1643 495 1740 532 licet
1762 495 1805 533 id
1828 497 1873 532 in
1895 500 1985 532 tam

660 563 820 599 magna
836 550 1033 588 distantia
1048 548 1085 586 &
1101 550 1258 595 exigua
1269 548 1469 586 diametri
1481 549 1632 595 capitis
1644 547 1842 586 Cometae
1854 548 1909 586 ad
1922 559 1984 585 re-

660 606 901 642 motionem
921 603 1043 640 suam
1060 603 1387 648 comparatione
1407 601 1555 639 locum
1574 613 1666 638 non
1681 606 1917 639 mereatur:
1940 606 1986 638 ut

660 664 807 695 tamen
831 658 952 694 omni
975 667 1028 693 ex
1050 660 1171 702 parte
1194 654 1296 692 huic
1320 656 1494 702 negotio
1516 653 1704 697 satisfiat,
1730 653 1819 692 alia
1841 653 1986 692 adhuc

660 713 828 748 ratione
844 709 960 747 idem
977 708 1206 755 explorare
1222 707 1352 745 lubet.

714 763 940 809 Quoniam
961 765 1107 808 itaque
1129 761 1256 799 datur
1275 762 1321 798 in
1336 760 1576 808 Triangulo
1592 760 1674 797 AB
1684 759 1733 804 C,
1755 760 1888 798 Latus
1904 760 1986 798 AC

660 817 857 854 distantia
876 816 1074 854 Cometae
1095 826 1122 852 a
1142 813 1366 860 superficie
1381 813 1530 851 Terrae
1551 813 1986 851 Semidiametrorum

660 871 740 913 210,
762 870 848 907 fiue
870 869 1109 907 miliarium
1130 867 1289 911 180600,
1308 867 1345 904 8(
1361 867 1564 914 Angulus
1580 866 1699 904 BAC
1717 866 1763 904 fit
1779 878 1897 904 nunc
1913 865 1985 904 Se-

660 924 934 961 midiameter
945 932 1162 968 apparens
1175 920 1373 958 Cometae
1386 920 1449 958 M.
1462 920 1520 963 35,
1538 931 1590 958 eo
1603 919 1721 967 quod
1732 924 1822 958 tota
1834 931 1887 957 ex
1899 919 1985 958 Ob-

660 977 903 1014 seruatione
927 976 1020 1013 esset
1043 976 1147 1012 min.
1169 974 1204 1012 7.
1229 973 1434 1020 Cumque
1455 973 1657 1021 Angulus
1681 973 1736 1011 ad
1759 972 1796 1011 C
1819 972 1890 1010 hic
1915 984 1984 1010 ex-

661 1030 854 1078 quifitius
871 1030 1114 1071 assumatur‚
1132 1032 1279 1074 utpote
1296 1024 1481 1074 perfecte
1495 1024 1636 1064 rectus
1651 1025 1723 1072 (est
1735 1028 1853 1064 enim
1864 1027 1987 1063 iuxta

661 1082 907 1121 contaetum
920 1080 1297 1126 circumferentiae)
1314 1079 1416 1117 hinc
1429 1091 1481 1117 ex
1493 1091 1584 1117 uno
1596 1084 1826 1117 acutorum
1837 1081 1883 1116 in
1893 1078 1984 1116 Tri-

661 1136 822 1184 angulo
835 1134 1097 1182 rectangulo,
1115 1133 1340 1180 alteroque
1353 1135 1447 1171 eius
1459 1133 1612 1171 Latere
1625 1133 1746 1177 datis,
1763 1144 1855 1170 non
1866 1134 1984 1180 igno-

661 1191 825 1228 rabitur
842 1188 920 1226 BC
937 1199 1044 1226 uera
1060 1187 1391 1225 Semidiameter
1407 1186 1654 1224 Miliarium
1670 1186 1737 1224 184
1757 1185 1858 1229 fere,
1880 1197 1985 1233 qua-

661 1244 770 1281 lium
782 1242 863 1280 AC
876 1247 966 1280 erat
978 1241 1138 1284 180600,
1151 1240 1188 1278 8(
1201 1240 1532 1278 Semidiameter
1542 1239 1690 1277 Terrae
1702 1239 1780 1277 860
1792 1239 1855 1285 (ut
1866 1241 1986 1286 prius

662 1295 822 1334 didtum
832 1295 916 1341 est).
928 1294 1164 1341 Duplicata
1173 1305 1290 1331 nunc
1299 1293 1383 1331 hac
1391 1293 1481 1340 ipsa
1490 1293 1835 1336 Semidiametro‚
1845 1291 1987 1339 prodit

661 1355 751 1387 tota
767 1351 917 1396 capitis
935 1348 1133 1386 Cometae
1149 1347 1360 1385 diameter
1376 1346 1623 1384 Miliarium
1638 1345 1728 1390 368,
1745 1350 1791 1383 ut
1806 1347 1938 1393 prius.

714 1403 921 1449 Hincque
943 1401 1230 1448 consequitur,
1252 1400 1370 1447 quod
1391 1400 1620 1438 dimetiens
1641 1398 1839 1437 Cometae
1859 1398 1987 1436 fuerit

662 1461 817 1503 quarta
832 1467 933 1502 pars
949 1466 1049 1493 cum
1066 1456 1081 1494 ’ξ
1101 1454 1364 1491 dimetientis
1379 1453 1494 1501 globi
1510 1452 1724 1490 terrestris.
1742 1452 1899 1490 Euadit
1910 1453 1986 1490 ita-

662 1521 746 1556 que
774 1510 996 1556 proportio
1021 1507 1222 1545 diametri
1248 1506 1446 1545 Cometae
1471 1506 1526 1544 ad
1551 1506 1814 1544 diametrum
1837 1505 1986 1543 Terrae

661 1562 763 1600 ficut
778 1562 802 1599 3
818 1562 873 1600 ad
890 1562 943 1599 14.
962 1561 1166 1608 Cumque
1185 1561 1396 1599 diameter
1411 1559 1560 1597 Terrae
1580 1559 1740 1597 habeat
1759 1558 1799 1596 se
1820 1558 1876 1596 ad
1897 1558 1985 1596 dia-

662 1620 849 1653 metrum
861 1615 1012 1658 Lunae,
1030 1614 1151 1652 uelut
1166 1614 1191 1652 7
1207 1614 1262 1652 ad
1277 1613 1302 1651 2
1318 1615 1440 1651 iuxta
1451 1613 1760 1660 Copernicum,
1777 1611 1986 1650 obtinebit

662 1669 872 1707 diameter
883 1668 1082 1706 Cometae
1094 1668 1149 1705 ad
1161 1667 1423 1705 diametrum
1435 1667 1575 1704 Lunae
1591 1677 1690 1703 earn
1705 1667 1904 1713 proxime
1920 1677 1985 1703 ra-

661 1724 827 1760 tionem
843 1733 978 1769 quam
994 1721 1017 1759 3
1030 1721 1085 1759 ad
1097 1721 1132 1758 4.
1150 1721 1269 1758 Hinc
1286 1722 1417 1758 etiam
1432 1719 1594 1767 patebit
1610 1720 1880 1766 comparatio
1895 1730 1986 1756 ma-

661 1775 898 1823 gnitudinis
918 1775 1080 1812 horum
1101 1785 1347 1821 corporum.
1369 1773 1486 1811 Cum
1502 1774 1620 1811 enim
1637 1771 1832 1819 Sphaerae
1848 1771 1926 1809 fint
1941 1773 1986 1809 in

662 1828 789 1876 tripla
802 1830 971 1865 ratione
985 1827 1162 1865 suarum
1173 1828 1500 1870 diametrorum,
1517 1831 1563 1864 ut
1574 1826 1709 1872 liquet
1721 1836 1774 1863 ex
1786 1824 1985 1862 Elemen-

662 1887 807 1919 torum
828 1881 1138 1919 Euclideorum
1161 1879 1452 1928 propofitione
1476 1879 1630 1917 ultima
1652 1878 1722 1916 lib.
1745 1878 1798 1921 12,
1823 1889 1936 1925 ergo,
1958 1877 1987 1915 fi

664 1935 981 1972 dimetientium
993 1933 1343 1981 proportionales
1354 1934 1527 1971 numeri
1539 1932 1687 1970 cubice
1699 1931 1987 1978 multiplicen-

664 1992 743 2030 tur,
765 1987 1027 2034 maiorisque
1048 1987 1185 2025 cubus
1205 1998 1282 2034 per
1302 1988 1520 2024 minorem
1540 1985 1826 2032 dispartimur,
1849 1986 1988 2022 mani-

664 2040 881 2078 festabitur
896 2040 1057 2078 horum
1074 2051 1308 2087 corporum
1324 2040 1379 2077 ad
1395 2041 1587 2077 inuicem
1604 2038 1805 2081 excessus;
1823 2048 1988 2084 perque

664 2093 778 2131 hanc
804 2095 1183 2131 ratiocinationem
1209 2092 1434 2140 colligitur,
1465 2092 1698 2130 Cometam
1727 2090 1845 2128 hunc
1872 2090 1988 2128 fuisse

664 2146 844 2184 terrestri
858 2146 1004 2184 Globo
1019 2148 1236 2184 minorem
1251 2147 1411 2184 centies
1422 2145 1552 2183 semel
1564 2156 1663 2182 cum
1675 2146 1695 2183 ξ
1706 2143 1807 2187 fere,
1824 2143 1988 2181 Lunari

665 2210 772 2236 uero
796 2201 926 2237 etiam
948 2201 1166 2237 minorem
1188 2199 1337 2237 saltem
1360 2199 1425 2237 bis
1448 2209 1548 2236 cum
1568 2199 1589 2238 {f
1608 2199 1819 2245 proxime.
1843 2197 1988 2243 Atque

665 2252 759 2289 haec
777 2252 831 2289 est
848 2254 998 2299 capitis
1015 2252 1213 2290 Cometae
1229 2263 1337 2290 uera
1352 2250 1574 2294 dimensio,
1596 2250 1633 2288 &
1655 2250 1710 2288 ad
1725 2249 1909 2287 Terram
1929 2254 1988 2287 at-

665 2317 749 2351 que
766 2305 939 2342 Lunam
955 2305 1141 2343 collatio.

719 2358 849 2395 Nunc
871 2358 923 2395 de
944 2357 1101 2396 Cauda
1121 2358 1378 2400 videbimus,
1402 2368 1502 2404 quae
1524 2358 1748 2403 quoniam,
1770 2360 1813 2393 vt
1835 2355 1989 2402 Capite

666 2410 857 2458 Septimo
875 2411 1296 2454 Demonstrauimus,
1316 2410 1493 2449 Stellam
1510 2409 1693 2447 Veneris
1709 2411 1754 2446 in
1770 2408 1846 2446 sua
1863 2408 1988 2446 educ-

666 2466 782 2500 tione
808 2469 1018 2510 perpetuo
1043 2464 1304 2511 respiciebat,
1330 2463 1524 2510 sequenti
1549 2462 1808 2509 figuratione
1832 2463 1878 2498 in
1904 2461 1989 2498 De-

666 2516 943 2554 monstranda
960 2519 1053 2553 eius
1069 2528 1172 2554 vera
1189 2517 1472 2564 longitudine,
1489 2520 1671 2552 vtemur.
1690 2511 1704 2564 ΙΙ
1874 2566 1901 2604 S
1950 2567 1990 2604 Α

1905 2568 1934 2604 it

2026 824 2057 849 10

2026 1090 2057 1114 15

2024 1355 2058 1380 20

2024 1621 2057 1646 25

2025 1888 2058 1913 30

2027 2154 2060 2179 35

2028 2419 2060 2444 40
