2209 3213
534 213 1056 252 RECENTIORIBUS
1077 213 1535 253 PHAENOMENIS
1790 216 1858 254 315

214 321 452 361 factitatum
470 320 536 364 est,
553 322 598 358 in
614 320 771 358 fimiles
785 320 957 367 prorsus
969 331 1178 358 numeros
1190 321 1445 359 recidemus.
1463 321 1582 359 Nam
1593 324 1774 369 repetita
1784 322 1860 359 illa

215 377 384 424 Figura,
402 385 490 422 qua
505 378 608 411 tunc
623 373 682 410 vfi
697 373 857 417 sumus,
875 376 953 411 erit
970 374 1103 411 Latus
1115 374 1210 417 BA,
1228 374 1282 412 G.
1295 374 1358 412 49.
1372 375 1434 412 M.
1448 375 1471 412 3
1488 375 1859 423 complementum

215 428 475 468 Latitudinis
491 426 684 466 Stellulae
700 426 1012 470 Andromedae,
1029 426 1067 464 &
1084 426 1181 470 CA,
1198 427 1241 465 P.
1256 427 1319 465 60.

215 483 278 521 M.
287 482 349 526 53,
360 480 731 528 complementum
741 479 1000 517 Latitudinis
1009 479 1219 523 Cometae‚
1229 481 1319 518 An·
1651 453 1702 510 Α

162 553 177 577 5
214 535 341 585 gulus
350 546 455 572 vero
465 533 596 577 BAC,
607 532 851 571 differentia
861 533 1162 580 Longitudinis
1171 533 1319 571 vtrius-

216 600 300 637 que
319 588 361 626 P.
378 587 441 625 29.
459 587 522 625 M.
539 587 602 630 24,
623 598 724 634 ergo
745 588 975 633 proueniet
993 586 1125 624 Latus
1145 589 1320 624 tertium

216 643 307 685 CB,
331 641 385 679 G.
402 640 464 678 26.
483 640 546 678 M.
563 640 625 684 39,
646 646 691 677 vt
706 640 838 687 prius,
858 639 976 686 quod
991 639 1145 686 probat
1161 645 1319 678 vtram—

127 706 190 738 395
216 707 300 744 que
318 690 681 744 Opera-ntionem,
697 698 787 731 tam
803 704 879 739 per
894 692 1202 730 Ascenfionem
1218 693 1319 731 Rec—

215 755 305 788 tam
323 747 361 785 &
380 747 746 790 Declinationem‚
768 757 904 792 quam
924 746 1262 793 Longitudinem
1282 746 1320 784 &

148 817 178 843 10
216 801 510 841 Latitudinem
535 798 647 838 recte
671 799 924 842 institutam;
955 799 993 836 8(
1022 799 1250 846 vtrobique
1275 802 1321 837 in
1808 816 1845 857 -B

215 867 304 894 vno
317 854 454 903 gradu
466 865 566 891 cum
577 853 713 891 tribus
724 854 902 900 quartis,
919 852 1222 890 certitudinem
1234 852 1320 891 Ob-

215 909 472 948 seruationis
488 906 677 950 Sculteti‚
695 905 897 944 conuelli.
1368 923 1402 959 C

269 963 345 1001 Sin
367 972 472 999 vero
493 972 516 998 e
536 959 687 998 nostris
710 960 896 1007 proprijs
918 959 1321 997 Animaduerfioni-

215 1017 296 1055 bus
305 1018 351 1054 in
359 1014 457 1052 loco
466 1014 837 1058 Cometae‚omnia
846 1012 1002 1051 eodem
1011 1012 1144 1050 modo
1154 1012 1209 1050 ad
1217 1012 1321 1051 Stel·
1351 1037 1394 1071 -D
1820 1036 1856 1078 E

149 1085 178 1109 15
216 1070 306 1108 lam
330 1069 748 1114 comparauerimus,
774 1066 961 1114 prodibit
983 1065 1181 1103 distantia
1204 1077 1322 1113 quae-

215 1123 302 1167 fita,
324 1121 439 1170 grad.
456 1120 519 1159 27.
540 1122 645 1158 min.
662 1121 721 1164 43,
743 1131 844 1167 quae
864 1119 998 1167 paulo
1019 1121 1200 1166 propius
1220 1119 1276 1157 ad
1296 1120 1426 1168 ipfius
1447 1120 1549 1159 data
1568 1120 1744 1164 accedit,
1766 1120 1862 1158 licet

215 1176 360 1215 adhuc
376 1174 430 1212 ab
447 1173 531 1211 illis
547 1173 719 1212 deficiat
734 1174 871 1221 gradu
887 1175 1054 1220 integro
1070 1184 1171 1210 cum
1186 1178 1307 1220 parte
1320 1176 1413 1212 eius
1424 1175 1565 1217 tertia;
1583 1174 1701 1221 quod
1713 1175 1862 1211 etiam-

216 1241 324 1268 num
340 1227 469 1276 ipfius
485 1227 730 1265 distantiam
745 1228 934 1265 nimium
949 1227 976 1264 a
992 1225 1134 1273 Scopo
1150 1226 1334 1265 deuiasse
1350 1227 1534 1265 testatur.

270 1283 407 1321 Haud
423 1281 548 1319 aliter
563 1282 609 1318 in
624 1279 941 1319 Altitudinibus
961 1280 1016 1318 ab
1037 1279 1126 1327 ipso
1147 1279 1464 1328 praesuppofitis
1485 1280 1668 1318 euidens
1687 1280 1725 1318 8(
1742 1282 1861 1317 inex—

145 1350 179 1376 20
216 1336 415 1376 cusabilis
431 1334 805 1372 disconuenientia
821 1335 1115 1377 committitur,
1132 1333 1244 1371 adeo
1256 1339 1299 1371 vt
1312 1336 1499 1382 proprijs
1510 1333 1639 1381 ipfius
1651 1334 1862 1371 assumtio-

216 1390 344 1429 nibus
356 1389 393 1427 8(
406 1388 735 1427 inuentionibus
747 1386 920 1435 prorsus
931 1392 1186 1435 repugnent,
1203 1387 1338 1425 veluti
1350 1399 1467 1425 nunc
1478 1387 1627 1435 palam
1638 1386 1861 1425 faciemus.

269 1444 464 1491 Repetita
484 1441 694 1488 superiori
715 1453 802 1488 qua
822 1442 1014 1489 primum
1030 1439 1088 1477 vfi
1104 1440 1252 1478 [umus
1268 1441 1590 1483 Delineatione,
1612 1442 1690 1478 erit
1711 1442 1756 1478 in
1771 1440 1862 1478 Tri-

216 1496 378 1545 angulo
404 1494 538 1539 BAF‚
563 1494 766 1542 Angulus
791 1495 846 1533 ad
871 1494 912 1531 A
937 1505 990 1531 ex
1015 1493 1145 1540 ipsius
1171 1493 1348 1532 Sculteti
1373 1494 1541 1542 placitis
1566 1494 1609 1531 P.
1633 1494 1695 1532 66.
1721 1493 1784 1531 Μ.
1808 1494 1862 1538 41,

216 1551 350 1589 Latus
366 1550 453 1591 FA,
474 1559 552 1595 per
572 1548 775 1592 eundem,
798 1559 851 1586 ex
872 1547 1194 1595 complemento
1212 1547 1532 1586 Declinationis
1548 1559 1682 1594 quam
1699 1547 1771 1584 ille
1786 1546 1862 1585 sta-

145 1617 178 1642 25
216 1606 307 1648 tuit,
324 1603 367 1641 P.
379 1603 433 1641 71.
446 1601 510 1639 M.
522 1601 576 1645 31,
593 1601 807 1640 Distantia
822 1613 927 1639 vero
944 1601 1152 1639 Polorum
1168 1600 1421 1648 AEquatoris
1438 1601 1476 1638 8(
1493 1601 1751 1638 Horizontis
1767 1600 1861 1644 BA,

217 1657 273 1696 est
287 1657 448 1704 vbique
464 1654 506 1692 P.
519 1654 582 1693 39.
600 1655 662 1692 Μ.
677 1655 740 1693 20.
758 1655 877 1693 Hine
893 1656 1097 1702 prouenit
1113 1654 1198 1698 BF,
1217 1654 1271 1692 G.
1284 1655 1338 1692 61.
1352 1654 1415 1692 Μ.
1427 1655 1475 1694 6ὲ
1490 1654 1863 1701 complementum

217 1710 472 1749 Altitudinis
485 1708 683 1746 Cometae
700 1710 745 1746 in
761 1708 950 1746 secunda
962 1707 1295 1752 Obseruatione;
1312 1708 1443 1755 idque
1460 1719 1552 1745 non
1568 1706 1709 1745 differt
1725 1706 1780 1745 ab
1796 1719 1861 1750 eo,

217 1763 335 1812 quod
356 1763 571 1802 Scultetus
590 1761 631 1799 l'e
653 1761 903 1800 Obseruasse
926 1761 1081 1799 retulit.
1103 1761 1269 1798 Verum
1292 1773 1345 1799 ex
1369 1761 1451 1799 hac
1474 1766 1564 1799 tam
1587 1759 1739 1798 exacta
1761 1772 1861 1798 con-

133 1825 197 1857 396
217 1818 442 1856 uenientia
461 1814 588 1853 facile
609 1815 664 1853 est
685 1815 885 1863 colligere
906 1814 1045 1862 ipsum
1062 1811 1076 1864 ΙΙ
1093 1826 1183 1852 non
1204 1826 1280 1862 per
1299 1814 1676 1857 Obseruationem‚
1697 1813 1767 1851 sed
1787 1825 1864 1861 per

148 1885 181 1910 30
217 1871 582 1918 supputationem,
600 1880 653 1906 ex
665 1868 971 1907 Declinatione
987 1870 1176 1915 propria,
1193 1867 1291 1905 licet
1306 1870 1452 1906 minus
1469 1872 1596 1911 certa,
1614 1867 1651 1905 8(
1667 1867 1864 1905 distantia

220 1925 417 1963 Cometae
427 1935 454 1961 a
462 1922 728 1966 Meridiano,
741 1921 855 1960 hanc
865 1922 1155 1959 Altitudinem
1166 1933 1245 1969 pro
1257 1921 1377 1959 libito
1390 1921 1611 1959 ordinasse.
1624 1920 1734 1958 Eam
1746 1922 1865 1958 enim

219 1989 320 2016 cum
336 1978 502 2015 caeteris
518 1975 648 2022 ipfius
663 1975 980 2023 praesuppofitis
997 1986 1087 2012 non
1100 1986 1339 2022 congruere
1350 1986 1468 2012 nunc
1479 1973 1863 2012 manifestabimus.

272 2031 322 2069 In
339 2030 530 2068 eiusdem
546 2029 716 2076 Figurae
732 2028 972 2076 Triangulo
984 2028 1066 2066 AC
1074 2028 1117 2072 F,
1135 2030 1240 2075 quia
1256 2028 1390 2066 Latus
1401 2028 1482 2066 AC
1499 2027 1555 2065 est
1570 2027 1864 2075 complemen-

218 2090 312 2122 tum
328 2083 648 2122 Declinationis
665 2081 809 2120 Stellae
823 2082 1122 2119 Andromedae
1137 2081 1254 2129 grad.
1271 2081 1334 2119 49.
1351 2083 1455 2119 min.
1473 2081 1508 2125 9,
1527 2080 1565 2119 8(
1580 2080 1661 2118 AF
1677 2080 1864 2128 comple-

147 2152 181 2177 35
218 2142 417 2176 mentum
438 2135 758 2174 Declinationis
779 2135 977 2173 Cometae
998 2147 1024 2173 a
1045 2134 1234 2173 Sculteto
1255 2135 1310 2173 ad
1331 2134 1415 2172 hoc
1435 2139 1607 2182 tempus
1628 2139 1863 2177 annotatae,

218 2191 261 2229 P.
278 2191 332 2229 71.
350 2190 413 2228 M.
430 2190 483 2234 31,
505 2190 638 2227 Latus
654 2200 758 2226 vero
775 2188 852 2226 CF
872 2188 1070 2226 distantia
1086 2188 1284 2227 Cometae
1306 2187 1343 2225 8(
1364 2188 1509 2226 Stellae
1530 2188 1585 2226 ab
1606 2187 1695 2235 ipso
1716 2187 1864 2225 consti-

218 2249 322 2287 tuta,
339 2243 455 2292 grad.
472 2243 535 2281 28.
553 2244 657 2280 min.
675 2242 737 2280 25.
755 2242 874 2280 Hinc
891 2242 1058 2280 elicitur
1074 2241 1276 2289 Angulus
1288 2241 1369 2280 AC
1377 2241 1420 2286 F,
1437 2241 1480 2279 P.
1498 2241 1577 2280 135.
1595 2241 1658 2278 M.
1676 2241 1760 2281 504.
1778 2240 1864 2278 De-

219 2298 320 2336 inde
335 2299 382 2334 in
396 2295 636 2344 Triangulo
654 2295 785 2339 BAC,
807 2297 912 2342 quia
930 2297 1081 2333 omnia
1100 2297 1183 2332 tria
1198 2295 1355 2333 Latera
1375 2300 1480 2332 nota
1499 2294 1607 2338 sunt,
1629 2294 1719 2338 BA,
1741 2294 1783 2331 P.
1801 2294 1863 2331 39.

219 2351 283 2389 M.
299 2351 351 2388 20
366 2350 565 2388 distantia
580 2349 801 2392 Polorum,
823 2348 920 2392 CA,
942 2348 1052 2386 Part.
1070 2348 1132 2386 49.
1148 2349 1254 2386 min.
1271 2348 1307 2391 9,
1330 2348 1701 2396 complementum
1720 2347 1863 2384 Decli-

149 2418 182 2443 40
219 2405 410 2442 nationis
427 2402 584 2446 Stellae,
602 2402 694 2446 BC,
711 2402 827 2450 grad.
840 2402 902 2440 37.
915 2403 1019 2439 min.
1033 2402 1086 2446 15,
1103 2401 1475 2449 complementum
1486 2401 1741 2439 Altitudinis
1758 2399 1863 2437 eius-

220 2457 320 2495 dem
331 2456 489 2501 Stellae,
506 2455 718 2494 referente
730 2455 932 2500 Sculteto,
948 2457 1076 2503 igitur
1092 2466 1115 2492 e
1130 2455 1266 2493 tribus
1281 2456 1395 2493 notis
1407 2454 1633 2493 Lateribus
1650 2452 1863 2501 cognosci-

219 2516 289 2548 tur
304 2509 507 2558 Angulus
523 2509 604 2547 AC
613 2509 659 2553 B,
681 2520 814 2556 quem
834 2508 863 2546 fi
883 2509 1172 2547 adiecerimus
1192 2510 1312 2556 prius
1333 2510 1515 2546 inuento
1536 2506 1713 2555 Angulo
1729 2506 1810 2544 AC
1819 2506 1862 2548 F,

325 2570 376 2596 40*
1677 2559 1863 2607 prodibit
