2209 3213
366 224 431 260 164
857 218 939 255 DE
961 216 1186 255 MUNDI
1206 215 1507 252 AETHEREI

366 329 423 368 G:
444 329 521 364 erit
538 329 682 371 itaque
699 326 743 360 in
760 323 998 369 Triangulo
1015 321 1147 359 GAE
1163 320 1365 368 Angulus
1381 320 1436 357 ad
1454 320 1487 357 E
1503 318 1655 364 rectus,
1673 331 1860 367 cumque
1877 320 2001 358 detur

366 381 496 417 Latus
509 379 589 415 EA
602 380 645 414 in
663 378 786 414 certis
802 376 1004 422 gradibus
1021 374 1059 411 8(
1074 375 1266 416 minutis,
1284 384 1375 410 non
1390 372 1659 420 ignorabitur
1675 372 1737 410 illi
1754 373 2000 420 correspon-

365 434 469 470 dens
488 431 572 468 GA
590 433 633 467 in
651 429 738 475 ipso
756 431 873 465 Arcu
890 428 1101 465 Cometae.
1124 425 1299 464 Constat
1317 428 1435 463 enim
1451 425 1504 463 fic
1520 428 1566 463 in
1581 425 1820 473 Triangulo
1837 425 2001 464 rectan-

363 485 463 532 gulo
481 483 680 530 Angulus
702 488 854 519 acutus
875 492 975 518 cum
996 491 1087 517 uno
1109 480 1275 523 Latere,
1297 490 1433 526 quare
1449 478 1790 526 Triangulorum
1810 481 2002 517 rationes

364 538 580 583 reliquum
598 535 784 582 quoduis
802 534 934 571 Latus
950 533 1083 570 latere
1100 543 1191 570 non
1207 531 1355 569 finent.

416 590 484 627 Sic
505 591 635 626 etiam
657 586 879 625 uiceuersa
896 598 949 624 ex
965 586 1066 624 dato
1083 586 1203 623 Arcu
1220 585 1418 623 Cometae
1436 585 1522 623 GA
1538 587 1772 632 inquiritur
1789 585 1851 622 illi
1867 587 2002 632 aequi·

364 643 516 680 ualens
528 643 573 678 in
586 641 791 686 Ecliptica
803 640 835 677 E
844 640 900 683 A;
914 638 1290 686 quemadmodum
1301 638 1396 676 haec
1408 638 1552 685 postea
1564 640 1609 676 in
1621 638 1710 685 ipsa
1722 638 2002 685 Operatione,

364 696 400 732 8(
418 694 721 742 Hypotheseos
739 693 937 731 Cometae
953 703 1029 739 per
1045 703 1255 729 numeros
1272 691 1573 738 explicatione,
1590 691 1885 729 manifestiora
1901 703 2002 730 eua-

363 749 475 785 dent.

416 801 514 838 Hac
532 811 707 846 quoque
724 799 815 846 lege
833 798 1112 846 cognoscitur,
1130 797 1248 845 quod
1263 797 1474 844 fiquidem
1485 798 1627 836 Arcus
1638 797 1719 836 AC
1736 799 1782 835 in
1796 797 2003 844 Ecliptica

363 854 416 891 ab
439 851 735 890 intersectione
757 853 797 889 A
818 851 951 898 usque
975 852 1030 889 ad
1054 851 1297 898 Perigaeum
1320 850 1480 888 ibidem
1503 852 1549 888 in
1570 851 1619 894 C,
1642 850 2004 897 praesupponatur

363 907 404 944 P.
422 907 474 943 14.
493 906 555 943 M.
573 906 623 943 50
645 905 758 952 (talis
780 907 898 942 enim
919 904 1078 948 euadit,
1100 904 1129 941 si
1149 904 1403 942 subduxeris
1420 904 1462 941 P.
1479 904 1541 942 20.
1560 904 1623 942 M.
1640 904 1690 942 55
1713 907 1751 946 ,Ἀ
1773 903 1920 941 locum
1940 905 2003 941 in-

362 958 635 1001 tersectionis,
653 970 678 996 a
694 963 815 1005 parte
829 959 864 996 5.
880 958 944 995 M.
956 958 1007 995 45
1023 963 1048 997 z
1068 957 1261 1005 Perigaeo
1278 956 1390 994 Solis
1407 956 1445 994 8(
1462 956 1677 1003 Cometae)
1693 959 1897 1004 prouenit
1912 957 2003 995 AD

362 1013 424 1049 illi
441 1012 780 1058 correspondens
796 1013 841 1048 in
858 1010 1036 1049 Circulo
1053 1010 1252 1048 Cometae
1268 1010 1311 1048 P.
1329 1010 1381 1048 16.
1400 1010 1463 1048 M.
1480 1010 1543 1053 53,
1566 1012 1640 1057 qui
1660 1015 1871 1057 perpetuo
1887 1010 2003 1048 idem

363 1071 522 1103 manet.
546 1064 795 1111 Tantusque
819 1064 873 1101 est
896 1064 1038 1101 Arcus
1061 1075 1149 1110 quo
1172 1063 1415 1111 Perigaeum
1438 1063 1636 1101 Cometae
1659 1065 1705 1100 in
1726 1063 1803 1101 suo
1827 1065 2005 1110 proprio

363 1120 533 1156 tramite
550 1123 802 1155 remouetur
817 1117 872 1155 ab
888 1115 1186 1155 intersectione
1199 1128 1299 1154 cum
1311 1116 1529 1163 Ecliptica,
1547 1119 1622 1164 qui
1636 1116 1762 1154 nobis
1773 1116 1918 1163 postea
1928 1116 2004 1154 ali-

364 1174 532 1219 quoties
548 1171 641 1208 usui
659 1173 747 1208 erit.

416 1224 486 1261 Ne
502 1236 609 1262 uero
630 1224 770 1271 longis
786 1228 963 1261 utamur
979 1222 1247 1271 ambagibus,
1269 1225 1450 1270 propius
1466 1223 1521 1260 ad
1538 1234 1631 1260 rem
1647 1222 1783 1270 ipsam
1799 1222 2004 1260 acceden-

364 1278 469 1315 dum
486 1279 575 1321 erit,
593 1277 630 1314 8(
646 1278 701 1314 ad
718 1277 833 1314 diem
847 1276 949 1314 XIII
962 1276 1242 1320 Nouembris,
1260 1288 1348 1323 quo
1364 1281 1559 1323 tempore
1576 1276 1645 1314 hic
1658 1275 1864 1314 Cometes
1879 1276 2005 1314 nobis

363 1333 553 1377 primum
576 1332 777 1374 innotuit,
802 1332 895 1367 eius
916 1329 1191 1377 Hypothefin
1211 1326 1566 1379 adaptabi-umus,
1591 1328 2004 1376 explicabimusque;

364 1384 409 1421 Id
431 1384 548 1430 quod
568 1383 712 1430 postea
732 1383 787 1421 ad
809 1382 1019 1430 quosdam
1040 1385 1172 1421 etiam
1188 1382 1299 1420 alios
1319 1382 1411 1420 dies
1430 1382 1741 1430 praestabimus,
1762 1384 1822 1420 ita
1842 1387 1888 1419 ut
1908 1382 2006 1429 ipfis

364 1436 573 1483 exemplis
594 1448 661 1474 res
678 1448 812 1483 quarn
830 1436 1110 1480 intendimus,
1131 1438 1276 1483 potius
1293 1447 1427 1483 quam
1443 1436 1661 1483 perplexis
1677 1435 1915 1473 uerborum
1931 1447 2005 1482 ap-

362 1490 596 1536 paratibus,
609 1489 913 1527 manifestetur.
927 1489 1075 1527 Habet
1086 1494 1235 1527 autem
1245 1489 1480 1527 delineatio
1490 1488 1797 1537 Hypotheseos
1807 1488 2006 1527 Cometae

362 1543 424 1580 illi
439 1544 624 1589 tempori
640 1543 983 1586 accommodata,
1000 1542 1040 1580 se
1056 1544 1102 1580 in
1118 1542 1236 1580 hunc
1252 1542 1446 1580 modum.

417 1595 619 1633 Circulus
636 1596 681 1633 H
690 1596 739 1633 M
748 1596 780 1633 F
796 1596 1095 1634 Eccentricum
1107 1595 1305 1634 Cometae
1322 1597 1367 1633 in
1379 1595 1563 1643 Sphaera
1575 1595 1716 1633 Solari
1731 1594 2006 1642 repraesentet

363 1654 510 1686 centro
537 1649 570 1686 B
596 1649 872 1696 descriptum;
902 1649 1038 1687 Terra
1063 1654 1211 1687 autem
1236 1649 1282 1686 fit
1306 1651 1352 1686 in
1377 1649 1430 1686 A.
1461 1648 1765 1686 Eccentricitas
1790 1659 1897 1686 uero
1922 1648 2005 1686 AB

363 1702 547 1749 aequalis
568 1702 881 1740 Eccentricitati
898 1702 1023 1746 Solis,
1046 1713 1179 1749 quam
1201 1713 1282 1740 nos
1304 1702 1462 1740 crebris
1483 1701 1521 1739 &
1542 1701 1818 1749 diligentibus
1839 1701 2006 1748 aliquot

363 1755 702 1802 praecedentium
728 1767 949 1793 annorum
975 1755 1364 1794 Obseruationibus
1391 1754 1689 1802 conquisitam,
1720 1754 2005 1801 deprehendi-

364 1820 462 1845 mus
483 1809 558 1846 esse
574 1814 680 1855 part.
698 1808 775 1846 360
791 1808 892 1850 fere.
914 1809 1113 1856 qualium
1130 1809 1213 1846 BD
1231 1808 1286 1846 est
1302 1808 1435 1846 10000.
1457 1808 1700 1856 Perigaeum
1721 1807 1912 1845 eiusdem
1929 1808 2004 1845 Ec-

364 1863 538 1898 centrici
553 1861 599 1898 fit
615 1864 660 1898 in
676 1862 735 1905 H,
757 1862 875 1908 quod
896 1874 977 1900 nos
997 1862 1113 1900 idem
1130 1861 1314 1900 facimus
1330 1873 1430 1899 cum
1446 1862 1639 1909 Perigaeo
1656 1861 1797 1899 Solari
1812 1861 1962 1899 itidem
1977 1873 2004 1899 a

364 1914 490 1951 nobis
510 1915 750 1952 adinuento
770 1916 816 1952 in
837 1915 880 1952 P.
899 1916 935 1953 5.
958 1915 1020 1953 M.
1039 1916 1090 1953 45
1115 1921 1140 1955 z
1164 1915 1220 1953 ad
1240 1917 1363 1953 uiam
1383 1914 1582 1952 Cometae
1602 1912 1792 1958 reducto,
1813 1916 1873 1952 ita
1893 1919 1939 1951 ut
1959 1916 2004 1951 in

364 1966 459 2011 hac,
476 1967 529 2005 ab
546 1966 843 2005 intersectione
859 1980 959 2006 cum
976 1968 1183 2015 Ecliptica
1199 1970 1244 2006 in
1260 1969 1303 2006 P.
1316 1968 1378 2006 20.
1392 1968 1455 2006 M.
1467 1968 1518 2006 55
1536 1972 1574 2010 ‚i‘
1584 1998 1592 2011 ,
1609 1967 1727 2005 distet
1742 1967 1785 2005 P.
1798 1967 1851 2005 16.
1864 1967 1927 2004 M.
1940 1967 2003 2005 53.

364 2020 500 2057 ueluti
522 2022 642 2066 prius
664 2021 970 2059 iudicauimus.
994 2021 1055 2059 Sit
1078 2026 1226 2059 autem
1249 2026 1446 2059 centrum
1468 2021 1596 2059 Orbis
1617 2020 1815 2059 Cometae
1839 2020 1880 2058 D
1904 2031 2004 2058 cum

362 2072 540 2119 simplici
557 2078 678 2111 motu
691 2073 814 2118 Solis,
832 2074 1127 2121 uoluaturque
1144 2071 1159 2125 ΙΙ
1176 2074 1362 2113 Cometa
1377 2077 1423 2112 in
1436 2074 1552 2113 Orbe
1568 2074 1670 2112 huic
1687 2073 2004 2120 circumscripto

364 2125 543 2169 MKCI,
565 2128 688 2164 cuius
705 2127 1087 2165 Semidiametrum
1108 2133 1208 2166 ante
1229 2130 1381 2166 omnia
1401 2127 1655 2175 inuestigare
1672 2131 1852 2174 oportet,
1872 2127 2003 2173 idque

362 2181 407 2215 in
423 2178 540 2216 hunc
557 2181 631 2226 qui
647 2179 837 2226 sequitur
852 2181 1047 2218 modum.

416 2231 537 2269 Dum
557 2232 716 2270 solicite
738 2232 775 2270 8(
796 2239 999 2271 accurata
1017 2234 1240 2281 diligentia
1254 2239 1425 2272 motum
1441 2239 1727 2281 apparentem
1744 2233 1942 2271 Cometae
1958 2234 2003 2269 in

362 2284 437 2321 suo
458 2283 588 2323 ductu
609 2297 709 2322 cum
729 2285 907 2333 fimplici
924 2286 1035 2325 Solis
1056 2299 1082 2324 a
1102 2287 1228 2325 nobis
1247 2288 1501 2331 adinuentO,
1523 2286 1713 2331 confero,
1735 2287 1928 2332 comperi
1948 2285 2003 2323 ad

362 2338 477 2375 diem
498 2337 735 2376 secundum
757 2339 1024 2384 Decembris,
1047 2343 1289 2379 maximam
1312 2340 1534 2378 obtinuisse
1556 2351 1658 2377 eum
1678 2351 1705 2377 a
1725 2338 1837 2377 Solis
1857 2339 2003 2376 medio

361 2395 484 2427 motu
500 2390 806 2438 digressionem‚
825 2403 1011 2439 eamque
1028 2392 1204 2431 effecisse
1220 2399 1327 2440 part.
1340 2394 1402 2431 59.
1420 2393 1483 2430 M.
1496 2393 1559 2436 55,
1576 2392 1713 2430 ueluti
1729 2391 2003 2439 postmodum

362 2445 407 2480 in
419 2443 589 2481 Tabula
604 2444 776 2490 plenius
792 2445 964 2491 patebit.
982 2446 1208 2492 Quoniam
1223 2458 1331 2484 uero
1348 2446 1526 2493 fimplex
1542 2445 1654 2484 Solis
1670 2445 1725 2483 ad
1738 2445 1869 2482 Diem
1880 2444 1904 2482 2
1916 2444 2002 2482 De-

363 2497 546 2534 cembris
563 2508 585 2534 e
602 2497 743 2535 nostra
760 2498 1021 2537 restitutione
1039 2499 1093 2537 est
1109 2499 1219 2538 hora
1235 2500 1259 2538 6
1276 2499 1491 2547 completa
1507 2510 1533 2537 a
1549 2498 1749 2542 Meridie,
1767 2497 2001 2593 inlglNgIrait'l.

2043 810 2074 836 10

2045 1076 2076 1101 15

2033 1335 2094 1368 196

2044 1607 2077 1632 25

2041 1873 2075 1898 30

2032 2080 2092 2111 197

2041 2139 2075 2164 35

2040 2403 2074 2429 40
