2209 3213
348 233 372 269 8
840 228 922 265 DE
945 227 1169 265 MUNDI
1190 226 1491 264 AETHEREI

348 337 670 384 experiendum,
684 335 720 372 8(
734 346 785 371 ex
798 336 920 371 certis
935 332 1321 371 Obseruationibus
1335 332 1611 369 Geometrice
1623 330 1982 378 inuestigandum,

346 403 402 427 an
420 392 548 426 etiam
570 389 614 425 hi
631 388 757 434 supra
773 387 942 423 infraue
960 387 1132 423 Lunam
1148 385 1477 423 collocarentur.
1500 384 1631 430 Quod
1647 383 1748 421 sane
1765 395 1856 421 non
1872 384 1983 422 adeo

346 443 521 489 simplici
543 443 721 481 ratione.
747 440 783 476 8(
806 439 920 477 facili
942 439 1158 485 indagine,
1182 443 1312 485 atque
1333 440 1379 475 in
1401 438 1535 475 Noua
1556 436 1688 475 Stella
1707 437 1983 484 peruestigari

346 497 492 542 potuit,
520 506 571 531 eo
595 494 711 540 quod
737 492 831 529 haec
856 504 932 539 per
956 492 995 529 se
1019 494 1201 529 immota
1223 493 1268 528 in
1292 488 1306 540 ΙΙ
1330 490 1485 528 eodem
1509 490 1625 528 Coeli
1650 490 1747 527 loco
1772 495 1982 537 perpetuo

345 549 538 588 haereret,
556 546 766 592 nulloque
783 545 870 582 alio
886 550 1008 582 motu
1025 556 1159 591 quam
1171 546 1299 591 primi
1310 544 1484 581 mobilis
1496 543 1847 587 conuolueretur,
1865 542 1903 580 8(
1919 545 1981 580 in-

344 602 468 647 super
484 600 594 637 adeo
610 601 753 636 vicina
769 598 874 635 Polo
892 598 996 641 esset,
1014 603 1057 635 vt
1067 602 1299 644 Vtrumque
1315 597 1452 641 litum,
1468 598 1620 634 tamin
1636 597 1832 634 maxima
1848 607 1983 643 quam

345 656 526 690 minima
547 652 799 694 Altitudine‚
823 651 948 688 nobis
971 651 1285 688 dimetiendum
1309 649 1542 688 exhiberet.
1570 649 1719 695 Quare
1742 648 1984 687 facilimum

345 712 433 743 erat
454 706 505 742 de
527 707 619 742 eius
636 704 947 747 Parallaxibus‚
968 703 1269 750 immensaque
1286 715 1312 740 a
1327 703 1463 740 Terra
1479 702 1675 740 distantia
1694 704 1796 740 certi
1817 702 1983 749 aliquid

345 758 614 796 concludere.
635 758 693 794 At
708 757 835 804 longe
851 759 1008 794 maiori
1025 759 1070 793 in
1087 757 1282 794 Cometis
1298 755 1613 803 peruestigandi
1629 755 1814 802 idipsum
1834 755 1983 793 labore

345 824 466 859 opus,
484 823 562 848 nec
579 811 688 848 adeo
705 810 948 857 simpliciter
963 808 1221 857 directeque,
1238 809 1307 847 sed
1325 809 1444 856 quasi
1459 820 1535 856 per
1551 808 1756 856 ambages
1773 808 1983 855 quasdam

344 865 398 902 ad
419 863 651 902 abstrusam
671 865 732 900 rei
748 863 984 900 Veritatem
1005 863 1075 900 hic
1095 864 1326 909 peruenire
1346 862 1460 905 licet;
1481 861 1717 909 praesertim
1738 862 1792 899 ob
1813 866 1983 899 motum

346 929 497 954 eorum
522 918 760 963 proprium,
789 916 1065 962 eundemque
1090 915 1334 963 plerunque
1359 915 1640 962 inaequalem,
1670 926 1803 961 quem
1827 919 1984 962 praeter

344 972 471 1017 primi
494 969 666 1007 mobilis
688 969 1012 1006 reuolutionem
1035 969 1242 1012 obtinent,
1269 968 1306 1006 &
1332 968 1449 1015 quod
1472 967 1585 1005 infra
1608 967 1900 1005 Horizontem
1922 973 1983 1005 vt-

344 1024 581 1070 plurimum
605 1022 933 1065 abscondantur,
957 1024 1046 1059 imo
1069 1033 1394 1068 nonnunquam
1418 1023 1549 1059 etiam
1569 1023 1615 1058 in
1635 1020 1888 1059 Meridiano
1909 1032 1984 1058 eos

346 1076 589 1122 conspicere
614 1077 794 1112 minime
820 1075 1080 1112 conceditur.
1112 1075 1158 1112 Id
1184 1075 1301 1121 quod
1326 1076 1372 1111 in
1397 1074 1480 1111 hoc
1506 1074 1692 1112 Cometa
1717 1074 1882 1117 accidit,
1908 1075 1984 1121 qui

346 1140 574 1175 nunquam
600 1126 822 1165 nocturnis
846 1128 1192 1175 apparitionibus
1217 1128 1343 1165 nobis
1368 1127 1670 1165 Meridianum
1698 1126 1983 1174 pertranfiuit,

346 1182 414 1219 sed
438 1182 596 1228 vbique
622 1181 675 1218 ab
700 1181 783 1218 hoc
806 1181 952 1218 versus
975 1180 1188 1218 Occasum
1213 1180 1461 1224 inclinabat,
1486 1180 1524 1217 &
1547 1180 1601 1218 ob
1624 1180 1667 1217 id
1690 1180 1984 1227 perplexiores

348 1235 626 1272 Parallaxeos
656 1234 963 1281 inuestigandae
991 1233 1281 1281 Labyrinthos
1307 1233 1473 1271 obiecit.
1504 1233 1807 1270 Nihilominus
1836 1238 1985 1270 tamen

348 1288 550 1325 omnibus
567 1286 889 1324 difficultatibus
909 1286 1170 1333 posthabitis,
1191 1289 1289 1324 totis
1305 1286 1469 1324 viribus
1484 1286 1675 1330 incubui,
1692 1291 1735 1323 vt
1751 1285 1880 1333 ipfius
1896 1287 1984 1333 Ap-

346 1342 565 1387 parentias
589 1338 735 1377 exacte
759 1340 989 1384 dimetirer‚
1013 1351 1101 1386 quo
1125 1339 1291 1377 collatis
1315 1339 1626 1386 complurimis,
1651 1339 1889 1387 ijsdemque
1913 1350 1983 1376 ex-

347 1393 494 1440 quifite
518 1392 674 1430 habitis
696 1392 1095 1436 Obseruationibus,
1120 1392 1344 1430 euidenter
1367 1392 1639 1435 concludere,
1663 1391 1701 1429 8(
1723 1394 1766 1429 vi
1789 1392 1983 1430 Demon-

346 1446 598 1483 strationum
614 1447 888 1489 conuincere,
911 1445 1087 1492 qualem
1103 1445 1228 1483 litum
1244 1445 1313 1483 hic
1331 1445 1516 1483 Cometa
1532 1447 1578 1482 in
1594 1445 1755 1483 Mundi
1771 1445 1983 1483 diametro

347 1499 569 1541 obtineret,
590 1500 635 1535 in
656 1503 829 1545 promtu
850 1499 954 1536 esset.
977 1499 1070 1536 Nec
1091 1498 1255 1542 diffido,
1277 1500 1383 1545 quin
1404 1510 1497 1536 rem
1516 1498 1652 1545 ipsam
1673 1510 1808 1545 quam
1826 1499 1984 1546 assequi

346 1551 661 1598 proposuimus,
683 1554 741 1589 ita
761 1553 1041 1598 attigerimus,
1062 1557 1105 1589 vt
1126 1551 1299 1589 cuilibet
1320 1551 1573 1599 intelligenti
1595 1551 1632 1588 8(
1653 1551 1836 1589 candide
1852 1551 1983 1589 solius

345 1605 546 1642 Veritatis
562 1616 712 1642 amore
729 1604 823 1641 haec
840 1604 1091 1651 disquirenti
1111 1604 1432 1651 persuadeatur,
1455 1616 1507 1642 ea
1527 1616 1628 1652 quae
1649 1604 1983 1642 demonstratiue

345 1657 644 1699 conclusimus,
665 1662 708 1694 vt
729 1657 852 1695 aliter
872 1657 912 1695 se
935 1657 1138 1701 habeant,
1162 1659 1267 1695 citra
1288 1657 1555 1695 certitudinis
1576 1657 1738 1696 exac’tae
1759 1656 1983 1702 iacturam,

345 1710 438 1748 fieri
455 1710 705 1748 nullatenus
722 1711 843 1757 posse.

398 1763 466 1800 Ne
478 1775 582 1800 vero
595 1763 931 1801 Obseruationes
943 1763 1109 1807 nostrae,
1126 1762 1276 1810 hisque
1287 1765 1452 1801 innixae
1464 1763 1879 1808 Demonstrationes,
1892 1766 1984 1811 qui-

344 1816 425 1853 bus
441 1817 496 1853 ad
513 1821 706 1862 optatam
722 1821 884 1854 metam
900 1819 1164 1863 pertigimuS,
1185 1816 1294 1854 mihi
1310 1816 1387 1854 soli
1403 1816 1656 1859 constarent,
1677 1816 1857 1865 alijsque
1873 1816 1984 1854 nihil

346 1870 564 1906 commodi
576 1869 915 1916 cognitionisque
928 1869 1184 1913 conferrent,
1196 1869 1367 1916 permifi
1378 1875 1553 1917 rogatus
1562 1870 1616 1908 ab
1626 1871 1792 1907 Amicis
1802 1869 1840 1907 8(
1849 1881 1983 1917 quam

345 1921 544 1968 plurimis
567 1920 914 1959 Doctissimorum
936 1925 982 1959 in
1005 1922 1250 1960 Germania
1272 1923 1479 1960 Virorum
1503 1922 1736 1960 solicitatus
1760 1923 1905 1967 literis,
1931 1935 1984 1961 ea

346 1986 445 2021 quae
467 1986 519 2012 ex
540 1974 671 2012 huius
693 1975 890 2012 Cometae
906 1975 1374 2013 Animaduerfionibus
1394 1975 1674 2023 deprehendi,
1694 1977 1741 2013 in
1759 1975 1983 2023 publicum

346 2028 536 2074 prodire;
559 2028 614 2065 Vt
634 2027 671 2064 &
691 2027 911 2074 posteritas
931 2028 1225 2066 antecedentis
1246 2031 1384 2066 aetatis
1405 2031 1450 2066 in
1470 2028 1554 2066 hoc
1574 2031 1748 2076 negotio
1770 2028 1982 2067 Obserua-

346 2082 485 2117 tiones
504 2080 893 2118 Demonstrationis
915 2081 1123 2119 methodo
1146 2093 1521 2129 numerorumque
1541 2081 1810 2119 adminiculo
1830 2081 1982 2119 stabili-

347 2138 423 2175 tas,
441 2132 478 2170 &
494 2135 539 2170 in
554 2133 676 2171 vsum
692 2133 886 2171 diductas
901 2133 1091 2178 haberet,
1113 2135 1271 2181 quibus
1287 2137 1442 2172 certior
1458 2133 1785 2182 instructiorque
1803 2134 1982 2179 reddita,

346 2185 431 2222 suis
447 2188 578 2223 etiam
593 2187 859 2233 temporibus
871 2189 917 2224 in
928 2186 996 2224 his
1008 2186 1045 2224 8(
1056 2187 1264 2225 similibus
1275 2189 1448 2225 nouiter
1460 2189 1618 2225 exortis
1631 2187 1851 2225 Sideribus
1863 2188 1983 2225 Veri-

346 2240 443 2276 tatis
463 2239 702 2285 penetralia
722 2239 1015 2286 perscrutandi
1031 2236 1046 2289 ΙΙ
1062 2240 1332 2278 occasionem
1349 2240 1387 2278 8(
1402 2240 1552 2278 ansam
1567 2241 1812 2278 vberiorem
1832 2239 1903 2278 hic
1919 2242 1982 2277 in-

346 2293 526 2329 ueniret.
543 2292 720 2329 Vtinam
736 2303 839 2329 vero
856 2293 909 2330 ab
926 2293 1254 2330 antecessoribus
1271 2293 1421 2331 nostris
1440 2295 1535 2340 pari
1556 2293 1777 2341 diligentia
1793 2293 1831 2330 8(
1846 2293 1982 2331 studio

346 2344 529 2390 idipsum
545 2343 783 2382 factitatum
799 2345 942 2389 fuisset‚
964 2357 1055 2383 non
1071 2346 1275 2393 equidem
1290 2351 1410 2384 tanto
1427 2351 1634 2394 tempore,
1652 2346 1689 2383 8(
1705 2348 1751 2384 in
1765 2351 1887 2384 tanta
1902 2347 1982 2383 Ar-

345 2398 454 2434 tium
476 2397 694 2435 bonarum
715 2398 824 2441 luce,
847 2403 936 2435 tam
959 2399 1112 2436 crassus
1135 2410 1254 2436 error
1276 2400 1609 2446 ignorantiaque
1630 2401 1676 2436 in
1697 2399 1983 2437 Cometarum

346 2449 423 2487 fitu
440 2449 477 2486 8(
492 2453 783 2497 generatione,
801 2463 953 2488 omnes
969 2463 1080 2498 pene
1097 2451 1389 2499 Philosophiae
1405 2452 1587 2490 Scholas
1602 2453 1849 2500 occupasset.

399 2502 453 2539 Vt
473 2508 621 2540 autem
641 2504 913 2541 commodius
934 2504 1247 2551 dilucidiusque
1264 2505 1382 2552 quod
1398 2505 1704 2552 proposuimus
1720 2504 1981 2549 absoluatur,

1845 2558 1984 2595 visum

2024 821 2055 846 10

2025 1086 2055 1110 15

2022 1351 2056 1376 20

2022 1616 2055 1641 25

2021 1881 2055 1906 30

2020 2146 2054 2171 35

2019 2411 2054 2436 40
