2209 3213
532 223 1053 263 RECENTIORIBUS
1074 220 1531 260 PHAENOMENIS
1777 220 1854 257 237

210 335 430 372 Homines
450 334 700 370 inuenietur
720 331 891 378 aliquis,
913 332 989 377 qui
1008 329 1112 367 huic
1132 329 1272 367 arduo
1292 328 1429 366 studio
1451 328 1641 376 impense
1660 327 1856 366 addictus

209 388 267 432 fit,
291 387 329 425 &
351 386 407 425 ad
430 388 524 424 eius
546 384 728 423 solidam
751 385 1045 431 cognitionem
1065 382 1231 430 aspiret.
1258 382 1520 419 Potissimum
1541 384 1659 419 enirn
1681 393 1733 419 ea
1754 393 1854 429 quae

210 440 377 479 ludicra
393 439 431 478 &
446 437 705 486 voluptuosa
723 437 830 481 sunt,
852 437 1043 475 arrident
1063 436 1270 473 ditiorum
1291 436 1489 482 ingeniis,
1511 435 1549 472 8(
1569 437 1642 472 vix
1658 447 1855 482 vnquam

209 494 265 532 ad
277 493 411 531 altam
423 491 806 537 absconditamque
819 490 1015 537 aliquam
1026 489 1297 536 Sapientiam
1309 488 1590 532 contendunt,
1608 490 1682 535 qui
1699 488 1855 536 opibus

157 560 199 591 5†
211 546 455 585 Mundanis
471 544 671 583 affluunt.
689 544 743 581 Vt
759 543 814 581 ob
830 543 873 581 id
890 543 1035 581 Poetae
1051 542 1167 580 illius
1184 540 1362 580 dicium:

143 888 173 912 lo

145 1198 174 1223 15

143 1464 177 1490 20

144 1731 177 1756 25

126 1992 190 2023 287

145 2264 179 2288 35

147 2530 180 2555 40

423 625 564 663 Haud
576 623 717 662 facile
733 624 992 672 emergunt,
1010 632 1205 671 quorum
1224 620 1480 659 Virtutibus
1497 619 1638 668 obstat

528 678 626 716 Res
643 674 833 726 angusta
850 675 990 715 domi:

211 751 316 789 Non
331 752 478 788 minus
494 760 608 793 vere,
625 748 655 786 si
670 759 761 786 non
776 749 934 791 verius,
951 746 991 785 se
1008 746 1179 789 habeat,
1196 745 1225 783 fi
1241 745 1325 783 hoc
1341 745 1474 783 modo
1491 747 1750 783 inuertatur:

423 821 564 859 Haud
577 818 716 858 facile
733 819 990 868 emergunt,
1009 828 1203 866 quorum
1222 816 1478 855 Virtutibus
1495 814 1635 864 obstat

529 874 628 912 Res
643 870 888 920 numerosa
905 870 1030 910 domi
1035 883 1047 908 .·

211 945 295 984 Sed
311 945 397 989 ista,
415 944 453 982 8(
470 949 591 983 extra
606 943 886 991 propositum,
904 942 942 980 &
957 941 1066 980 forte
1083 943 1215 979 etiam
1232 940 1383 978 frustra
1399 952 1516 978 nunc
1533 941 1717 978 inculco.

264 1026 410 1072 Atque
426 1024 522 1062 haec
538 1023 627 1062 fere
641 1023 748 1067 sunt,
765 1034 865 1070 quae
878 1022 930 1060 de
942 1024 1006 1066 iis,
1023 1021 1181 1069 quibus
1193 1020 1441 1058 Moestlinus
1453 1032 1618 1059 nouem
1631 1020 1859 1068 Capitibus

211 1078 562 1116 Astronomicam
586 1076 719 1114 huius
743 1076 941 1114 Cometae
965 1074 1356 1113 considerationem
1379 1074 1634 1121 complexus
1658 1074 1725 1118 est,
1750 1074 1859 1112 mihi

212 1134 334 1170 iuxta
355 1131 531 1169 instituti
553 1130 682 1168 nostri
704 1131 934 1172 rationem,
958 1128 1143 1166 dicenda
1162 1139 1280 1165 nunc
1301 1129 1346 1164 in
1366 1132 1559 1165 mentem
1580 1139 1752 1165 venere.
1776 1127 1859 1165 Vbi

213 1185 470 1229 notandum,
488 1183 606 1231 quod
623 1195 687 1227 ea,
705 1194 805 1230 quae
822 1181 1077 1221 SEPTIMO
1095 1180 1133 1219 &
1150 1180 1377 1219 OCTAVO
1395 1180 1618 1224 CAPITE,
1638 1181 1690 1218 de
1708 1181 1859 1229 Hypo-

212 1238 329 1283 thefi,
346 1249 435 1286 qua
450 1237 580 1285 ipsius
591 1237 885 1284 Apparentias
900 1235 1070 1273 saluare
1087 1239 1282 1278 conatur,
1299 1235 1515 1281 proponit,
1532 1236 1578 1271 in
1594 1246 1732 1271 vnum
1748 1246 1774 1272 a
1790 1245 1859 1271 me

213 1291 422 1340 congesta,
434 1290 647 1338 fimulque
658 1289 733 1327 sub
745 1289 870 1327 titulo
883 1289 1050 1336 Capitis
1062 1287 1243 1335 Septimi
1252 1286 1567 1334 comprehensa
1577 1288 1665 1331 esse‚
1679 1299 1731 1325 eo
1744 1287 1862 1334 quod

213 1347 259 1383 in
274 1356 363 1383 vna
379 1344 622 1391 eademque
638 1344 823 1381 materia
838 1341 1072 1380 versentur.

267 1397 381 1444 Quae
397 1402 546 1436 autern
561 1395 836 1444 postmodum
848 1394 1087 1434 DECIMO
1100 1393 1138 1432 8(
1149 1394 1301 1432 vltimo
1314 1393 1537 1438 CAPITE,
1555 1394 1607 1432 de
1620 1396 1714 1432 eius
1726 1393 1862 1441 Signi-

214 1451 490 1489 ficationibus
502 1449 766 1498 Astrologice
782 1451 999 1496 proponit,
1017 1447 1088 1486 etfi
1099 1447 1341 1486 admodum
1353 1449 1422 1494 pie
1435 1447 1472 1485 &
1485 1447 1663 1491 erudite,
1680 1447 1861 1494 satisque

214 1504 495 1552 probabiliter
514 1504 568 1542 ab
590 1503 665 1541 illo
686 1502 942 1546 referantur,
963 1507 1112 1540 tamen
1132 1501 1185 1539 de
1205 1503 1257 1538 iis
1277 1512 1428 1538 meum
1446 1501 1658 1538 iudicium
1674 1502 1861 1547 interpo—

214 1569 318 1596 nere
335 1557 452 1601 nolo,
474 1557 685 1604 siquidem
701 1558 747 1594 in
762 1555 847 1593 hoc
862 1560 952 1593 toto
970 1555 1127 1602 Opere,
1149 1553 1269 1592 haud
1286 1553 1611 1601 Astrologicam,
1633 1553 1702 1591 sed
1719 1553 1861 1591 Astro-

215 1613 438 1649 nomicam
460 1612 604 1658 potius
627 1620 850 1648 nouarum
870 1611 915 1646 in
936 1608 1066 1647 Coelo
1088 1609 1423 1655 generationum
1447 1607 1863 1654 contemplationem

214 1664 432 1702 instituere
448 1663 767 1712 proposuimus.
784 1662 889 1700 Non
906 1662 1024 1709 quod
1036 1661 1337 1709 Astrologiam,
1355 1672 1455 1708 quae
1472 1659 1649 1698 effectus
1661 1660 1862 1698 Siderum

215 1718 436 1761 scrutatur,
457 1717 591 1755 modo
613 1718 726 1754 intra
745 1720 883 1753 metas
904 1715 1001 1753 suas
1019 1714 1059 1752 se
1076 1716 1309 1758 contineat,
1330 1716 1472 1751 necin
1488 1714 1804 1761 superstitiones
1825 1713 1863 1751 8(

215 1771 373 1809 abusus
389 1782 529 1808 vanos
548 1774 760 1814 excurrat,
781 1768 953 1815 prorsus
974 1770 1140 1806 irritam
1161 1767 1198 1805 8(
1219 1769 1429 1805 incertam
1450 1766 1652 1811 habeam,
1673 1772 1717 1804 vt
1737 1767 1862 1814 pleri-

216 1836 300 1872 que
317 1824 428 1862 alias
445 1823 601 1861 eruditi
617 1823 722 1866 Viri,
744 1824 876 1860 etiam
893 1823 1005 1859 inter
1020 1821 1132 1869 ipsos
1148 1832 1240 1858 non
1255 1820 1491 1868 postremos
1508 1820 1861 1861 Mathematicos.

216 1878 268 1916 de
289 1889 342 1915 ea
361 1876 619 1925 praepostere
640 1876 846 1919 iudicant,
871 1887 924 1913 ex
945 1886 1112 1918 eorum,
1134 1876 1209 1922 qui
1229 1873 1270 1912 se
1290 1873 1522 1912 Artificum
1542 1875 1722 1911 nomine
1744 1876 1789 1911 in
1810 1885 1863 1911 ea

215 1930 452 1975 venditant,
482 1928 915 1972 hallucinationibus,
945 1928 997 1966 de
1023 1928 1141 1965 Artis
1170 1926 1421 1965 infirmitate
1451 1927 1652 1965 iniustam
1677 1926 1863 1965 ferentes

216 1980 495 2034 censu-ssram;
516 1983 728 2031 fiquidem
743 1983 861 2020 Artis
877 1981 1010 2019 huius
1026 1980 1213 2019 abstrusa
1233 1980 1519 2028 profunditas,
1541 1992 1641 2028 quae
1657 1982 1703 2018 in
1719 1980 1863 2018 sensus

215 2038 253 2075 8(
278 2037 618 2081 Geometricam,
639 2035 1063 2082 Arithmeticamque
1084 2034 1525 2078 Demonstrationem‚
1548 2039 1592 2071 vt
1615 2046 1668 2072 ea
1688 2045 1788 2081 quae
1810 2034 1862 2072 de

215 2091 405 2129 motibus
421 2092 519 2138 agit,
537 2102 628 2128 non
644 2090 768 2133 cadit,
782 2089 820 2126 &
831 2090 994 2136 ingenii
1005 2088 1192 2125 humani
1203 2087 1488 2132 imbecillitas,
1506 2087 1862 2134 Iudiciorumque

216 2144 254 2182 8(
267 2144 543 2191 Opinionum
559 2142 893 2181 innumerabilis
910 2141 1144 2185 diuersitas,
1162 2152 1253 2179 non
1269 2140 1514 2184 admittunt,
1530 2140 1586 2178 ad
1598 2142 1692 2178 eius
1703 2141 1863 2187 vbique

215 2197 491 2235 infallibilem
506 2199 707 2235 notitiam
723 2197 967 2244 peruenire.
984 2195 1039 2232 Vt
1050 2194 1105 2232 ob
1118 2194 1160 2232 id
1173 2206 1226 2232 ex
1238 2194 1457 2232 erroribus
1472 2205 1639 2237 eorum,
1657 2196 1732 2241 qui
1749 2194 1863 2232 hanc

216 2251 369 2288 Artem
386 2249 658 2298 profitentur,
679 2251 823 2297 potius
839 2249 957 2286 Artis
973 2247 1103 2295 ipfius
1118 2247 1356 2286 sublimitas
1373 2247 1411 2285 8(
1427 2247 1646 2295 profunda
1662 2249 1862 2295 cognitio,

216 2306 467 2352 ingeniique
490 2303 676 2342 humani
699 2305 745 2340 in
769 2314 820 2341 ea
844 2301 1094 2349 capessenda
1120 2300 1322 2346 defectus,
1348 2301 1490 2348 colligi
1516 2301 1702 2343 deberet,
1728 2312 1863 2348 quam

217 2357 335 2404 quod
352 2356 407 2394 ob
423 2356 613 2395 nostram
628 2356 840 2394 inscitiam
852 2355 889 2393 8(
902 2354 1295 2393 hallucinationem
1310 2354 1560 2398 statuamus,
1578 2359 1638 2392 tot
1654 2359 1862 2401 tantaque

217 2421 414 2457 corpora,
435 2415 524 2448 tam
546 2410 806 2448 admirando
824 2409 862 2447 8(
878 2407 1086 2446 constanti
1102 2413 1238 2452 motu,
1259 2410 1304 2445 in
1325 2412 1446 2446 tanta
1463 2408 1579 2446 Coeli
1595 2410 1726 2445 totius
1743 2407 1862 2445 vasti-

217 2468 302 2502 tate
326 2463 615 2501 indesinenter
637 2463 852 2506 reuoluta‚
876 2461 1028 2499 frustra
1048 2473 1075 2499 a
1095 2460 1217 2499 DEO
1240 2461 1409 2508 Opifice
1433 2461 1608 2499 condita
1631 2462 1719 2498 esse.
1744 2461 1863 2498 Nam

218 2522 433 2564 quantum
445 2517 500 2555 ad
512 2521 760 2564 temporum
777 2514 1090 2554 distinctionem
1106 2516 1268 2559 attinet,
1284 2514 1502 2552 sufficiunt
1514 2514 1638 2558 Solis,
1656 2514 1807 2555 Lunae‚
1826 2513 1863 2550 8(

1732 2567 1863 2604 Primi
