2209 3213
359 228 433 264 342
849 222 930 258 DE
952 219 1176 258 MUNDI
1197 218 1497 256 AETHEREI

359 333 489 377 liquet
516 342 566 366 ex
593 331 654 368 iis.
684 339 782 374 quae
808 327 1002 373 superius
1026 328 1071 362 in
1097 325 1275 371 septima
1300 325 1626 361 examinatione
1651 323 1993 361 Azimuthorum

359 384 394 420 8(
419 383 709 419 Altitudinum
734 379 989 417 Illustrissimi
1015 378 1222 424 Principis
1244 376 1557 413 WILHELMI
1583 375 1993 414 LANDTGRAVII

359 434 586 473 HASSIAE
603 433 740 470 subtili
757 432 924 470 calculo
940 430 1285 478 perquifiuimus.
1304 429 1394 466 Illic
1411 431 1529 466 enim
1543 429 1598 466 ad
1613 429 1728 466 diem
1739 429 1798 466 VI
1810 429 1992 467 Decem-

358 490 453 528 bris.
477 489 548 533 qui
572 485 858 523 Nolthianam
880 485 993 521 hanc
1015 482 1456 520 Animaduerfionem
1477 484 1675 529 proxime
1696 483 1919 526 antecessit‚
1941 494 1993 520 ex

358 539 603 577 Azimuthis
630 539 666 575 8(
692 537 1004 575 Altitudinibus
1034 548 1060 574 a
1090 534 1188 573 dicti
1217 535 1426 582 Principis
1455 534 1731 578 Celfitudine,
1761 535 1994 573 interuallo

358 595 561 640 temporis
579 592 687 629 Hor.
705 591 740 628 2.
758 591 820 627 M.
838 590 921 631 243.
939 590 1066 636 longe
1083 590 1253 626 certiori
1270 587 1307 625 &
1324 586 1529 625 exactiori
1545 590 1719 632 trutina,
1737 600 1871 635 quam
1888 588 1993 626 Nol-

358 646 472 683 thius
488 645 686 692 praessitit.
709 643 954 686 constitutis,
972 642 1184 689 colligitur
1200 641 1427 688 Angulum
1438 641 1560 678 BZK
1574 643 1790 679 maiorem
1806 641 1994 679 euadere

358 695 568 747 An-llgulo
584 697 707 739 BZP,
726 697 842 743 quod
858 703 1005 734 tamen
1023 700 1173 732 contra
1184 696 1245 732 rei
1258 700 1462 732 naturam
1474 694 1541 737 est,
1553 699 1596 732 vt
1607 705 1708 742 pars
1718 694 1845 732 suum
1855 699 1994 732 totum

359 752 546 789 excedat.
565 750 661 787 Fuit
673 752 803 787 etiam
815 749 975 786 ibidem
988 748 1071 785 ZN
1083 750 1228 785 minor
1240 758 1374 794 quam
1386 747 1491 791 ZM,
1509 747 1626 794 quod
1638 747 1890 785 nullatenus
1901 747 1995 785 fieri

358 804 499 851 potest,
510 803 538 840 fi
549 803 787 840 Parallaxis
796 802 945 849 aliqua
957 801 1058 839 huic
1069 801 1267 839 Cometae
1279 800 1482 838 assuenda
1492 799 1613 838 foret.
1628 800 1866 847 Oportebat
1879 802 1997 838 enim

358 864 459 894 tunc
482 857 565 893 ZN
588 858 802 893 maiorem
826 866 959 902 quam
983 854 1074 891 ZM
1101 854 1301 896 euadere,
1324 853 1443 891 velut
1466 852 1633 901 Nolthij
1660 853 1997 892 Obseruationes

358 921 585 957 perperam
610 909 853 949 admittunt,
884 908 1043 954 quibus
1067 907 1319 954 apertissime
1346 906 1604 944 Illustrissimi
1631 906 1764 944 huius
1788 906 1998 954 Principis

359 963 619 1000 Dedomena
639 961 921 1009 refragantur.
944 960 1044 998 Plus
1064 971 1169 997 vero
1190 959 1270 1003 his,
1292 971 1427 1006 quam
1444 959 1697 997 Nolthianis
1717 961 1908 997 inuentis
1927 961 1997 997 tri-

359 1016 581 1053 buendum
608 1015 695 1057 esse,
726 1026 857 1052 nemo
883 1016 957 1060 qui
983 1013 1268 1051 Instrumenta
1294 1012 1553 1050 Illustrissimi
1578 1012 1788 1060 Principis
1814 1024 1836 1050 e
1861 1012 1998 1051 solido

360 1068 542 1106 Metallo
555 1068 861 1115 diligentissime
874 1067 1109 1108 elaborata,
1124 1077 1223 1103 cum
1237 1067 1301 1113 ijs,
1314 1065 1472 1113 quibus
1485 1065 1693 1104 Nolthius
1703 1065 1802 1104 vsus
1814 1065 1881 1110 est,
1898 1077 1998 1104 con-

359 1122 512 1163 tulerit,
534 1121 608 1158 ibit
629 1120 753 1158 facile
774 1120 958 1163 inficias;
982 1119 1218 1167 praesertim
1239 1130 1339 1156 cum
1360 1118 1607 1166 Horologia
1627 1121 1771 1163 etiarn,
1792 1121 2000 1166 temporis

359 1180 582 1212 momenta
591 1174 862 1211 minutissime
873 1172 1177 1216 distribuentia,
1191 1183 1243 1210 ea
1252 1172 1475 1219 diligentia
1484 1170 1680 1210 confecta
1688 1174 1734 1210 in
1742 1171 1818 1210 vsu
1826 1171 1998 1215 habeat,

360 1227 507 1274 qualia
525 1227 594 1264 vel
613 1226 832 1269 Nolthius‚
853 1226 922 1264 vel
943 1227 1088 1273 quiuis
1109 1225 1222 1263 alius
1242 1227 1288 1262 in
1305 1225 1562 1269 Germania,
1583 1225 1765 1263 vixdum
1785 1225 1998 1273 possideat.

412 1280 504 1318 Nec
525 1280 663 1317 solum
686 1291 761 1323 eae,
784 1291 883 1327 quae
905 1279 973 1317 die
990 1279 1047 1316 VI
1065 1278 1320 1316 Decembris
1341 1290 1367 1316 a
1387 1280 1711 1326 praenominato
1727 1278 1999 1316 Illustrissimo

359 1334 554 1380 Principe
575 1333 735 1371 habitae
756 1333 850 1371 sunt
866 1331 1295 1376 Animaduerfiones‚
1317 1331 1386 1369 sed
1409 1333 1541 1370 etiarn
1558 1331 1740 1379 reliquae
1756 1331 1827 1370 sex
1842 1333 1999 1370 anteri-

359 1398 467 1429 ores,
490 1386 649 1424 ibidem
666 1385 873 1433 exquifita
889 1385 1193 1433 supputatione
1210 1397 1236 1423 a
1252 1385 1378 1423 nobis
1395 1384 1610 1432 expofitae,
1630 1385 1883 1432 apertissime
1900 1396 1999 1423 con-

360 1442 551 1483 uincunt‚
576 1439 866 1477 Nolthianam
888 1439 1251 1477 obseruationem
1274 1438 1446 1485 prorsus
1468 1449 1699 1476 erroneam
1719 1437 1851 1482 fuisse;
1875 1437 1999 1485 fiqui-

359 1493 457 1530 dem
481 1492 603 1530 nulla
626 1504 791 1535 earum,
815 1492 916 1530 huic
940 1491 1138 1530 Cometae
1162 1491 1412 1530 Parallaxin
1434 1491 1504 1529 vel
1526 1493 1759 1529 minimam
1783 1491 1999 1535 attribuat,

360 1557 493 1592 quam
513 1551 660 1583 tamen
680 1545 752 1583 ille
773 1545 828 1583 ad
848 1545 972 1583 senos
992 1545 1314 1592 propemodum
1336 1544 1495 1592 gradus
1516 1556 1538 1582 e
1559 1544 1787 1582 fallacibus
1807 1544 1892 1582 suis
1912 1543 1998 1582 De-

360 1599 558 1636 domenis
575 1599 805 1636 extendere
822 1610 913 1636 non
930 1598 984 1636 est
999 1600 1178 1641 veritus;
1196 1597 1233 1635 &
1250 1597 1363 1641 sane,
1380 1597 1409 1635 fi
1425 1597 1521 1636 haec
1536 1602 1657 1636 tanta
1672 1597 1817 1642 fuisset,
1835 1597 1905 1635 vel
1920 1597 1997 1635 sal-

358 1658 445 1689 tem
464 1654 637 1689 vnicum
653 1652 836 1699 gradum
852 1652 1052 1699 attigisset,
1069 1653 1216 1698 vtique
1234 1662 1287 1688 ex
1298 1662 1386 1688 vna
1399 1651 1549 1698 aliqua
1560 1651 2001 1698 Landgrauianarum

360 1704 727 1742 obseruationum
736 1705 820 1742 tale
831 1705 935 1751 quid
947 1705 1150 1752 patuisset,
1164 1706 1288 1742 cuius
1299 1709 1447 1742 tamen
1457 1706 1737 1749 contrarium,
1750 1715 1904 1742 omnes
1913 1715 2001 1742 vno

360 1757 565 1795 consensu
587 1758 880 1801 ostendebant;
901 1763 944 1795 vt
965 1757 1075 1795 nihil
1095 1769 1213 1795 nunc
1233 1757 1376 1795 dicam
1396 1757 1449 1795 de
1470 1757 1621 1795 nostris
1637 1757 1793 1795 eodem
1813 1757 2002 1805 processu

362 1811 538 1858 adeptis,
561 1810 598 1848 &
619 1813 663 1848 in
684 1822 892 1848 numeros
908 1810 1104 1848 resolutis
1120 1810 1601 1855 Animaduerfionibus,
1624 1821 1813 1857 quarum
1831 1810 2002 1857 aliquas

363 1864 516 1911 Capite
534 1864 662 1901 Sexto
679 1864 952 1911 protulimus,
970 1875 1069 1911 quae
1087 1866 1218 1901 etiam
1234 1875 1325 1901 non
1342 1863 1518 1902 obscure
1535 1865 1816 1908 conuincunt‚
1833 1863 2002 1901 nullam

362 1916 532 1963 prorsus
549 1917 809 1959 Parallaxin,
831 1928 907 1964 per
923 1917 1257 1964 Regiomontani
1273 1916 1388 1955 hanc
1404 1916 1770 1964 Speculationem,
1792 1928 1880 1964 qua
1896 1915 2002 1954 Nol-

363 1969 478 2007 thius
499 1981 674 2016 quoque
696 1969 793 2007 vsus
814 1970 879 2013 est,
901 1969 1003 2007 huic
1021 1969 1218 2007 Cometae
1239 1971 1435 2017 assignari
1454 1970 1577 2017 posse,
1598 1969 1771 2007 velut&
1787 1969 1841 2007 D.
1858 1968 2002 2007 Thad-

364 2022 447 2060 daei
468 2022 648 2069 Hagecij
674 2024 718 2060 in
742 2023 931 2060 eundem
952 2022 1073 2060 vsum
1096 2022 1258 2060 habitae
1281 2022 1630 2067 Obseruationes‚
1654 2022 1684 2060 fi
1706 2022 1850 2060 debito
1870 2022 2003 2060 modo

365 2077 680 2118 examinentur,
704 2077 863 2122 pariter
887 2075 1186 2119 contestantur,
1213 2076 1310 2113 licet
1332 2076 1518 2123 idipsum
1541 2076 1595 2114 ab
1618 2075 1818 2113 Authore
1841 2087 1918 2122 per
1940 2077 2003 2113 in-

365 2130 530 2165 curiam
551 2128 745 2175 aliquam
766 2140 856 2165 non
876 2128 930 2165 est
946 2129 1313 2166 animaduersum.
1336 2129 1515 2167 Accedit
1531 2128 1569 2166 8(
1585 2128 1681 2172 hoc,
1703 2128 1821 2176 quod
1838 2128 1900 2166 M.
1919 2128 2003 2166 Mi-

365 2180 488 2218 chael
505 2181 763 2223 Moestlinus,
781 2182 885 2219 dum
902 2182 956 2219 ad
973 2181 1127 2219 Stellas
1143 2182 1284 2224 Fixas,
1302 2182 1457 2220 eodem
1476 2183 1544 2220 die
1556 2182 1635 2219 VII
1648 2182 1902 2220 Decembris
1919 2180 2003 2219 Co-

364 2240 492 2271 metae
513 2230 831 2283 appa-urentem
852 2240 1032 2277 motum,
1054 2235 1287 2272 interuallo
1308 2237 1438 2273 trium
1458 2235 1698 2279 Horarum,
1720 2236 2002 2276 examinaret.

366 2297 466 2323 eum
483 2286 820 2324 diuerfimodum
837 2286 891 2324 ab
908 2287 995 2329 illo,
1017 2299 1148 2334 quem
1164 2290 1383 2334 promotio
1400 2290 1493 2326 eius
1509 2288 1668 2326 diurna
1684 2287 1892 2335 exigebat,
1912 2299 2003 2325 non

365 2339 651 2382 adinuenerit,
676 2339 786 2377 adeo
806 2345 849 2377 vt
870 2340 1109 2378 Parallaxis
1132 2340 1241 2378 nihil
1265 2341 1383 2387 quod
1404 2341 1696 2379 animaduerti
1716 2345 1896 2388 poterat,
1918 2340 2002 2378 Co-

365 2397 492 2429 metae
509 2398 792 2439 apparentem
808 2392 931 2430 situm
943 2404 969 2430 a
980 2399 1103 2431 motu
1119 2393 1341 2432 ordinario
1353 2396 1590 2438 retraxerit,
1607 2394 1725 2432 velut
1740 2393 1836 2431 haec
1848 2393 2002 2440 Capite

366 2444 534 2490 Quarto
554 2445 617 2482 sui
637 2445 752 2482 Libri
773 2445 825 2483 de
846 2445 929 2482 hoc
951 2445 1147 2489 Cometa,
1171 2447 1241 2484 vbi
1262 2446 1342 2485 has
1362 2447 1474 2494 ipsas
1494 2447 1662 2494 Nolthij
1685 2445 1920 2484 decifiones
1940 2457 2002 2484 re-

365 2496 482 2539 fellit,
503 2497 600 2535 satis
622 2498 957 2545 intelligentibus
973 2498 1214 2545 persuadet;
1237 2500 1612 2546 quemadmodum
1627 2501 1759 2538 etiam
1775 2499 1859 2537 Die
1875 2499 1900 2536 2
1916 2498 2002 2537 De-

1807 2551 2001 2595 cembris,

2019 702 2083 733 430

2037 814 2068 839 10

2040 1080 2069 1104 15

2037 1345 2071 1370 20

2035 1610 2068 1635 25

2040 1875 2074 1901 30

2041 2141 2074 2166 35

2028 2240 2087 2272 431

2041 2405 2074 2430 40
