2209 3213
377 208 443 246 138
869 204 952 243 DE
973 203 1199 243 MUNDI
1220 202 1520 241 AETHEREI

376 313 675 351 collabasceret
702 311 806 357 (Qui
831 313 948 348 enim
971 310 1065 348 fieri
1088 311 1238 358 potuit,
1262 315 1305 347 vt
1327 312 1523 348 materiae
1547 309 1834 348 Elementaris
1856 309 2015 355 fluxus,

375 372 493 404 tanto
510 372 716 412 tempore,
739 376 826 411 quo
844 364 1042 402 Cometae
1059 364 1229 406 durant,
1251 364 1297 400 in
1313 363 1424 401 adeo
1442 365 1525 401 cita
1541 363 1711 401 diurnae
1727 363 2016 402 reuolutionis

375 420 613 465 rapiditate,
636 419 842 455 continue
863 416 1079 463 oppofitas
1098 416 1188 454 Soli
1208 421 1363 462 partes,
1385 415 1461 454 sua
1481 415 1734 454 distentione
1756 416 2015 461 obseruaret,

376 484 473 509 cum
497 473 640 518 potius
664 472 832 508 ratione
853 470 1021 507 ardoris
1042 469 1080 507 8(
1100 469 1289 507 leuitatis
1309 468 1474 507 sursum
1495 481 1521 507 a
1542 475 1689 507 centro
1709 469 1858 508 Terrae
1878 470 2017 508 attolli

375 524 563 570 deberet)
588 526 695 570 caepi
717 523 754 560 &
776 534 854 570 ego
876 522 1122 570 diligentius
1142 524 1188 559 in
1208 521 1292 560 hoc
1314 522 1500 560 Cometa
1521 522 1674 560 caudae
1697 521 1875 561 ductum
1895 523 2016 561 inda-

374 590 486 625 gare,
509 577 713 623 quorsum
735 576 945 619 videlicet,
967 574 1158 623 respedlu
1179 577 1342 623 capitis,
1365 575 1570 620 tenderet,
1592 587 1651 613 an
1671 573 1828 614 direfte
1850 578 1896 613 in
1916 588 2017 614 con·

374 633 526 668 trarias
543 630 632 668 Soli
649 635 804 676 partes,
821 634 865 666 vt
880 628 1089 676 superiori
1106 634 1233 666 aetate
1249 628 1454 666 nonnulli
1471 628 1650 672 Eruditi‚
1671 629 1790 666 velut
1805 629 2017 667 recensui-

373 695 483 727 mus,
503 686 548 720 in
565 683 902 729 quamplurimis
918 681 981 719 sui
998 683 1085 719 aeui
1102 681 1297 720 Cometis
1313 682 1731 727 animaduerterunt,
1749 682 2017 727 educeretur,

374 749 430 775 an
447 748 551 774 vero
567 736 701 773 aliam
717 735 805 773 suae
822 734 1082 772 extensionis
1103 737 1320 773 rationem
1336 735 1560 773 obtineret.
1582 735 1688 773 Non
1709 737 1827 773 enim
1848 740 2017 783 oporte-

373 790 444 827 bat
465 792 510 827 in
531 791 594 837 ijs,
617 800 716 836 quae
737 788 924 826 sensibus
946 788 1222 836 obijciuntur,
1240 787 1278 825 8(
1295 788 1572 826 Geometrice
1594 788 1892 826 Demonstrati
1914 800 2016 836 que-

374 848 463 887 unt,
489 844 619 879 nimis
643 840 864 880 addic'tum
888 842 963 879 esse
986 841 1177 879 aliorum
1199 840 1563 886 Authoritatibus‚
1589 841 1659 880 sed
1681 843 1826 889 potius
1848 841 1924 889 ipfi
1947 853 2017 880 ex-

373 898 609 943 perientiae,
627 894 1046 941 Mathematicaeque
1063 895 1244 932 Veritati
1260 893 1393 932 fidem
1409 894 1628 933 adhibere.

427 949 704 996 Quapropter
726 948 823 985 licet
846 948 990 985 latiori
1012 949 1216 985 minerua
1239 947 1538 992 confideranti,
1562 953 1803 995 appareret,
1830 948 2017 986 caudam

374 1002 572 1040 Cometae
593 1001 725 1039 huius
745 1004 791 1038 in
812 1000 1028 1048 oppositas
1049 1003 1181 1039 etiam
1197 1000 1287 1039 Soli
1306 1006 1450 1048 partes
1465 1012 1654 1049 vergere,
1675 1007 1804 1048 prout
1819 1001 2015 1048 plerique

374 1056 682 1093 antecessorum
705 1055 764 1101 (vt
784 1054 991 1100 diximus)
1012 1056 1058 1091 in
1074 1054 1171 1102 alijs
1188 1054 1383 1092 Cometis
1399 1053 1494 1091 fieri
1510 1055 1932 1098 animaduerterunt;
1953 1056 2015 1092 ni-

374 1108 614 1146 hilominus
631 1108 736 1145 dum
752 1109 942 1155 penitius
959 1106 1234 1154 exafflusque
1250 1112 1340 1145 toto
1357 1107 1599 1145 durationis
1614 1113 1822 1155 tempore,
1839 1105 2017 1145 ductum

375 1162 527 1199 caudae
540 1173 565 1199 a
578 1163 715 1208 capite
727 1160 873 1198 versus
885 1165 1022 1198 certas
1033 1160 1174 1205 Fixas,
1192 1161 1405 1208 expendo,
1423 1160 1460 1198 &
1477 1160 1667 1198 eundem
1683 1172 1783 1198 cum
1795 1160 1892 1198 loco
1905 1160 2016 1198 Solis

377 1217 428 1262 ijs
444 1215 712 1262 temporibus
729 1213 1101 1261 correspondente,
1119 1213 1309 1258 confero,
1326 1225 1610 1261 nequaquam
1621 1216 1802 1252 inuenio
1815 1215 1908 1252 eius
1919 1225 2015 1261 pro-

375 1268 614 1305 tensionem
630 1270 675 1305 in
692 1265 902 1305 directum
918 1278 1007 1314 quo
1023 1267 1079 1305 ad
1095 1266 1255 1311 Solem,
1277 1267 1482 1314 exquisite
1498 1267 1737 1314 processisse,
1759 1267 1829 1305 sed
1848 1266 2015 1305 sensibi-

375 1321 471 1359 liter
487 1321 540 1359 ab
556 1322 676 1358 Arcu
693 1320 856 1358 Circuli
876 1322 1071 1364 maximi,
1093 1318 1221 1358 ducto
1237 1331 1263 1358 a
1279 1320 1379 1358 Sole
1399 1331 1476 1367 per
1494 1326 1623 1367 caput
1639 1320 1849 1364 Cometae,
1870 1319 2016 1358 versus

376 1374 688 1412 Australiorem
701 1373 815 1412 Coeli
828 1378 995 1421 partem
1006 1369 1126 1423 se-ssse
1137 1373 1370 1417 inclinasse;
1387 1378 1431 1411 vt
1442 1373 1497 1411 ob
1509 1374 1552 1411 id
1563 1373 1862 1411 vniuersaliter
1872 1378 2017 1411 ratum

377 1428 452 1465 esse
473 1432 674 1474 nequeat,
697 1427 815 1474 quod
835 1428 1160 1474 praememorati
1180 1428 1262 1464 viri
1282 1426 1462 1471 Eruditi‚
1483 1426 1536 1464 de
1557 1426 1710 1464 caudae
1730 1426 2016 1464 Cometarum

375 1483 420 1518 in
437 1483 675 1518 contrarias
688 1480 777 1518 Soli
793 1485 937 1527 partes
953 1479 1227 1527 protensione
1243 1479 1495 1523 statuerunt;
1512 1480 1624 1518 adeo
1635 1484 1679 1517 vt
1692 1491 1784 1517 non
1798 1481 2016 1517 immerito

375 1536 420 1571 in
437 1534 619 1572 dubium
636 1535 767 1571 etiam
783 1535 930 1571 vocari
946 1533 1076 1580 possit,
1093 1545 1151 1571 an
1166 1532 1265 1571 satis
1280 1533 1455 1580 praecise
1471 1535 1517 1571 in
1534 1533 1739 1571 omnibus
1751 1532 1946 1571 Cometis
1961 1532 2016 1570 ab

374 1586 471 1634 ipsis
484 1587 745 1630 Obseruatis,
762 1587 903 1624 cauda
919 1586 1258 1634 contrapositum
1269 1586 1359 1624 Soli
1371 1585 1548 1625 duc'tum
1559 1586 1801 1634 respexerit,
1817 1585 2016 1633 nihilque

375 1643 420 1678 in
436 1640 690 1678 alterutram
706 1645 874 1687 partem
886 1640 1088 1683 deuiarit;
1104 1639 1315 1687 siquidem
1325 1639 1527 1687 suspicari
1538 1651 1630 1677 non
1641 1639 1718 1677 abs
1730 1651 1775 1677 re
1786 1639 2016 1686 possumus,

376 1705 450 1731 eos
476 1694 659 1731 crassiori
683 1693 887 1740 indagine
912 1692 1234 1740 protensionem
1257 1693 1409 1731 caudae
1432 1693 1488 1730 ad
1511 1692 1623 1731 Solis
1646 1692 1902 1740 oppositum,
1926 1691 2017 1730 solo

375 1749 546 1790 intuitu,
563 1747 781 1791 deriuasse‚
799 1758 878 1784 nec
895 1744 1042 1784 exaeoe
1059 1746 1114 1784 ad
1130 1746 1238 1784 Fixa
1253 1745 1416 1790 Sidera,
1436 1745 1631 1793 Solisque
1646 1757 1802 1783 verum
1817 1747 1863 1783 in
1879 1745 2017 1792 Eclip-

375 1802 459 1838 tica
480 1800 627 1838 locum
650 1811 743 1838 rem
765 1811 945 1837 omnem
968 1799 1246 1837 Geometrice
1269 1799 1540 1837 examinasse.
1567 1799 1687 1836 Nam
1710 1798 1808 1836 licet
1832 1797 2017 1845 idipsum

372 1853 521 1900 aliqua
541 1855 709 1891 ratione
730 1864 783 1891 ex
804 1852 1055 1890 Azimuthis
1076 1852 1114 1890 &
1134 1851 1450 1890 Altitudinibus
1471 1854 1716 1890 accuratius
1737 1851 1908 1890 efficere
1929 1851 2015 1889 PE-

371 1906 515 1944 TRVS
537 1906 793 1944 APIANVS
818 1908 864 1943 in
891 1905 1035 1953 Opere
1059 1905 1262 1944 Caesareo
1288 1905 1548 1944 elaborauit:
1574 1910 1723 1943 tamen
1747 1916 1839 1942 non
1864 1906 2016 1942 omnia

372 1959 500 2007 ipfius
516 1958 845 2006 praesuppofitis,
863 1958 901 1996 8(
916 1959 1026 1997 datis
1038 1960 1097 1997 ita
1108 1963 1207 2006 apte
1219 1957 1490 2006 respondent,
1508 1970 1596 2006 quo
1608 1958 1663 1996 ad
1675 1958 1788 1996 Solis
1800 1957 2015 2005 oppositas

372 2018 528 2060 partes,
546 2018 673 2059 prout
690 2012 895 2050 inducere
912 2011 1294 2059 demonstrareque
1311 2017 1510 2055 conatur;
1527 2016 1571 2049 vt
1585 2016 1767 2056 taceam,
1785 2011 1903 2058 quod
1914 2011 2015 2048 Azi-

371 2065 627 2103 muthorum
643 2067 854 2112 inprimis,
875 2070 968 2102 turn
985 2067 1117 2103 etiam
1133 2065 1440 2109 Altitudinum,
1462 2076 1539 2112 per
1556 2066 1731 2102 minora
1746 2064 2014 2111 mobiliaque

372 2118 669 2162 Instrumenta,
683 2118 841 2165 quibus
852 2118 1005 2165 procul
1016 2118 1150 2156 dubio
1161 2117 1259 2156 vsus
1271 2118 1338 2162 est,
1351 2129 1511 2165 anceps
1523 2117 1561 2155 &
1572 2117 1709 2156 fallax.
1718 2117 1764 2155 fit
1774 2117 1995 2165 indagatio
2005 2128 2013 2161 ;

373 2171 411 2209 8(
426 2173 645 2219 temporis,
663 2172 780 2218 quod
798 2170 944 2209 exadte
961 2172 1207 2218 requiritur,
1226 2170 1413 2208 difficilis
1429 2172 1595 2215 notitia,
1616 2170 1805 2209 facilime
1822 2181 2015 2208 errorem

371 2224 691 2262 intolerabilem
715 2224 920 2262 inducere
943 2226 1143 2271 potuerit.
1167 2224 1488 2262 Animaduerto
1512 2226 1643 2262 etiam
1665 2223 1904 2262 Gemmam
1926 2223 2014 2261 Fri-

372 2277 493 2320 fium,
519 2279 594 2324 qui
618 2279 809 2315 veritatis
834 2279 1030 2324 apprime
1056 2282 1147 2315 erat
1169 2277 1389 2321 studiosus,
1414 2288 1506 2314 non
1528 2277 1704 2315 asserere
1728 2276 2013 2315 Cometarum

371 2331 533 2368 caudas
555 2330 771 2377 oppositas
788 2330 877 2368 Soli
898 2335 1054 2377 partes,
1075 2336 1119 2368 vt
1140 2330 1391 2368 nullatenus
1412 2330 1513 2368 inde
1532 2330 1760 2373 deuiarint,
1782 2329 2012 2376 respexisse.

372 2384 491 2421 Nam
511 2385 556 2421 in
576 2383 723 2421 libello
743 2383 794 2421 de
811 2382 1055 2420 Astrolabio
1072 2382 1316 2426 Catholico,
1335 2383 1442 2430 Cap.
1459 2383 1522 2427 82,
1544 2383 1596 2420 de
1617 2382 1700 2420 hac
1720 2382 1810 2429 ipsa
1829 2383 2014 2420 materia

372 2448 516 2484 agens,
534 2436 601 2474 his
617 2437 759 2474 verbis
775 2438 917 2473 vtitur.
939 2436 1049 2473 Tum
1068 2447 1181 2474 vero
1197 2434 1371 2475 tradtus
1385 2435 1464 2474 ille
1478 2435 1658 2485 ignitus
1662 2434 1920 2484 secundum
1935 2434 2014 2473 Co-

371 2491 510 2528 metae
525 2491 701 2527 motum
717 2500 809 2527 non
822 2488 1105 2537 producitur,
1116 2487 1201 2537 sed
1210 2488 1310 2528 fere
1321 2487 1344 2536 (
1342 2490 1392 2527 vt
1400 2499 1489 2527 nos
1501 2488 1683 2537 quidem
1695 2486 1919 2527 haetenus
1926 2498 2016 2537 per

1792 2541 1847 2579 20
1860 2551 2012 2579 annos

2058 801 2090 827 10

2057 1066 2088 1092 15

2053 1333 2088 1358 20

2043 1379 2104 1412 163

2053 1598 2088 1624 25

2053 1863 2088 1890 30

2052 2129 2086 2154 35

2050 2393 2084 2419 40
