2209 3213
504 220 1025 262 RECENTIORIBUS
1046 218 1503 259 PHAENOMENIS
1749 217 1830 257 343

187 331 383 373 cembris,
405 340 505 367 cum
522 329 708 367 Cometa
728 330 849 366 iuxta
870 327 1072 366 Stellulas
1090 326 1290 373 Equiculi
1311 325 1624 368 obuersaretur,
1646 324 1831 371 idipsum

187 383 434 422 euidentius
447 381 638 420 ostendit.
656 381 776 419 Idem
788 392 965 428 quoque
978 391 1000 418 e
1012 380 1066 417 D.
1080 379 1274 427 Cornelij
1290 378 1494 417 Gemmae
1507 377 1830 417 Obseruationi-

186 437 280 481 bus,
296 435 532 484 praesertim
543 434 628 472 Die
640 434 664 471 2
676 434 931 471 Decembris
943 432 1114 476 habitis,
1127 432 1386 470 concludere
1398 432 1507 475 licet,
1519 433 1594 478 qui
1606 442 1831 478 compara-

186 491 305 528 tione
321 489 378 527 ad
393 487 547 526 Stellas
564 486 777 534 Equiculi,
795 487 954 534 quibus
970 486 1156 524 Cometa
1171 487 1341 523 vicinus
1358 490 1460 529 erat,
1480 485 1705 532 diligenter
1720 483 1830 521 insti-

135 557 150 581 5
187 547 292 586 tuta,
304 542 358 580 ab
369 541 496 579 Hora
505 541 551 580 54
560 540 692 587 vsque
702 541 747 577 in
757 539 932 577 Horam
941 539 977 582 9,
990 539 1159 576 nullam
1170 540 1216 576 in
1227 544 1351 576 motu
1363 540 1468 582 eius,
1481 549 1557 585 per
1568 537 1831 580 Parallaxin‚

188 596 529 634 remorationem
544 592 844 641 persentiscere
860 594 1015 640 potuit;
1035 592 1153 629 velut
1168 591 1264 629 haec
1280 591 1364 629 suis
1380 591 1486 628 locis
1502 603 1529 629 a
1544 590 1670 628 nobis
1687 592 1831 637 copio-

188 648 271 686 fius
293 647 388 686 sunt
410 647 612 690 indicata,
639 646 676 684 &
701 657 778 693 per
799 647 998 693 proprias
1021 656 1198 692 quoque
1221 643 1650 687 Animaduerfiones,
1677 643 1832 690 Capite

131 706 151 737 ’θ
189 701 332 744 Sexto,
354 699 624 738 enucleatius
640 698 867 746 disquifita,
888 697 1262 745 multifariamque
1279 697 1578 745 comprobata;
1599 702 1642 734 vt
1658 696 1832 734 nullum

189 754 378 802 amplius
407 752 528 791 restet
557 752 752 795 dubium,
781 750 1025 789 Nolthiana
1050 750 1325 793 Dedomena‚
1352 762 1374 788 e
1400 750 1557 797 quibus
1583 749 1833 787 Parallaxes

122 820 152 846 ιο
191 807 389 846 Cometae
405 806 595 849 deduxit,
613 804 854 843 admodum
871 804 1042 842 extitisse
1058 803 1221 841 vitiosa.

243 860 287 898 Si
308 861 426 897 enim
446 858 663 897 Parallaxi
685 863 832 902 tantae,
856 868 956 904 quae
979 859 1139 904 quinos
1161 857 1319 904 gradus
1343 856 1579 900 excederet,
1603 855 1737 893 veluti
1760 855 1832 893 ille

189 924 420 961 perperam
443 911 701 960 persuadere
725 915 920 954 conatur,
944 910 1161 948 obnoxius
1184 909 1316 947 fuisset
1339 909 1408 946 hic
1429 908 1647 952 Cometes,
1668 920 1832 955 nequa-

190 977 325 1014 quam
345 970 515 1003 motum
534 970 625 1003 tam
645 964 931 1007 ordinarium,
954 963 991 1001 8(
1012 964 1155 1000 itineri
1176 963 1334 1000 diurno
1353 964 1550 1009 apprime
1567 961 1832 1009 Analogum‚

190 1019 482 1061 conseruasset‚
504 1017 681 1065 qualem
701 1022 794 1055 tum
815 1016 870 1054 ab
890 1015 970 1060 his,
992 1016 1044 1054 de
1061 1016 1219 1063 quibus
1235 1027 1353 1053 nunc
1370 1016 1570 1058 diximus,
1591 1020 1685 1052 turn
1702 1016 1833 1052 etiam

123 1086 153 1111 15
191 1085 217 1111 a
236 1071 412 1120 meipso,
434 1071 641 1115 obtinere,
663 1075 867 1108 accurata
886 1068 1282 1107 Animaduerfione
1305 1067 1598 1116 deprehensus
1620 1067 1686 1105 est.
1709 1067 1833 1105 Tunc

191 1127 310 1164 enim
329 1136 420 1163 non
440 1126 501 1162 ita
519 1123 742 1162 successiue
763 1123 907 1161 debito
928 1122 1061 1160 modo
1082 1122 1316 1170 procedere
1338 1122 1392 1159 ab
1412 1133 1501 1159 vna
1517 1120 1833 1159 Obseruatione

190 1181 236 1217 in
250 1178 396 1222 aliam,
413 1177 647 1215 interuallo
659 1176 809 1224 aliquo
821 1177 1028 1223 temporis
1039 1175 1293 1219 maiusculo‚
1310 1174 1424 1212 visus
1440 1174 1588 1217 fuisset;
1606 1173 1674 1211 sed
1691 1175 1834 1221 potius

190 1237 335 1270 motus
353 1231 438 1274 ille,
459 1232 534 1278 qui
551 1242 573 1268 e
589 1230 808 1268 Parallaxi
824 1241 901 1277 per
916 1229 1117 1267 accidens
1133 1228 1435 1271 insinuaretur,
1456 1229 1647 1265 vinceret
1664 1226 1834 1264 cursum

191 1286 430 1333 proprium,
451 1285 563 1322 adeo
579 1289 622 1321 vt
639 1283 826 1321 Cometa
846 1282 1122 1330 retrogradus
1142 1281 1236 1319 fieri
1257 1286 1498 1328 appareret,
1517 1285 1609 1317 vtut
1624 1285 1834 1327 perpetuo

122 1351 155 1376 20
192 1336 349 1376 directe
366 1337 599 1381 incederet;
616 1336 660 1374 id
676 1336 793 1383 quod
806 1347 858 1373 ex
871 1335 968 1383 ipsis
979 1335 1148 1382 Nolthij
1163 1335 1284 1378 datis,
1301 1334 1534 1372 interuallo
1546 1333 1695 1371 saltem
1706 1335 1834 1370 vnius

193 1391 332 1429 Horae
349 1389 609 1437 conquifitis,
626 1401 743 1427 nunc
760 1388 1035 1427 manifestum
1050 1388 1295 1426 reddemus.
1313 1387 1450 1425 Lubet
1466 1388 1584 1424 enim
1599 1386 1745 1423 locum
1761 1398 1834 1433 ap-

192 1449 419 1492 parentem
442 1443 653 1486 Cometae,
680 1454 733 1480 ex
755 1442 1071 1480 Altitudinibus
1097 1443 1203 1484 eius,
1228 1440 1265 1478 8(
1288 1440 1549 1483 Azimuthis,
1575 1439 1630 1477 ad
1653 1444 1835 1486 vtraque

194 1497 522 1536 Obseruationis
537 1502 748 1543 tempora,
769 1497 815 1533 in
830 1495 949 1533 hunc
966 1497 1040 1542 qui
1056 1494 1246 1541 sequitur
1262 1494 1456 1537 modum,
1478 1492 1775 1540 peruestigare,
1792 1497 1836 1529 vt

193 1550 378 1598 idipsum
394 1549 512 1597 quod
528 1549 661 1587 modo
678 1549 880 1592 diximus,
897 1548 1069 1596 plenius
1086 1547 1391 1585 manifestetur.
1409 1543 1423 1596 ΙΙ

105 1611 170 1642 432
247 1603 480 1651 Repetatur
495 1605 642 1650 itaque
658 1601 730 1640 hic
747 1602 901 1640 eadem
918 1601 1150 1649 Figuratio,
1167 1612 1255 1647 qua
1271 1600 1466 1647 superius
1481 1598 1539 1636 vfi
1555 1598 1714 1641 sumus,
1731 1598 1837 1636 dum

194 1657 248 1695 D.
261 1656 475 1695 Thaddaei
487 1655 728 1694 Azimutha
742 1655 780 1694 &
794 1655 1059 1693 Altitudines
1075 1653 1199 1691 fimili
1215 1654 1348 1691 modo
1366 1655 1733 1690 examinaremus.
1751 1651 1838 1689 De-

193 1709 526 1748 monstrationes
543 1720 720 1757 quoque
736 1710 782 1746 in
798 1708 881 1746 hac
897 1707 1189 1755 intelligendae
1201 1709 1392 1749 veniant,
1408 1711 1537 1753 prout
1553 1705 1714 1743 ibidem
1726 1716 1753 1742 a
1763 1716 1840 1742 no-

193 1764 258 1802 bis
273 1763 369 1801 sunt
385 1762 600 1810 expofitae.

247 1816 297 1854 In
313 1816 458 1854 Prima
473 1817 600 1863 igitur
617 1815 947 1859 Obseruatione,
964 1814 1143 1861 quando
1160 1812 1372 1851 Azimuth
1389 1817 1479 1850 erat
1495 1812 1549 1850 ab
1567 1810 1733 1850 Occasu
1748 1822 1840 1848 ver-

124 1882 157 1908 30
194 1869 263 1908 sus
279 1869 526 1913 Meridiem,
543 1869 660 1917 grad.
673 1869 736 1906 44.
753 1870 858 1906 min.
873 1868 936 1911 25,
954 1867 992 1905 8(
1008 1867 1219 1910 Altitudo,
1236 1871 1342 1914 part.
1355 1866 1409 1903 4l.
1422 1867 1526 1903 min.
1539 1865 1575 1908 8,
1593 1864 1638 1902 fit
1655 1864 1841 1902 Cometa

194 1925 240 1960 in
258 1922 313 1967 C;
335 1934 524 1969 cumque
544 1924 590 1959 in
605 1921 845 1969 Triangulo
866 1921 985 1959 BAC
1006 1920 1163 1958 dentur
1183 1919 1287 1957 bina
1308 1919 1465 1957 Latera
1486 1920 1599 1956 circa
1615 1917 1842 1965 Angulum

195 1981 366 2019 notum;
388 1987 494 2013 nam
510 1975 588 2013 BA
609 1974 664 2013 est
683 1974 1055 2022 complementum
1072 1973 1342 2011 Eleuationis
1359 1972 1451 2009 Poli
1467 1971 1682 2014 Embecae‚
1705 1970 1760 2008 G.
1777 1970 1839 2008 38.

195 2029 258 2067 M.
271 2029 325 2072 18,
338 2028 417 2067 CB
429 2028 801 2076 complementum
811 2027 1066 2065 Altitudinis
1079 2026 1344 2069 Obseruatae,
1358 2026 1400 2063 P.
1412 2025 1475 2063 48.
1488 2024 1551 2062 M.
1564 2024 1626 2068 52,
1639 2023 1841 2071 Angulus

194 2093 299 2120 vero
315 2084 578 2128 interceptus
594 2081 755 2119 constat
770 2081 973 2119 addendo
985 2079 1197 2118 Azimuth
1213 2081 1445 2116 inuentum
1457 2078 1512 2116 ad
1525 2077 1840 2123 Quadrantem,

125 2148 158 2173 35
195 2140 239 2173 vt
254 2135 300 2173 fit
315 2135 432 2183 grad.
445 2135 524 2172 134.
537 2136 641 2172 min.
654 2134 717 2178 25,
734 2134 893 2172 idcirco
910 2133 1144 2171 innotescet
1161 2134 1293 2170 etiarn
1306 2133 1481 2169 tertium
1492 2131 1625 2168 Latus
1636 2130 1739 2167 huic
1750 2130 1840 2167 An-

195 2188 298 2236 gulo
319 2187 562 2236 oppofitum
578 2187 672 2231 AC,
694 2187 737 2225 P.
754 2188 816 2225 79.
834 2187 897 2225 M.
915 2187 973 2230 4115,
995 2187 1113 2234 quod
1135 2185 1506 2233 complementum
1523 2183 1841 2221 Declinationis

195 2243 382 2279 metitur.
399 2241 604 2288 Cumque
620 2243 710 2279 iam
725 2242 771 2278 in
788 2240 944 2278 eodem
955 2239 1195 2287 Triangulo
1212 2240 1363 2276 omnia
1376 2240 1458 2275 tria
1472 2236 1661 2275 constent
1673 2236 1840 2279 Latera,

107 2301 171 2333 433
195 2294 321 2333 facile
338 2296 469 2333 etiam
485 2294 687 2342 Angulus
704 2293 823 2332 BAC
839 2293 1012 2341 patebit,
1031 2292 1085 2331 G.
1098 2292 1161 2330 33.
1177 2292 1239 2329 Μ.
1253 2291 1328 2336 13ὲ,
1347 2287 1626 2341 di-ssstantiam
1643 2289 1840 2327 Cometae

195 2359 222 2386 a
238 2347 490 2386 Meridiano
506 2349 551 2385 in
567 2347 772 2395 gradibus
787 2346 1041 2393 AEquatoris
1058 2345 1385 2392 repraesentanS.

125 2414 158 2439 40
248 2401 346 2439 Pari
361 2403 531 2439 ratione
547 2402 593 2438 in
609 2400 843 2438 Posteriore
857 2399 1186 2443 obseruatione,
1202 2398 1274 2436 vbi
1287 2397 1473 2435 Cometa
1489 2396 1543 2434 ad
1556 2396 1595 2433 K
1607 2395 1840 2433 deuolutus

195 2454 471 2502 intelligatur,
488 2453 667 2501 quando
679 2452 891 2491 Azimuth
907 2452 1036 2499 ipsius
1052 2456 1144 2489 erat
1160 2451 1315 2489 eodem
1331 2450 1476 2494 modo,
1493 2454 1536 2486 vt
1552 2448 1691 2495 supra,
1710 2448 1763 2486 G.
1776 2447 1838 2485 27.

196 2507 259 2545 M.
276 2507 339 2551 30,
356 2506 394 2544 8(
410 2506 620 2550 Altitudo,
637 2506 679 2544 P.
697 2506 760 2543 33.
778 2505 841 2543 M.
859 2506 912 2549 15,
929 2505 1089 2543 dantur
1104 2507 1150 2542 in
1166 2503 1405 2551 Triangulo
1422 2502 1551 2540 BKA
1567 2502 1655 2539 duo
1672 2501 1838 2589 Lami-52,
