2209 3213
102 839 132 864 10

95 886 136 918 79

103 1105 133 1130 15

102 1414 135 1440 20

103 1690 136 1715 25

105 1955 137 1980 30

106 2220 138 2246 35

103 2320 143 2352 80

107 2485 140 2511 40

488 245 1007 284 RECENTIORIBUS
1028 246 1488 284 PHAENOMENIS
1761 246 1811 284 73

168 349 407 389 interfectio
423 352 469 388 in
484 355 590 397 part.
603 351 666 388 20.
683 353 787 388 min.
800 352 851 389 58
868 356 906 393 β
916 381 924 393 ,
942 351 1060 398 quod
1076 363 1167 389 non
1182 351 1371 389 multum
1387 352 1442 390 ab
1458 352 1813 390 antecedentibus

169 403 387 450 discrepat.

221 457 366 503 Atque
391 458 437 494 in
462 456 580 494 hunc
604 456 800 500 modum,
825 456 989 504 septies,
1016 469 1068 495 ex
1094 457 1271 495 diuersis
1294 457 1493 496 Cometae
1516 457 1634 502 locis,
1658 458 1812 501 Arcus,

169 521 301 557 quem
323 508 399 547 suo
421 514 546 547 motu
568 509 817 557 defignauit‚
841 510 896 548 ad
920 510 1172 558 Eclipticam
1196 511 1543 555 Inclinationem,
1570 510 1608 548 8(
1633 510 1812 555 Locum,

168 562 241 600 vbi
256 562 443 600 eandem
458 562 752 609 pertranfibat‚
774 563 1098 607 adinuenimus,
1120 563 1158 601 &
1179 565 1384 610 quamuis
1400 564 1542 601 Locus
1558 564 1630 602 ille
1646 565 1691 601 in
1707 576 1813 611 pau-

169 615 277 653 culis
292 617 472 653 minutis
483 617 632 658 variet,
650 616 767 662 quod
784 616 902 663 apud
918 617 1205 664 intelligentes
1221 616 1347 654 facile
1365 617 1608 655 excusabile
1625 617 1691 660 est,
1708 628 1814 655 nam

169 680 223 706 ex
244 680 332 706 vno
355 669 426 706 vel
449 668 586 706 altero
608 668 822 716 scrupulo,
846 670 964 716 quod
987 669 1227 707 insensibile
1251 669 1306 707 est
1328 672 1373 707 in
1397 669 1727 714 Obseruatione,
1753 670 1813 708 di-

169 721 413 760 uerfitatem
429 721 551 759 illam
566 721 715 759 induci
730 723 853 768 posse,
875 722 1003 760 Periti
1020 728 1194 765 norunt,
1214 734 1402 769 cumque
1419 735 1510 760 non
1526 723 1637 760 adeo
1653 734 1815 771 magna

168 774 214 812 fit
230 773 487 819 differentia,
504 777 655 812 omnia
671 776 863 813 inuicem
879 775 1121 819 limitando,
1143 775 1439 813 insensibiliter
1455 775 1768 819 aberrabimus,
1785 775 1815 813 fi

168 827 396 875 Angulum
420 827 716 865 inclinationis
742 828 1100 872 constituerimus,
1126 828 1237 866 Part.
1261 829 1323 866 29.
1350 828 1510 866 Minut.
1537 830 1590 872 15,
1617 840 1670 866 eo
1697 828 1815 876 quod

168 882 364 918 maxima
374 892 476 928 pars
487 883 532 918 in
544 880 662 919 hunc
674 892 910 919 numerum
919 881 1167 925 consentiat,
1179 882 1345 919 Locum
1354 893 1459 919 vero
1468 878 1815 932 intersecti-ssonis

169 933 455 972 verosimilius
471 933 779 972 constituemus
795 936 841 972 in
858 934 994 972 Grad.
1011 934 1073 972 20.
1092 934 1253 972 Minut.
1271 935 1321 973 55
1343 939 1382 977 ,ἕ
1392 965 1400 978 ,
1424 946 1524 973 cum
1545 934 1615 972 hic
1631 935 1754 972 locus
1769 934 1815 972 fit

170 986 289 1034 quafi
309 987 593 1025 intermedius
614 989 725 1025 inter
746 999 833 1031 eos,
855 999 965 1034 quos
982 987 1097 1025 dedit
1117 988 1369 1035 praecedens
1390 987 1649 1035 supputatio,
1671 999 1815 1035 neque

169 1040 254 1078 hoc
269 1038 394 1088 pac‘to
411 1051 531 1078 error
547 1039 732 1078 alicuius
750 1043 975 1084 momenti,
996 1040 1084 1078 fiue
1100 1042 1146 1078 in
1161 1040 1458 1085 inclinatione,
1480 1040 1567 1079 fiue
1588 1043 1634 1078 in
1654 1039 1815 1088 puncto

169 1091 491 1138 Intersec'tionis,
508 1093 656 1131 induci
671 1096 838 1140 poterit.

223 1147 369 1194 Atque
394 1145 490 1184 haec
515 1146 567 1185 de
592 1146 921 1194 inuestigatione
945 1147 1242 1185 inclinationis
1272 1146 1310 1184 8(
1339 1145 1650 1185 intersectionis
1675 1148 1817 1185 Arcus

172 1199 370 1238 Cometae
386 1200 442 1237 ad
458 1199 724 1247 Eclipticam‚
741 1199 971 1243 sufficiant;
989 1200 1120 1238 Nunc
1137 1212 1273 1247 quam
1288 1200 1593 1238 habitudinem
1608 1200 1725 1238 idem
1737 1201 1817 1238 Ar-

172 1264 247 1291 cus
263 1253 319 1291 ad
335 1252 625 1300 AEquatorem
641 1252 891 1297 obseruarit,
907 1253 1033 1291 fimili
1049 1253 1242 1301 quadam
1259 1255 1428 1291 ratione
1444 1254 1715 1301 indagemus.

168 1340 501 1388 JNQUISITIO
518 1341 964 1380 INCLINATIONIS
982 1341 1220 1380 CIRCULI
1237 1341 1502 1381 COMETAE
1514 1341 1600 1380 AD
1612 1341 1818 1389 AEQUA-

302 1403 524 1448 TOREM,
542 1403 580 1441 &
596 1403 725 1450 QUO
743 1404 806 1441 IN
823 1404 984 1442 LOCO
1002 1404 1191 1442 ILLUM
1209 1403 1687 1442 INTERSECUERIT.

263 1465 722 1504 VEMADMODVM
744 1465 922 1509 Circuli,
943 1478 1076 1513 quem
1093 1466 1280 1504 Cometa
1300 1466 1549 1514 designauit,
1571 1466 1626 1504 ad
1648 1466 1818 1513 Eclipti-

285 1530 382 1556 cam
405 1518 708 1557 habitudinem
731 1531 849 1557 nunc
871 1519 1242 1567 inuestigauimus,
1266 1519 1334 1557 Sic
1358 1521 1502 1563 etiam,
1526 1530 1617 1557 non
1638 1519 1819 1557 dissimili

173 1573 354 1616 ratione,
368 1572 555 1610 eandem
567 1584 656 1619 quo
667 1572 722 1610 ad
732 1572 1020 1619 AEquatorem
1033 1572 1316 1616 conferentes,
1328 1572 1674 1616 inclinationem,
1686 1583 1819 1619 punc-

173 1630 354 1672 tumque
375 1625 587 1670 transitus,
608 1630 713 1663 nota
733 1626 978 1664 reddemus.
999 1626 1271 1663 Assumentes
1292 1628 1439 1673 itaque
1457 1637 1510 1663 ex
1525 1625 1819 1673 superioribus

173 1678 299 1716 binas
310 1677 593 1716 Ascenfiones
606 1677 756 1716 Rectas
773 1690 874 1716 cum
890 1678 975 1716 suis
989 1679 1382 1722 Declinationibus‚
1400 1690 1590 1726 quarum
1606 1678 1676 1716 hae
1693 1678 1818 1722 infra,

173 1731 261 1769 illae
272 1731 401 1778 supra
411 1731 701 1778 AEquatorem
718 1731 908 1774 existant,
926 1732 968 1770 id
982 1732 1101 1779 quod
1113 1744 1310 1779 quaerere
1323 1732 1633 1776 constituimus,
1650 1732 1733 1770 hac
1750 1732 1819 1770 de-

173 1784 496 1822 monstrationis
511 1787 584 1822 via
599 1784 875 1823 manifestum
890 1785 1135 1823 reddemus.

227 1837 426 1881 PRIMO,
439 1837 524 1875 Die
536 1838 638 1876 XIII
651 1838 930 1882 Nouembris,
944 1838 1193 1876 Declinatio
1204 1838 1318 1876 infra
1329 1838 1618 1886 AEquatorem
1630 1838 1820 1876 austrina

174 1890 369 1938 superius
387 1892 582 1935 inuenta,
602 1891 645 1928 P.
662 1891 715 1928 14.
732 1893 836 1929 min.
854 1892 907 1936 17,
929 1903 1030 1929 cum
1046 1891 1306 1929 Ascenfione
1324 1890 1452 1930 Recta
1468 1892 1511 1929 P.
1528 1892 1617 1930 277.
1634 1893 1739 1929 min.
1756 1891 1818 1929 23.

174 1943 326 1981 Altera
345 1943 473 1991 supra
488 1944 779 1991 AEquatorem
795 1945 950 1988 Borea,
972 1944 1056 1982 Die
1074 1945 1156 1982 XII
1178 1945 1385 1993 Ianuarij,
1408 1945 1452 1982 P.
1469 1945 1523 1982 21.
1539 1947 1644 1982 min.
1662 1945 1698 1988 9,
1720 1956 1820 1982 curn

173 1996 434 2035 Ascenfione
451 1996 592 2040 Rec'ta,
611 1998 654 2035 P.
672 1997 748 2036 335
765 1999 918 2035 minut.
936 1998 971 2036 5.
994 1998 1131 2036 Lubet
1148 1997 1250 2036 hinc
1266 1998 1535 2046 inuestigare,
1557 2009 1645 2045 quo
1661 2000 1707 2035 in
1723 1998 1820 2035 loco

174 2050 257 2087 Via
277 2050 476 2088 Cometae
494 2050 784 2098 AEquatorem
805 2051 1137 2098 pertranfiuerit,
1160 2051 1197 2088 8(
1219 2051 1396 2098 qualem
1415 2053 1617 2098 vtrinque
1638 2051 1693 2089 ad
1715 2062 1819 2089 eun-

175 2103 274 2141 dem
304 2103 538 2141 obtinuerit
567 2104 910 2142 inclinationem.
942 2104 1002 2142 Sit
1032 2106 1191 2151 itaque,
1223 2106 1415 2142 certioris
1443 2104 1821 2142 demonstrationis

174 2158 322 2203 gratia,
340 2158 386 2194 in
401 2156 674 2204 subsequenti
689 2156 963 2205 figuratione,
980 2158 1122 2195 Arcus
1138 2157 1392 2205 AEquatoris
1409 2158 1525 2202 IKL,
1550 2160 1674 2195 cuius
1690 2157 1821 2195 Polus

175 2208 220 2247 fit
231 2209 284 2253 A,
301 2210 444 2247 Arcus
454 2222 559 2248 vero
572 2222 705 2257 quem
719 2210 929 2257 descripsit
941 2211 1128 2248 Cometa
1143 2210 1219 2248 suo
1236 2209 1367 2249 ductu
1383 2210 1428 2248 sit
1441 2210 1584 2254 GKF,
1602 2212 1677 2258 qui
1693 2212 1820 2248 inter-

175 2261 283 2300 secet
294 2262 583 2310 AEquatorem
594 2266 640 2301 in
651 2262 812 2311 puncto
825 2264 876 2308 K,
893 2264 1011 2310 quod
1028 2276 1146 2301 nunc
1161 2264 1417 2312 inuestigare
1434 2264 1721 2307 decreuimus,
1733 2275 1822 2302 vna

176 2327 277 2353 curn
296 2316 593 2361 inclinatione,
611 2313 626 2366 ΙΙ
643 2328 743 2364 quae
764 2317 1096 2364 repraesentatur
1118 2328 1194 2364 per
1214 2317 1442 2365 Angulum
1463 2317 1566 2355 FKI
1586 2317 1657 2355 vel
1677 2316 1821 2361 LKG,

176 2369 513 2416 contrapofitum
535 2370 573 2407 &
593 2370 648 2408 ob
669 2370 711 2407 id
733 2370 964 2417 aequalem.
987 2370 1136 2417 Quare
1157 2373 1349 2417 primum
1367 2373 1412 2408 in
1428 2370 1668 2418 Triangulo
1686 2370 1821 2414 FAG,

177 2421 310 2459 Latus
326 2422 413 2460 AG
430 2422 602 2467 constat,
624 2423 771 2461 addita
787 2423 1095 2461 Declinatione
1112 2424 1397 2462 Meridionali
1414 2423 1497 2462 LG
1515 2424 1569 2461 ad
1586 2424 1680 2468 AL,
1703 2423 1821 2469 Qua-

177 2474 376 2513 drantem
393 2475 570 2520 Circuli,
591 2476 633 2514 P.
652 2476 731 2516 104.
749 2476 812 2514 M.
830 2477 883 2521 17,
906 2476 1039 2514 Latus
1055 2477 1129 2514 FA
1152 2476 1206 2514 est
1227 2477 1600 2524 complementum
1618 2476 1821 2514 Declina-

177 2529 307 2565 tionis
324 2528 477 2566 Boreae
495 2529 562 2571 IF,
584 2529 627 2566 P.
644 2529 707 2567 68.
726 2529 788 2567 M.
806 2530 860 2573 51,
882 2529 1084 2577 Angulus
1100 2541 1205 2568 vero
1222 2530 1343 2568 FAG
1362 2530 1585 2568 innotescit
1605 2541 1682 2576 per
1702 2529 1821 2567 diffe-

287 2589 317 2614 lo
1637 2584 1822 2620 rentiam
