2209 3213
104 823 134 849 10

104 1089 134 1114 15

115 1239 136 1271 ‘1‘

116 1293 136 1324 ’ὶ-

103 1381 136 1407 20

104 1648 138 1673 25

105 1913 138 1938 30

106 2178 138 2204 35

103 2411 144 2442 50

107 2469 140 2495 40

489 227 1011 266 RECENTIORIBUS
1032 227 1490 267 PHAENOMENIS
1763 228 1814 267 49

170 333 292 381 Isque
309 345 409 371 cum
428 345 505 380 per
524 333 652 378 hanc,
674 334 729 371 ad
746 334 976 372 Musarum
994 345 1242 379 numerum,
1264 345 1428 372 nouem
1450 334 1591 372 cordis
1611 334 1813 372 resonan-

169 392 269 431 tem,
293 387 493 424 Deorum
515 386 668 424 laudes
691 388 909 431 cecinisset,
933 389 1131 434 inprimis
1152 399 1256 425 vero
1276 387 1509 434 Apollinis,
1533 399 1559 425 a
1582 399 1670 434 quo
1693 392 1814 425 tanto

170 451 353 478 munere
369 440 557 478 donatus
574 444 677 484 erat,
693 439 834 477 solum
850 440 1085 481 Bacchum.
1102 440 1172 478 vel
1187 440 1425 484 obliuione,
1441 440 1511 478 vel
1527 440 1579 478 de
1596 440 1814 484 industria,

170 495 449 540 praeterierat,
466 504 542 540 per
558 492 642 530 hoc
657 493 946 540 proculdubio
962 490 1209 543 in-ssdicans‚
1227 494 1345 540 quod
1358 495 1394 531 is
1409 493 1546 531 Mufis
1563 493 1601 531 &
1617 493 1815 541 Scientijs

171 546 480 584 inimicissimus
497 545 706 590 existeret;
726 545 781 583 ob
799 558 933 593 quam
950 549 1081 584 etiam
1098 546 1285 590 causam,
1305 546 1466 584 Bacchi
1482 545 1679 585 inssind’tu
1695 547 1814 584 odio-

171 611 268 646 que,
281 611 307 637 a
319 599 605 637 Bassaridibus
617 601 872 637 interemtus
884 599 1049 637 dicitur.
1067 599 1151 638 Sed
1163 599 1304 637 Musae
1317 599 1355 637 &
1366 599 1542 647 Apollo,
1555 600 1713 647 quibus
1724 611 1815 647 prae

171 654 337 690 caeteris
348 657 562 690 concentu
573 651 649 690 suo
662 652 896 690 Honorem
907 652 1105 700 praebuit,
1118 652 1370 690 admittente
1383 652 1501 697 Ioue,
1514 653 1674 701 Lyram
1685 652 1816 700 ipfius

170 707 281 743 inter
292 705 416 743 Astra
428 704 708 749 collocarunt,
725 710 768 743 vt
779 711 1052 753 perpetuum,
1069 706 1326 753 mundoque
1338 717 1543 743 coaeuum
1554 705 1640 743 illic
1653 711 1816 744 extaret

170 758 496 802 Testimonium,
518 759 645 796 Artes
667 758 705 796 &
725 758 877 796 Studia
897 759 1095 797 liberalia
1114 758 1409 796 immortalem
1429 770 1582 806 parere
1600 758 1815 803 Gloriam,

171 823 252 849 nec
268 811 428 849 Bacchi
449 811 626 858 eiusque
646 810 903 849 sectatorum
923 811 1047 859 furijs
1067 812 1122 850 ad
1144 817 1385 849 extremam
1401 811 1532 859 vsque
1553 812 1817 850 deletionem

172 864 364 903 obnoxia
385 865 473 902 esse.
495 864 614 911 Quia
633 876 737 902 vero
754 865 917 902 Aratus
937 865 1127 903 breuiter
1148 864 1186 902 &
1206 867 1420 902 concinne
1441 864 1522 903 has
1540 865 1666 913 Lyrae
1686 865 1816 912 ipfius

171 917 367 962 annales,
385 917 423 955 8(
438 920 549 955 inter
561 917 712 956 Sidera
728 918 999 962 relationem,
1017 920 1062 955 in
1075 918 1160 956 suis
1172 917 1483 956 Phaenomenis
1495 920 1660 962 cecinit,
1677 918 1818 965 placet

172 973 304 1009 etiam
318 971 435 1008 illius
451 971 534 1009 hac
550 971 603 1008 de
619 982 665 1008 re
681 973 889 1014 carmina,
907 983 998 1008 non
1012 971 1280 1019 ineleganter
1291 982 1317 1008 a
1328 971 1404 1009 suo
1416 971 1697 1019 Paraphraste
1709 972 1816 1009 Aui-

172 1036 257 1062 eno
273 1024 504 1062 Latinitate
521 1024 684 1062 donata
702 1024 773 1061 hic
791 1029 1018 1067 annotare,
1041 1036 1093 1062 eo
1114 1024 1233 1071 quod
1248 1026 1284 1061 is
1300 1024 1594 1062 vetustissimus
1611 1024 1656 1062 fit
1672 1024 1817 1068 Poeta,

172 1089 305 1125 quem
321 1077 467 1115 Diuus
485 1079 617 1115 etiam
632 1077 838 1115 PAVLVS
858 1089 950 1115 non
965 1079 1128 1115 veritus
1148 1076 1288 1121 fuerit,
1310 1077 1365 1115 ad
1381 1077 1671 1115 Athenienses
1686 1078 1820 1115 verba

171 1130 348 1174 faciens,
371 1135 522 1168 contra
542 1142 697 1168 eorum
716 1130 1033 1178 superstitiones
1050 1130 1088 1168 8(
1104 1130 1427 1168 ldolomaniam
1444 1132 1587 1175 citare,
1609 1130 1820 1178 siquidem

172 1186 208 1221 is
224 1195 305 1222 nos
319 1183 419 1221 DEI
433 1195 571 1231 genus
588 1184 676 1228 esse,
693 1185 739 1221 in
750 1185 965 1231 principio
976 1183 1040 1221 sui
1051 1184 1270 1221 Poematis
1281 1183 1334 1221 de
1347 1183 1663 1222 Phoenomenis
1676 1183 1819 1222 Coele-

172 1237 313 1281 stibus,
325 1237 566 1281 asseruerat‚
579 1242 622 1274 vt
634 1248 687 1274 ex
698 1236 1008 1284 Apostolorum
1021 1236 1160 1275 Gestis
1172 1236 1397 1284 colligitur.
1415 1237 1525 1275 Sunt
1536 1242 1684 1275 autem
1695 1237 1820 1275 Arati

174 1289 388 1329 Carmina
403 1290 456 1328 de
473 1290 599 1338 Lyra,
615 1292 662 1328 in
677 1290 884 1328 Latinum
899 1289 1033 1335 versa,
1051 1289 1329 1328 eiuscemodi:

384 1369 507 1408 EST
521 1369 693 1419 Chelys
707 1369 788 1408 illa
805 1369 984 1415 dehinc,
1003 1371 1165 1409 tenero
1181 1380 1272 1419 qua
1287 1367 1387 1418 lusit
1400 1369 1448 1408 in
1465 1380 1569 1409 aeuo

332 1422 612 1468 Mercurius,
631 1433 776 1462 curua
791 1422 1004 1472 religans
1021 1421 1240 1470 testudine
1256 1423 1471 1469 chordas,

340 1477 398 1514 Vt
411 1474 654 1523 Parnasseo
669 1487 842 1515 munus
856 1476 1159 1515 memorabile
1175 1476 1348 1515 Phaebo

333 1530 374 1567 F
373 1531 580 1568 ormaret
593 1529 756 1568 neruis
773 1528 932 1578 opifex
944 1529 1088 1568 Deus.
1104 1530 1228 1568 hanc
1245 1529 1323 1568 ubi
1338 1528 1519 1578 rursum

337 1581 601 1621 Concentus
610 1581 771 1631 superi
785 1582 1037 1632 compleuit
1045 1583 1247 1632 pulcher
1259 1582 1439 1632 Apollo,

337 1634 523 1684 Orphea
539 1636 747 1685 Pangaeo
763 1635 919 1674 docuit
928 1633 1109 1686 gestare
1119 1634 1205 1684 sub
1221 1638 1367 1674 antro.

334 1688 424 1727 Hic
438 1688 532 1727 iam
549 1688 627 1727 fila
643 1700 813 1728 nouem
830 1686 958 1728 dodta
973 1688 1021 1727 in
1036 1688 1352 1727 modulamina
1368 1689 1525 1735 mouit,

334 1740 573 1790 Musarum
590 1742 651 1780 ad
658 1740 882 1791 speciem:
897 1741 1030 1791 Musa
1040 1741 1174 1791 satus
1189 1741 1267 1781 ille
1283 1744 1498 1791 repertor

337 1794 555 1834 Carmina
571 1795 809 1834 Pleiadum
826 1806 1023 1834 numero
1038 1796 1311 1834 deduxerat:
1326 1797 1375 1834 at
1389 1806 1495 1834 cum

333 1848 482 1897 Impia
497 1846 782 1896 Bassaridum
799 1846 1021 1898 carpsisset
1035 1849 1226 1887 dextera
1246 1849 1420 1894 Vatem,

333 1902 395 1940 Et
409 1902 576 1940 deuota
593 1901 743 1940 uirum
762 1903 944 1951 tegeret
957 1901 1179 1940 Libethra
1190 1904 1467 1951 peremtum,

333 1954 495 1993 Intulit
506 1955 631 1993 hanc
649 1954 775 1993 Coelo
789 1953 1037 2003 mfferatus
1052 1955 1262 2004 Iuppiter
1275 1957 1424 1994 artem

334 2005 602 2055 Praeftantis
616 2007 815 2053 iuuenis,
829 2008 1038 2057 pecudes
1054 2007 1134 2057 qui
1148 2007 1398 2047 &flumina
1416 2010 1551 2048 uates

334 2061 571 2100 Flexerat:
587 2060 748 2100 adnixi
762 2071 851 2110 qua
862 2059 1012 2109 semet
1026 2061 1193 2100 Sidera
1205 2072 1348 2110 porro

335 2112 595 2161 Sufiollunt,
612 2115 785 2152 Iaeuum
797 2116 994 2164 propter
1010 2114 1181 2164 Chelys
1196 2115 1300 2153 haec
1316 2114 1472 2154 femur
1485 2112 1637 2163 adstat.

334 2166 540 2206 Aduolat
553 2165 617 2215 ast
630 2167 757 2206 aliud
769 2168 895 2206 latus
911 2167 1040 2213 Ales,
1059 2167 1105 2206 ἃ*
1117 2178 1197 2206 ore
1214 2178 1416 2207 canoros

342 2220 561 2259 Tenditur
574 2221 635 2259 ad
647 2231 834 2265 neruos,
850 2220 1004 2259 media
1021 2218 1083 2268 est
1095 2221 1221 2270 Lyra
1231 2219 1343 2269 sede
1359 2221 1510 2260 dicata

339 2273 523 2323 Cycneo
538 2273 690 2323 capiti,
709 2274 755 2312 ὅ(
767 2284 912 2312 curuo
928 2273 1218 2313 contermina
1228 2272 1370 2324 signo.

229 2351 313 2390 Sed
329 2352 471 2390 nescio
488 2365 576 2400 quo
592 2364 664 2391 me
681 2354 807 2402 Lyrae
825 2353 954 2400 ipfius
971 2359 1208 2392 concentus
1230 2354 1503 2401 dulcedoque
1524 2354 1754 2398 excellens,
1775 2356 1821 2391 in

177 2410 308 2443 cantu
324 2405 527 2444 Laudum
544 2406 787 2451 Musarum,
809 2412 931 2445 extra
950 2407 1218 2454 propositum
1238 2410 1479 2454 rapuerint;
1501 2404 1515 2457 ΙΙ
1536 2408 1729 2445 Redeam
1744 2409 1820 2445 ita-

177 2470 261 2505 que
286 2470 404 2496 nunc
429 2460 543 2497 vnde
568 2459 767 2507 digressus
792 2460 898 2503 sum,
926 2460 963 2497 8(
991 2460 1306 2498 dimensionem
1331 2461 1607 2508 propofitam,
1632 2462 1678 2498 in
1703 2460 1821 2498 hunc

176 2511 371 2556 modum,
388 2512 625 2550 absoluam.
687 2515 691 2519 ’

282 2572 297 2597 7
1555 2566 1822 2614 Intelligatur
