2209 3213
110 815 140 840 10

110 1081 140 1106 15

108 1347 140 1372 20

95 1608 158 1639 24v

108 1880 142 1905 30

108 2146 141 2172 35

108 2413 142 2438 40

427 217 516 254 AD
538 216 849 255 CRAIGUM
871 217 1144 256 SCOTUM
1166 216 1249 254 DE
1272 214 1561 254 COMETIS
1748 214 1816 251 451

176 324 287 362 adeo
309 324 539 361 necessaria
559 322 687 360 fuerit
703 324 977 361 verticalium
997 325 1042 361 in
1062 325 1205 370 prima
1228 321 1528 360 observatione
1552 319 1728 368 praecisa
1749 331 1816 356 co-

176 377 399 420 adunatio,
416 376 514 413 licet
525 375 567 412 id
579 387 656 423 per
667 376 707 413 se
719 378 850 414 venia
866 388 957 414 non
974 376 1019 414 [it
1035 376 1232 423 dignum:
1250 375 1426 422 qvando
1442 373 1732 412 nihilominus
1747 383 1817 409 ex-

176 429 354 473 cusabis,
372 429 487 476 qvod
504 428 748 467 distantiam
764 430 1045 467 assumtarum
1060 428 1250 466 fixarum
1267 428 1493 466 constituat
1509 438 1585 474 per
1595 431 1680 464 tres
1693 437 1816 473 qvar-

175 488 240 521 tas
261 484 393 520 unius
413 482 572 529 gradus
591 484 820 530 majorem,
842 494 974 529 qvam
994 484 1039 519 in
1060 482 1149 529 ipso
1171 481 1284 519 coelo
1304 492 1381 528 per
1401 480 1685 518 instrumenta
1704 484 1819 516 certa

176 534 542 582 deprehenditur?
558 535 675 573 unde
692 537 824 573 etiam
840 535 939 573 satis
955 535 1087 582 liqvet
1104 546 1206 572 eum
1219 535 1417 572 Cometae
1429 533 1559 580 ipfius
1570 533 1624 571 ab
1636 537 1819 578 utraqve

176 588 365 626 fixarum
382 590 673 626 remotionem
689 591 836 626 minus
852 590 930 625 rite
947 587 1202 625 demensum
1223 588 1312 631 esse,
1334 587 1540 634 siqvidem
1561 585 1818 628 differentia,

176 653 273 689 qvae
295 641 350 679 est
370 643 481 679 inter
501 646 716 689 utranqve
733 641 932 680 Cometae
949 653 975 678 a
991 641 1162 678 duabus
1183 640 1266 678 istis
1287 640 1385 677 fixis
1406 639 1663 683 distantiam,
1685 638 1819 676 stella-

176 706 274 733 rum
286 695 340 733 ab
352 696 541 732 invicem
552 697 787 732 remotioni
799 705 973 741 aeqvare
986 694 1172 736 deberet,
1190 705 1275 740 qva
1288 695 1334 730 in
1347 698 1468 740 parte
1484 704 1584 730 cum
1596 692 1820 729 dodrantis

176 750 309 786 unius
324 748 483 795 gradus
500 759 694 785 errorem
710 747 982 791 commiserit,
1000 758 1085 794 qva
1101 748 1269 785 ratione
1286 745 1474 793 possibile
1491 752 1594 788 erat,
1611 750 1658 783 ut
1674 745 1819 782 Paral-

176 801 298 840 laxes
314 801 513 839 Cometae
530 812 656 839 veras
671 801 763 839 ullo
779 801 913 838 modo
931 811 1195 847 componere
1211 801 1412 847 potuerit,
1433 811 1534 836 curn
1550 810 1602 836 ea
1619 797 1819 836 subtilissi-

176 866 298 892 mam
313 859 353 891 et
370 865 423 891 ex
438 856 632 892 minimis
651 854 913 901 qvibusdam
934 851 1175 891 extrutstam
1195 854 1384 900 reqvirat
1405 851 1819 916 pervestigationem,

177 910 222 945 in
239 919 324 955 qva
339 907 409 945 vel
424 919 668 955 paucorum
685 907 988 955 scrupulorum
1005 907 1195 954 digressio
1212 908 1400 943 nimium
1416 896 1586 952 postea
1576 916 1622 942 in
1637 903 1728 952 ipsa
1743 904 1820 941 Pa-

177 960 412 999 rallaxium
428 960 676 998 deviatione
692 958 960 999 foeneratur?

230 1014 373 1061 Atqve
393 1013 490 1051 haec
510 1019 602 1052 erat
621 1025 722 1052 mea
742 1016 885 1061 prima
905 1011 1089 1061 objectio
1111 1013 1222 1050 adeo
1240 1012 1388 1050 valida
1409 1016 1448 1049 et
1469 1014 1663 1054 immota,
1685 1016 1732 1048 ut
1751 1010 1821 1048 vel

177 1079 254 1115 per
273 1067 326 1111 se,
348 1066 512 1105 etiamsi
533 1072 691 1106 caetera
711 1066 822 1106 redte
843 1067 883 1104 se
904 1066 1128 1109 haberent,
1151 1076 1330 1103 omnem
1350 1064 1483 1102 fidem
1503 1064 1617 1102 hisce
1633 1063 1821 1111 praesup-

177 1120 321 1168 positis
338 1120 623 1164 Dedomenis‚
645 1120 683 1158 &
703 1118 996 1168 superstruc‘tae
1015 1131 1093 1167 pro
1111 1118 1392 1157 Parallaxeos
1408 1117 1734 1165 investigatione
1751 1116 1820 1154 de-

177 1173 489 1217 monstrationi,
511 1175 617 1211 citra
637 1185 769 1212 omne
791 1173 974 1211 dubium
995 1173 1204 1220 derogare
1225 1172 1364 1219 posset,
1387 1182 1519 1218 qvam
1539 1176 1586 1208 tu
1605 1176 1755 1208 tamen
1775 1169 1821 1207 fi-

177 1227 312 1266 lentio
328 1228 534 1274 praeteris,
557 1238 658 1265 cum
678 1227 789 1265 nihil
809 1226 986 1269 habeas,
1009 1238 1093 1273 qvo
1110 1232 1200 1264 tam
1217 1236 1380 1263 caecam
1397 1223 1822 1262 animadverfionem

179 1291 403 1328 expurges,
424 1279 503 1317 nifi
522 1279 631 1318 forte
653 1281 898 1318 distantiam
914 1281 1132 1317 veriorem
1152 1278 1370 1316 stellarum
1392 1289 1418 1315 a
1438 1277 1564 1315 nobis
1584 1277 1823 1314 indicatam

178 1345 269 1372 non
285 1334 362 1371 esse
379 1333 492 1371 coelo
504 1333 742 1372 consonam
754 1336 885 1372 nimis
897 1331 1104 1371 audaciter
1114 1331 1385 1379 praetendere
1397 1331 1516 1368 velis.
1534 1331 1666 1377 Atqvi
1678 1329 1823 1367 adhuc

177 1392 326 1435 patent
347 1387 515 1424 eaedem
531 1388 577 1424 in
594 1387 723 1426 Coelo
744 1386 886 1430 stellae,
909 1398 1096 1433 qvarum
1116 1384 1476 1432 intercapedines,
1498 1383 1527 1421 fi
1548 1383 1645 1421 satis
1661 1383 1822 1420 idoneo

177 1440 461 1478 instrumento
478 1440 586 1488 juste
607 1443 758 1479 rimari
778 1440 940 1482 nosces,
962 1440 1118 1477 nolens
1139 1439 1293 1476 volens
1314 1437 1501 1480 fatearis,
1523 1448 1593 1474 me
1614 1448 1670 1474 ne
1691 1438 1823 1474 unico

178 1494 353 1541 qvidem
378 1495 562 1537 minuto,
588 1496 633 1532 in
658 1494 835 1532 illarum
861 1495 1105 1531 remotione
1131 1491 1394 1533 definienda,
1420 1491 1474 1528 ab
1500 1490 1589 1537 ipso
1616 1489 1729 1527 coelo
1753 1489 1823 1527 de-

178 1547 346 1590 flexisse,
368 1546 533 1584 nedum
553 1553 599 1585 ut
619 1548 670 1586 45
691 1547 875 1594 scrupul.
894 1558 1087 1584 errorem
1106 1547 1325 1583 immerito
1341 1543 1535 1591 Witichij
1555 1548 1631 1581 aut
1647 1542 1824 1580 Sculteti

179 1596 506 1650 observa-ntioni
521 1602 797 1648 imputarem.
816 1600 966 1648 Hujus
983 1601 1045 1637 rei
1061 1599 1205 1637 decuit
1218 1604 1258 1636 te
1273 1597 1407 1635 fecisse
1419 1599 1540 1644 prius
1552 1597 1823 1643 experimen-

177 1659 271 1692 tum
282 1655 464 1691 minime
475 1652 622 1698 fallax,
635 1660 872 1701 anteqvam
884 1654 936 1691 de
946 1652 1139 1700 Witichij
1153 1652 1191 1690 &
1201 1651 1377 1690 Sculteti
1392 1650 1664 1688 Dedomenis
1674 1654 1825 1686 contra

177 1718 259 1745 nos
275 1707 491 1755 judicium
510 1709 817 1755 praecipitares.
840 1706 923 1745 Sed
940 1712 979 1744 et
996 1706 1135 1744 multa
1156 1705 1255 1749 alia,
1277 1716 1354 1751 per
1375 1715 1471 1751 qvae
1493 1703 1669 1740 istarum
1685 1701 1824 1740 obser-

176 1762 407 1798 vationum
419 1765 459 1797 et
470 1760 758 1807 Parallaxcmg
772 1758 1065 1807 superstrudtae
1082 1758 1433 1796 insufficientiam
1448 1762 1575 1804 atqve
1591 1757 1824 1793 enormita-

177 1819 265 1852 tem
286 1813 571 1851 monstrosam
594 1820 742 1862 aperte
766 1813 954 1856 ostendo,
980 1811 1141 1851 intadla
1163 1812 1383 1858 relinqvis.
1410 1810 1570 1857 Qvalia
1592 1809 1700 1853 sunt,
1727 1820 1823 1856 qvae

178 1878 296 1905 nunc
315 1867 514 1910 breviter,
536 1872 583 1905 ut
602 1867 678 1906 tibi
699 1870 744 1905 in
765 1865 994 1914 conspeetu
1015 1866 1104 1910 fint,
1127 1871 1339 1913 repetam:
1362 1863 1503 1910 Qvod,
1526 1863 1632 1901 dum
1651 1862 1825 1900 testatur

179 1920 355 1968 ipsemet
365 1919 593 1965 Scultetus,
605 1921 646 1958 se
658 1921 794 1959 denas
805 1920 1003 1958 Cometae
1015 1931 1092 1966 per
1103 1924 1243 1957 totum
1253 1920 1346 1965 ejus
1357 1916 1623 1955 curriculum
1635 1915 1825 1954 habuisse

178 1973 514 2018 observationes,
537 1979 576 2012 et
595 1986 749 2012 omnes
765 1976 811 2011 in
827 1985 918 2011 uno
935 1973 1103 2011 ambitu
1119 1971 1268 2010 circuli
1284 1972 1431 2018 magni
1448 1969 1531 2008 sese
1548 1971 1738 2007 invicem
1754 1980 1824 2006 ex-

178 2026 270 2065 adle
286 2026 549 2072 consecutas,
566 2028 678 2066 adeo
695 2033 741 2065 ut
757 2027 948 2065 eundern
964 2026 1177 2074 angulum
1189 2025 1245 2063 ad
1258 2024 1511 2072 Eclipticam
1523 2028 1651 2070 atqve
1663 2022 1824 2069 AEqva-

178 2085 317 2118 torem
342 2085 552 2127 perpetuo
578 2080 769 2125 fecerint,
795 2080 837 2118 id
863 2091 1142 2127 neqvaqvam
1171 2079 1318 2116 locum
1340 2078 1511 2120 mereri,
1535 2076 1564 2113 fi
1586 2075 1825 2113 sensibilem

178 2134 373 2181 aliqvam
395 2133 647 2172 Parallaxin
670 2134 909 2172 obtinuisset
931 2133 1128 2175 Cometa,
1153 2131 1318 2169 nedum
1340 2136 1387 2169 ut
1411 2142 1463 2168 ea
1486 2131 1643 2177 qvinos
1666 2129 1825 2177 gradus

179 2189 421 2235 attingeret;
445 2187 539 2225 fieri
561 2189 680 2225 enim
703 2199 794 2225 non
816 2189 967 2234 potuit,
992 2186 1107 2233 qvod
1128 2187 1164 2223 is
1184 2187 1296 2222 inter
1317 2183 1638 2222 observandum
1658 2182 1826 2229 semper

180 2240 336 2278 eodem
352 2240 486 2278 modo
502 2241 631 2288 supra
646 2240 924 2278 horizontem
940 2240 1136 2277 elevatus
1152 2238 1292 2282 fuerit,
1312 2243 1352 2276 et
1369 2249 1447 2284 per
1463 2236 1731 2283 conseqvens
1747 2236 1824 2273 Pa-

179 2293 357 2332 rallaxis
374 2295 480 2341 ejus,
497 2294 526 2331 fi
543 2306 640 2342 qvae
657 2293 861 2337 adfuisset,
878 2293 1003 2331 aliter
1016 2298 1144 2340 atqve
1156 2292 1281 2330 aliter
1292 2293 1338 2329 in
1350 2290 1517 2329 diverso
1533 2289 1612 2327 situ
1627 2289 1710 2327 sese
1723 2288 1741 2307 *
1754 2300 1825 2326 ex-

178 2346 440 2390 hibentibuS,
457 2359 584 2385 arcus
600 2347 672 2385 ille
690 2347 839 2385 circuli
854 2348 1038 2384 maximi
1054 2348 1455 2392 interrumperetur,
1472 2355 1552 2381 nec
1569 2342 1756 2381 eandem
1771 2342 1826 2380 ad

179 2400 433 2448 Eclipticam
444 2400 515 2438 vel
526 2401 812 2448 AEqvatorem
828 2400 988 2447 ubiqve
1005 2399 1182 2437 referret
1197 2398 1542 2441 inclinationem,
1560 2402 1606 2435 ut
1621 2407 1716 2444 pag.
1728 2395 1826 2434 3722

179 2453 275 2491 haec
295 2465 322 2491 a
342 2453 467 2492 nobis
488 2454 618 2492 latius
641 2454 925 2501 explicantur.
949 2453 1077 2499 Qvod
1098 2452 1209 2490 adeo
1230 2451 1358 2499 supra
1379 2462 1559 2489 omnem
1579 2450 1763 2488 modum
1780 2451 1826 2486 in

179 2512 302 2544 motu
313 2507 511 2545 Cometae
521 2512 759 2555 apparente
770 2506 992 2550 aberrarit,
1003 2506 1238 2553 praesertim
1245 2507 1371 2553 juxta
1380 2506 1516 2546 initia,
1527 2504 1601 2541 ubi
1611 2504 1698 2550 maj
1704 2513 1827 2540 orem

288 2568 338 2594 ⁵7*
1645 2556 1826 2594 dimidio
