2209 3213
360 256 409 293 92
852 250 935 288 DE
956 248 1183 287 MUNDI
1203 246 1505 286 AETHEREI

359 360 573 407 liquidum
595 358 752 400 euadit,
775 356 1008 394 Cometam
1029 354 1159 398 hunc,
1181 353 1312 401 vsque
1330 355 1377 391 in
1391 353 1594 391 Vltimum
1609 353 1697 391 suae
1713 355 2000 401 apparitionis

360 415 606 453 terminum,
638 410 801 448 Circuli
830 410 1013 447 maximi
1043 405 1244 445 exactum
1273 405 1451 445 ductum
1481 406 1721 444 constanter
1750 406 1998 444 obseruasse.

361 466 533 503 Motum
555 475 659 501 vero
680 465 905 509 proprium
926 464 971 499 in
991 461 1075 498 hoc
1095 460 1172 498 suo
1193 459 1329 504 curm,
1354 459 1591 498 Interuallo
1615 460 1655 497 14
1678 460 1849 497 dierum
1871 462 1998 497 inter-

359 518 589 564 lapsorum,
613 517 798 553 obtinuit
821 515 863 552 P.
880 515 916 552 4.
937 514 1000 552 M.
1017 514 1079 558 37,
1104 515 1179 560 qui
1202 513 1231 550 fi
1253 524 1330 560 per
1353 513 1393 550 14
1417 512 1644 560 aequaliter
1667 513 1998 556 distribueretur,

358 570 531 617 singulis
554 570 705 606 diebus
730 570 855 606 tertia
879 568 968 605 fere
994 572 1115 614 parte
1138 568 1268 604 vnius
1291 565 1469 604 Gradus
1493 571 1720 613 promotus
1745 565 1998 610 censeretur,

358 624 427 660 sed
448 622 688 660 verosimile
712 621 778 664 est,
803 633 905 658 eum
928 622 1078 668 primis
1101 619 1254 657 diebus
1277 619 1543 662 celeriorem,
1563 624 1709 666 vtpote
1729 619 1780 656 24
1800 621 1999 666 proxime

358 676 670 723 scrupulorum,
694 677 739 711 in
760 674 847 711 fine
868 676 940 711 vix
961 678 1163 720 quartam
1186 677 1355 720 partem
1376 671 1553 710 Gradus
1575 672 1732 710 diurno
1753 674 1906 710 itinere
1927 672 1999 710 ab-

358 729 535 771 soluisse;
553 734 595 765 vt
612 728 713 765 hinc
731 729 862 765 etiarn
877 731 1035 774 pateat,
1053 725 1251 764 Cometae
1267 730 1437 763 motum
1452 727 1690 772 proprium,
1707 725 1838 772 vsque
1849 727 1895 762 in
1906 725 1999 763 vlti-

358 794 480 819 mum
492 781 638 823 finem,
651 779 1033 828 proportionaliter
1042 778 1080 816 &
1090 779 1310 817 ordinarie
1321 778 1408 816 fine
1420 779 1725 816 intermissione
1737 778 1976 816 decreuisse.
1984 775 1999 828 ΙΙ

411 836 529 872 Patet
550 836 676 882 igitur
692 833 730 871 &
746 833 1006 871 sufficienter
1026 832 1360 879 comprobatum
1380 831 1448 875 est,
1468 831 1655 878 idipsum
1671 831 1789 878 quod
1804 831 1859 869 ab
1874 833 1999 869 initio

358 889 624 929 asseruimus;
642 885 860 931 Primum,
878 886 1111 924 Cometam
1127 884 1203 923 suo
1216 890 1340 923 motu
1351 884 1598 932 descripfisse
1610 884 1838 923 Circulum
1850 886 1998 932 exqui-

357 941 427 978 site
448 942 704 984 maximum,
726 939 957 987 Sphaeram
976 938 1180 977 bifariam
1199 940 1245 976 in
1266 938 1354 976 duo
1370 937 1561 985 aequalia
1577 937 1858 975 diuidentem.
1880 937 1998 975 Nam

357 995 516 1040 vbique
532 993 734 1040 Angulus
751 992 1050 1030 Inclinationis
1067 991 1232 1030 Circuli
1250 991 1448 1029 Cometae
1466 990 1522 1029 ad
1540 990 1806 1038 Eclipticam,
1828 993 1903 1038 qui
1922 1002 1999 1038 per

358 1047 476 1084 HAI
493 1046 835 1093 repraesentatur,
853 1044 1086 1093 permansit
1102 1044 1294 1082 eiusdem
1310 1045 1575 1091 quantitatis,
1595 1046 1786 1091 partium
1801 1044 2000 1082 videlicet

357 1100 441 1139 292¹.
458 1100 577 1137 Nam
594 1099 711 1146 quod
728 1098 967 1146 anquando
984 1097 1156 1136 duobus
1171 1097 1241 1135 vel
1256 1097 1404 1141 tribus,
1421 1102 1496 1135 aut
1507 1096 1562 1135 ad
1573 1097 1793 1135 summum
1804 1099 1999 1144 quinque

357 1153 565 1199 scrupulis
583 1152 717 1199 (quod
733 1158 882 1190 tamen
898 1163 998 1189 raro
1014 1150 1184 1197 accidit)
1201 1152 1395 1188 variatus
1412 1150 1479 1195 est,
1500 1150 1618 1198 apud
1636 1150 1923 1198 intelligentes
1939 1150 1999 1188 fa-

358 1206 436 1243 cile
448 1205 769 1243 excusationem
779 1204 1038 1252 impetrabit,
1051 1204 1089 1241 &
1100 1215 1180 1251 pro
1191 1203 1331 1242 nihilo
1341 1203 1583 1241 habebitur.
1597 1203 1887 1251 Quapropter,
1900 1215 2000 1241 cum

357 1259 586 1296 Inclinatio
606 1261 691 1296 viae
713 1258 911 1296 Cometae
932 1258 987 1296 ad
1009 1257 1262 1304 Eclipticam
1282 1257 1442 1304 vbique
1464 1256 1619 1294 eadem
1639 1258 1903 1301 inueniatur,
1924 1268 2001 1303 per

356 1316 496 1349 totum
516 1311 603 1349 suae
626 1313 912 1358 apparitionis
934 1316 1118 1358 tempus,
1141 1322 1233 1348 non
1256 1309 1430 1348 difficile
1453 1309 1750 1348 dubitantibus
1772 1309 1999 1357 persuade-

356 1365 481 1407 bitur,
494 1365 626 1402 modo
637 1364 916 1402 Circulorum
926 1363 1122 1412 Sphaerae
1134 1365 1350 1401 rationem
1358 1362 1612 1410 intelligant,
1625 1363 1792 1400 Arcum
1802 1362 2000 1401 Cometae

357 1430 489 1465 quem
509 1417 584 1455 suo
605 1423 728 1455 motu
748 1417 971 1465 descripsit,
992 1419 1241 1464 portionem
1261 1417 1338 1454 esse
1355 1415 1520 1454 Circuli
1538 1418 1583 1453 in
1602 1415 1786 1463 Sphaera
1804 1417 1999 1459 maximi,

357 1482 448 1508 non
463 1472 610 1508 minus
626 1482 759 1517 quam
777 1470 996 1517 Ecliptica,
1018 1481 1153 1517 quam
1168 1469 1328 1517 vbique
1349 1480 1426 1516 per
1442 1469 1633 1507 eiusdem
1649 1468 1813 1516 Anguli
1830 1470 1999 1516 quanti-

356 1529 487 1561 tatem
499 1523 693 1570 respexit,
706 1523 744 1561 &
755 1523 853 1561 suos
864 1523 1054 1562 habuisse
1064 1523 1205 1567 Polos,
1218 1523 1272 1561 ab
1284 1522 1419 1571 ijsque
1431 1522 1660 1570 aequaliter
1670 1522 1859 1566 distitisse,
1871 1526 2000 1569 prout

357 1577 563 1623 Ecliptica
583 1588 610 1614 a
630 1576 731 1620 suis;
752 1579 847 1624 pari
868 1578 1037 1615 ratione
1058 1581 1189 1623 atque
1210 1576 1427 1623 AEquator
1447 1587 1548 1613 cum
1568 1575 1775 1623 Ecliptica
1794 1580 2000 1613 mutuum

356 1630 530 1671 habent,
548 1641 636 1676 quo
652 1630 707 1668 ad
724 1629 822 1667 suos
833 1630 974 1674 Polos,
992 1628 1241 1676 respectum,
1259 1629 1297 1666 &
1313 1628 1410 1667 licet
1426 1628 1509 1667 sese
1525 1630 1718 1667 inuicem
1733 1628 1998 1673 intersecent,

355 1688 534 1730 vterque
546 1688 694 1720 tamen
705 1685 873 1721 ratione
885 1684 1046 1730 proprij
1061 1682 1154 1720 Poli
1167 1682 1395 1721 Circulum
1407 1681 1600 1720 describit
1611 1683 1656 1720 in
1668 1681 1852 1729 Sphaera
1863 1683 1999 1720 maxi-

356 1747 491 1773 mum.

409 1788 622 1827 Alterum
638 1788 769 1835 Quod
786 1789 1121 1832 affirmauimus,
1138 1788 1316 1826 Motum
1329 1788 1526 1826 Cometae
1538 1788 1613 1826 sub
1624 1787 1708 1825 hoc
1720 1787 1809 1835 ipso
1822 1787 2000 1826 Circulo

357 1844 563 1885 maximo,
580 1853 672 1879 non
683 1842 798 1880 fuisse
810 1842 1144 1885 inordinarium,
1160 1846 1306 1889 vtpote
1318 1841 1537 1879 interdum
1547 1841 1824 1884 velociorem,
1841 1841 1998 1879 deinde

358 1894 502 1932 rursus
518 1895 744 1937 remissum,
765 1900 841 1933 aut
855 1895 993 1933 subito
1009 1897 1130 1933 varie
1145 1894 1229 1933 sese
1245 1894 1515 1939 alterantem,
1537 1896 1669 1932 etiam
1686 1894 1852 1941 liquido
1868 1899 1995 1941 patet.

359 1947 477 1984 Nam
494 1959 593 1984 cum
610 1959 662 1985 ex
678 1947 931 1986 differentiis
942 1949 1141 1986 Arcuum
1156 1949 1369 1995 portionis
1381 1947 1546 1986 Circuli
1562 1947 1655 1985 HA
1673 1947 1842 1991 constet,
1859 1959 1997 1994 quan-

358 2005 450 2037 tum
468 2000 653 2038 Cometa
673 2000 747 2039 sub
767 2003 944 2048 proprio
965 2001 1040 2039 illo
1055 2001 1245 2044 Circulo,
1267 2006 1383 2039 certo
1404 2000 1574 2038 dierum
1593 2000 1839 2045 interuallo,
1860 2000 1997 2038 absol-

358 2055 481 2097 uerit,
505 2052 542 2090 8(
564 2055 609 2090 in
633 2054 986 2092 antecedentibus
1007 2054 1275 2092 declaratum
1291 2053 1349 2098 fit,
1372 2053 1511 2101 ipsum
1527 2055 1640 2092 circa
1656 2053 1758 2091 XIII
1775 2053 1890 2091 diem
1907 2053 1997 2091 No-

358 2106 562 2149 uembris,
584 2118 671 2152 quo
693 2107 818 2144 nobis
838 2109 1029 2154 primum
1045 2109 1258 2154 apparuit,
1279 2118 1391 2154 pene
1407 2107 1431 2144 4
1447 2106 1618 2154 gradus,
1639 2109 1685 2144 in
1700 2111 1823 2144 motu
1839 2106 1997 2144 diurno

358 2158 432 2196 sub
449 2158 531 2195 hoc
544 2159 733 2203 Circulo,
751 2159 981 2203 absoluisse‚
997 2160 1131 2207 paulo
1148 2160 1237 2207 post
1251 2162 1372 2197 iuxta
1388 2160 1504 2197 diem
1516 2160 1569 2204 15,
1585 2159 1674 2197 fere
1685 2160 1744 2203 35,
1760 2161 1882 2197 iuxta
1892 2171 1997 2197 vero

358 2212 474 2249 diem
490 2212 541 2248 20
556 2211 704 2249 saltem
719 2214 867 2255 trinos,
884 2214 1005 2251 iuxta
1021 2213 1083 2257 24,
1100 2212 1295 2260 partibus
1310 2214 1508 2260 proxime
1525 2213 1707 2256 duabus,
1719 2212 1881 2250 vltimis
1892 2223 1997 2250 vero

359 2264 510 2301 diebus
531 2264 810 2309 Nouembris,
831 2265 1106 2312 sesquialtero
1126 2266 1263 2313 gradu
1283 2271 1535 2313 promotum
1555 2266 1648 2309 esse;
1673 2265 1846 2303 Constet
1866 2267 1998 2303 etiam

359 2317 476 2364 quod
492 2319 538 2354 in
553 2320 704 2364 primis
716 2318 867 2355 diebus
879 2318 1147 2362 Decembris,
1164 2318 1291 2356 fuerit
1302 2324 1447 2356 motus
1459 2314 1474 2368 ΙΙ
1485 2319 1602 2356 idem
1612 2320 1746 2365 partis
1756 2320 1886 2356 vnius
1898 2330 1998 2356 cum

359 2370 613 2416 quadrante,
631 2372 743 2408 circa
759 2371 801 2408 10
816 2372 932 2409 diem
948 2372 1067 2418 quafi
1082 2374 1212 2409 vnius
1227 2372 1399 2419 gradus,
1419 2373 1541 2409 iuxta
1556 2372 1597 2409 15
1613 2372 1741 2415 diem,
1758 2371 1810 2409 40
1824 2371 1996 2418 scrupu-

358 2423 502 2460 lorum
526 2425 737 2470 proxime,
763 2426 876 2462 circa
898 2424 1071 2462 vltimos
1093 2436 1198 2462 vero
1223 2424 1315 2462 dies
1340 2424 1607 2468 Decembris,
1633 2424 1797 2472 dimidij
1824 2424 1995 2472 gradus,

358 2475 514 2513 deinde
526 2478 647 2514 iuxta
659 2478 860 2524 quintum
872 2478 988 2515 diem
1000 2478 1191 2525 Ianuarij
1198 2508 1206 2521 ,
1220 2477 1335 2515 idem
1346 2482 1491 2515 motus
1500 2476 1620 2524 quafi
1632 2479 1777 2524 quinis
1787 2477 1997 2524 scrupulis

357 2529 531 2571 tardior,
554 2530 664 2567 adeo
680 2534 724 2567 vt
738 2529 890 2567 vltimo
907 2542 994 2577 quo
1011 2529 1260 2577 conspectus
1276 2530 1333 2573 fit,
1351 2530 1496 2568 cursus
1513 2530 1696 2568 diurnus
1711 2532 1784 2568 vix
1801 2532 1995 2573 extiterit,

1828 2588 1995 2630 quartae

2027 838 2087 871 103

2040 1110 2070 1135 15

2038 1375 2072 1401 20

2037 1641 2071 1666 25

2034 1906 2068 1932 30

2035 2171 2068 2196 35

2025 2324 2086 2356 104

2034 2436 2068 2462 40
