2209 3213
142 1054 172 1079 15

137 1321 170 1345 20

136 1587 169 1612 25

133 1853 167 1878 30

133 2119 166 2144 35

114 2379 178 2411 453

534 191 1056 231 RECENTIORIBUS
1076 191 1536 231 PHAENOMENIS
1792 190 1859 230 361

214 298 483 345 tilissimaque
495 298 657 346 indiget
668 298 956 345 inquisitione,
969 301 1005 337 is
1017 310 1216 346 unquam
1227 299 1532 347 peruestigarit‚
1548 301 1623 346 qui
1634 304 1725 336 tam
1737 310 1863 336 enor-

213 363 306 390 mes
327 352 567 389 multorum
586 352 803 399 graduum
824 352 1110 396 deuiationes,
1131 354 1176 390 in
1196 352 1326 399 ipsius
1347 358 1586 399 apparente
1603 357 1728 389 motu
1747 363 1861 390 com-

213 403 366 442 mittit?
383 404 552 442 Mirum
564 406 711 451 itaque
724 416 815 442 non
827 404 894 449 est,
909 405 1136 452 plerosque
1149 407 1281 443 etiam
1293 417 1346 443 ex
1358 407 1423 453 ijs,
1437 407 1511 452 qui
1523 405 1563 443 fe
1576 405 1862 443 Astronomos

213 457 251 495 &
268 457 609 495 Mathematicos
624 457 895 504 profitentur,
913 470 1013 496 cum
1029 458 1119 505 ipso
1135 458 1361 496 Aristotele
1378 459 1489 496 adeo
1506 460 1719 502 caecutire,
1737 463 1783 496 ut
1799 460 1861 495 in-

213 515 276 548 ter
292 522 345 548 ea
361 522 461 558 quae
477 512 523 548 in
538 510 761 555 AEthereo‚
779 510 817 548 &
833 522 933 558 quae
950 513 995 548 in
1013 511 1279 549 Elementari
1296 511 1470 549 Mundo
1486 517 1762 559 generantur,
1785 511 1861 549 dis-

214 575 389 601 cernere
413 568 652 611 nequeant;
675 563 886 611 fiquidem
906 569 997 602 tam
1019 564 1262 612 longinquo
1282 564 1516 602 interuallo
1537 576 1563 602 a
1585 564 1710 602 cursu
1732 564 1862 612 ipsius

214 617 413 655 Cometae
433 616 508 655 sub
528 616 618 663 ipsa
639 615 796 655 octaua
816 616 1001 664 Sphaera
1021 623 1273 664 apparente,
1295 620 1371 664 qui
1390 617 1517 655 facile
1534 617 1589 655 est
1605 618 1862 665 peruestiga-

212 670 321 714 bilis,
340 675 592 717 euagentur.

267 723 329 760 Μ.
348 722 671 761 CVNRADVS
692 722 1064 761 DASYPODIVS
1081 723 1456 771 Argentoratenfis
1472 724 1688 761 Libellum
1705 724 1758 761 de
1776 723 1860 761 Co-

211 778 337 814 metis
353 776 496 819 edidit,
513 778 559 813 in
575 787 663 823 quo
679 781 794 814 totus
810 778 923 814 circa
935 776 1224 824 Astrologicas
1241 776 1544 823 praeditftiones
1559 782 1809 824 occupatur,
1823 776 1860 814 8(

212 831 257 866 in
273 828 341 867 his
357 829 644 877 Dogmaticus
659 829 885 867 Ptolemaei
901 829 1114 877 ipsiusque
1130 831 1416 876 interpretum
1432 830 1617 877 uestigijs
1638 832 1859 877 praecipue

210 882 364 920 infistit.
378 882 607 929 Quantum
619 894 727 920 uero
737 882 792 920 ad
802 884 1016 930 originem
1028 894 1183 920 eorum
1195 885 1357 926 attinet,
1370 883 1652 921 Aristotelicae
1664 883 1859 921 adhaeret

211 935 459 980 Sententiae,
475 935 573 973 licet
589 947 681 973 non
696 937 876 983 ignoret,
893 936 1003 973 alios
1020 936 1144 973 aliter
1159 935 1326 979 sentire,
1343 948 1533 983 quorum
1550 938 1782 983 opiniones
1796 948 1858 974 re-

210 988 366 1036 linquit
378 991 423 1026 in
434 989 581 1027 medio
592 1000 619 1027 a
630 989 817 1037 Phyficis
829 988 1121 1036 disputandas.
1134 989 1300 1026 Verum
1311 989 1439 1036 longe
1451 989 1705 1036 praestitisset‚
1720 989 1859 1036 ipsum

209 1053 286 1089 per
306 1041 537 1089 exquifitas
558 1042 910 1086 Obseruationes,
932 1042 1136 1080 adhibitis
1158 1042 1449 1080 Geometricis
1470 1042 1858 1080 Demonstrationi-

208 1095 301 1139 bus,
322 1095 443 1133 litem
462 1095 578 1133 hanc
598 1095 818 1139 diremisse,
841 1095 878 1132 8(
899 1097 1002 1133 certi
1023 1095 1189 1142 aliquid
1205 1098 1251 1133 in
1266 1095 1335 1133 his
1351 1095 1612 1133 constituisse.
1635 1095 1737 1142 Qua
1757 1095 1858 1134 sane

209 1150 254 1186 in
265 1159 311 1186 re
323 1148 451 1196 longe
463 1148 805 1196 praessantiorem
817 1160 999 1196 operam
1011 1148 1260 1193 collocasset,
1274 1160 1408 1196 quam
1420 1151 1465 1186 in
1477 1149 1691 1196 ambiguis
1702 1149 1739 1186 &
1749 1161 1857 1187 non-

208 1201 315 1239 dum
330 1201 428 1239 satis
444 1200 671 1249 perspectis
683 1201 1012 1250 Astrologorum
1029 1204 1260 1250 uaticinijs,
1278 1213 1378 1249 quae
1391 1214 1491 1239 cum
1502 1204 1548 1239 in
1560 1202 1735 1240 Mundo
1748 1214 1857 1240 coae-

208 1256 277 1292 uis
301 1254 523 1293 Sideribus
547 1255 850 1302 saepenumero
877 1255 1005 1303 longe
1031 1255 1119 1293 alio
1146 1261 1309 1293 euentu
1334 1255 1417 1293 sese
1444 1255 1691 1298 exhibeant,
1723 1267 1857 1302 quam

207 1307 351 1346 ferunt
374 1308 551 1346 illorum
571 1308 909 1356 Apotelefmata,
932 1308 1034 1346 sane
1055 1311 1100 1346 in
1121 1308 1189 1346 his
1210 1311 1340 1346 nouis
1360 1308 1727 1356 generationibus,
1752 1320 1856 1356 qua-

207 1372 306 1399 rum
321 1361 422 1399 fitus
438 1361 477 1399 8(
493 1363 614 1409 origo
630 1360 842 1400 hactenus
858 1363 1080 1409 incognita
1090 1362 1228 1406 latuit,
1244 1362 1383 1400 multo
1395 1364 1542 1399 minus
1554 1362 1856 1400 certitudinem

208 1419 349 1452 ratam
366 1414 645 1453 exhibebunt.

261 1467 410 1514 Quam
425 1470 533 1506 uero
549 1470 768 1506 immerito
784 1468 1079 1516 Peripateticis
1092 1468 1367 1516 dogmatibus
1379 1469 1636 1513 assentiatur,
1653 1469 1759 1506 dum
1772 1468 1856 1507 Co-

206 1526 424 1559 metarum
441 1533 463 1559 e
479 1521 612 1559 fumis
627 1521 913 1560 Terrestribus
935 1521 1287 1570 coagulationem
1308 1521 1504 1566 admittit,
1526 1521 1624 1559 licet
1644 1521 1759 1560 hanc
1779 1533 1856 1569 per

206 1574 489 1612 Planetarum
508 1574 762 1613 influentias
781 1575 1122 1622 plaufibiliorem
1142 1575 1322 1613 reddere
1344 1581 1537 1619 conetur,
1560 1577 1620 1613 ita
1642 1580 1688 1613 ut
1711 1575 1855 1613 calore

207 1627 377 1672 Martis,
394 1628 432 1666 8(
448 1630 494 1666 111
511 1628 729 1666 excitandi
746 1628 970 1676 Mercurij,
992 1628 1078 1666 istae
1096 1628 1400 1666 exhalationes
1416 1628 1758 1672 inflammentur,
1781 1628 1854 1667 Sa-

206 1683 352 1719 turnia
375 1681 571 1720 efficacia
593 1693 667 1720 eas
691 1681 1016 1729 constringente,
1041 1681 1079 1719 &
1102 1682 1333 1720 cohibente
1356 1693 1411 1719 ne
1434 1682 1572 1719 statim
1596 1682 1854 1729 dissipentur,

206 1745 342 1781 quam
366 1734 583 1782 (inquam)
607 1734 703 1773 haec
726 1746 752 1773 a
774 1737 967 1783 genuina
989 1734 1166 1772 illorum
1189 1740 1359 1779 natura,
1385 1734 1475 1779 situ,
1500 1734 1537 1772 8(
1559 1737 1853 1782 generatione,

205 1787 352 1826 aliena
371 1787 461 1832 fint,
482 1793 599 1836 patet
615 1800 669 1826 ex
687 1788 767 1831 his,
789 1800 890 1835 quae
906 1788 979 1826 uel
995 1790 1040 1826 in
1056 1788 1140 1826 hoc
1156 1788 1245 1826 solo
1263 1788 1450 1826 Cometa
1466 1800 1493 1826 a
1509 1788 1634 1826 nobis
1650 1787 1852 1826 infallibi-

204 1840 300 1878 liter
310 1840 406 1879 sunt
417 1841 740 1885 Demonstrata;
753 1847 800 1879 ut
811 1841 863 1879 de
876 1843 1042 1879 caeteris
1054 1841 1329 1889 postmodum
1341 1841 1440 1879 uifis
1450 1853 1567 1879 nunc
1577 1841 1688 1879 nihil
1697 1842 1852 1885 dicam,

204 1895 318 1932 circa
334 1906 445 1941 quos
460 1894 655 1942 sequenti
672 1895 814 1938 Libro,
831 1895 948 1932 idem
964 1897 1010 1932 in
1025 1895 1110 1932 illis
1127 1895 1343 1939 ostensuri,
1361 1895 1686 1942 occupabimur.

257 1947 380 1985 Dum
391 1959 499 1986 uero
511 1959 588 1995 per
598 1948 887 1996 Astrologicas
901 1949 1204 1995 Opinationes,
1221 1948 1501 1986 Aristotelicis
1513 1948 1747 1996 Figmentis
1759 1947 1851 1985 sub-

203 1999 308 2038 fidio
329 2003 482 2039 uenire
498 2001 659 2049 satagit,
681 2003 845 2039 incerta
860 2013 937 2048 per
952 2013 1080 2049 aeque
1096 2004 1260 2039 incerta
1276 2002 1460 2039 stabilire
1477 2007 1672 2039 conatur.
1694 2001 1853 2048 Neque

204 2055 323 2091 enim
343 2054 488 2092 adhuc
508 2054 606 2092 satis
628 2055 962 2102 comprobatum
982 2055 1049 2099 est,
1072 2054 1281 2093 Cometas
1297 2057 1342 2092 ui
1359 2055 1397 2092 8(
1413 2054 1645 2093 influentia
1665 2055 1852 2102 reliquo-

204 2118 303 2144 rum
319 2107 520 2146 Siderum
536 2110 768 2155 procreari.
786 2108 904 2145 Licet
920 2109 1038 2145 enim
1054 2119 1211 2146 reuera
1226 2110 1273 2146 in
1290 2108 1419 2146 Coelo
1435 2108 1672 2152 uersentur,
1689 2120 1780 2146 non
1798 2108 1852 2146 ob

204 2160 246 2198 id
255 2160 537 2199 Planetarum
547 2161 673 2199 faetus
685 2161 792 2205 sunt,
805 2173 949 2208 neque
962 2173 984 2199 e
997 2163 1121 2199 certis
1134 2161 1544 2205 constellationibus,
1556 2166 1685 2209 prout
1696 2161 1853 2199 uolunt

203 2213 428 2262 Astrologi,
442 2213 784 2259 conformantur,
797 2214 867 2252 fed
876 2215 1015 2252 multo
1026 2215 1320 2258 occultiorem,
1332 2215 1370 2253 &
1379 2214 1678 2253 abstrufiorem
1690 2214 1853 2252 habent

203 2266 291 2304 fuae
307 2269 600 2371 generatnionis
616 2269 843 2315 originem,
860 2279 949 2315 qua
964 2268 1017 2306 de
1033 2279 1079 2305 re
1095 2270 1141 2305 in
1157 2268 1340 2316 Epilogo
1357 2268 1489 2306 huius
1507 2268 1663 2315 Operis
1679 2268 1852 2315 plenius

203 2319 461 2359 disseremus.

256 2373 339 2411 Vbi
353 2374 533 2412 tandem
548 2374 603 2412 ad
620 2374 752 2412 huius
765 2374 964 2412 Cometae
976 2374 1285 2422 particularem
1297 2374 1627 2422 descriptionem
1638 2376 1850 2421 peruenit,

203 2427 334 2464 nimis
354 2426 504 2475 frigide
521 2439 614 2465 rem
629 2426 780 2466 tractat
798 2427 1087 2475 Dafypodius‚
1109 2428 1337 2475 nullasque
1354 2428 1693 2466 Obseruationes
1709 2427 1849 2465 Astro-

202 2481 412 2525 nomicas‚
429 2492 530 2528 quae
546 2480 733 2519 alicuius
748 2480 827 2519 sint
842 2483 1068 2526 momenti,
1084 2483 1131 2519 in
1146 2481 1342 2519 medium
1357 2481 1531 2529 profert,
1549 2493 1571 2519 e
1588 2480 1745 2528 quibus
1761 2481 1849 2528 Ap-

309 2541 342 2566 46
1638 2535 1848 2580 parentiae
