2209 3213
115 814 144 840 10

101 1074 161 1106 19v

110 1346 143 1372 20

109 1612 141 1637 25

108 1878 141 1903 30

107 2143 140 2168 35

108 2409 140 2433 40

432 216 522 254 AD
545 216 854 255 CRAIGUM
876 216 1147 255 SCOTUM
1169 217 1253 254 DE
1274 216 1563 255 COMETIS
1744 217 1820 254 443

183 322 410 363 eductione
431 321 661 370 respexisse.
684 322 730 360 Id
751 324 869 360 enim
891 335 991 360 cum
1011 323 1086 361 diu
1107 328 1280 370 recepta
1295 325 1341 360 in
1357 322 1525 361 Scholis
1547 323 1583 361 8(
1604 323 1734 370 ipsius
1751 323 1821 361 de-

182 378 306 416 cretis
322 376 532 414 sententia
548 375 770 413 consistere
787 378 946 423 neqvit.
964 376 1083 414 Nam
1100 376 1172 414 etfi
1188 376 1329 415 cauda
1341 376 1628 414 Cometarum
1640 378 1686 414 in
1697 375 1819 414 flam-

181 441 266 468 mae
291 428 474 467 modum
500 428 803 471 exardesceret,
834 430 1064 467 necessario
1089 429 1159 467 vel
1179 431 1304 477 juxta
1329 429 1583 467 Aristotelea
1607 431 1821 477 principia

181 482 345 521 sursum
365 483 535 520 ratione
556 481 755 525 levitatis,
777 484 976 525 raritatis,
998 482 1035 520 8(
1056 482 1224 520 ardoris
1244 482 1438 520 tenderet
1460 488 1500 520 et
1517 482 1665 520 Terrae
1686 483 1820 521 medi-

181 536 367 578 tullium,
388 539 586 573 centrum
606 536 839 582 gravitatis,
862 533 1019 572 directe
1036 535 1091 573 ad
1107 535 1329 582 superiora
1347 535 1557 573 scandens
1576 535 1753 583 fugeret,
1775 541 1821 574 ut

182 589 236 628 ob
251 588 295 626 id
312 588 686 636 Regiomontanus
704 586 788 625 hac
805 587 1189 634 Peripateticorum
1208 589 1440 626 traditione
1456 588 1664 633 seductus,
1685 589 1820 636 longi-

180 642 377 680 tudinem
402 640 555 679 caudae
581 640 880 684 Cometarum‚
906 645 1116 688 tanqvam
1142 653 1194 679 ea
1218 647 1429 688 perpetuo
1452 653 1479 680 a
1502 647 1649 680 centro
1672 641 1820 680 Terrae

180 694 344 733 sursum
364 693 599 737 tolleretur,
621 698 661 731 et
681 693 808 731 nobis
828 695 874 731 in
894 693 1118 741 superficie
1140 696 1234 742 ejus
1255 694 1552 733 habitantibus
1571 707 1623 732 ex
1643 695 1820 742 obliqvo

181 747 318 786 oculis
340 747 643 791 insinuaretur,
667 746 877 790 demetiri,
899 746 968 784 sed
989 747 1138 785 labore
1159 748 1314 785 incasso
1336 747 1497 792 docuit;
1521 748 1639 786 velut
1662 748 1757 786 haec
1781 753 1821 786 et

180 801 386 850 pleraqve
407 800 507 844 alia,
528 799 598 837 vel
619 811 672 837 ex
691 799 782 837 sola
802 800 955 838 caudae
977 801 1088 838 adeo
1105 801 1306 838 ordinata
1327 806 1367 838 et
1387 801 1607 845 constanti,
1629 800 1820 849 respectu

181 859 308 893 certae
328 853 470 897 stellae,
492 851 721 891 eductione
738 853 1124 900 Peripateticorum
1144 855 1408 901 incongruas
1429 856 1660 902 opiniones
1680 856 1819 893 mani-

180 907 277 946 feste
293 906 528 945 refutantia
541 908 587 943 in
601 906 756 944 eodem
769 908 908 953 capite
920 906 1096 951 adduxi,
1114 919 1210 954 qvae
1222 907 1252 944 fi
1263 912 1350 945 tuae
1362 909 1594 945 intentioni
1606 919 1696 945 non
1708 908 1820 946 adeo

181 961 399 998 contraria
419 959 596 1003 fuissent,
617 964 664 997 ut
683 959 832 997 nullus
854 960 948 997 esset
968 959 1214 1008 subterfugij
1233 960 1366 1004 locus,
1389 972 1666 1008 neqvaqvam
1682 961 1758 999 illa
1773 960 1819 998 fi-

180 1014 314 1052 lentio
336 1013 613 1060 praeterijsses‚
637 1012 732 1050 Imo
752 1012 781 1050 fi
802 1012 946 1051 adhuc
967 1013 1041 1051 ista
1063 1014 1237 1061 aggredi
1258 1025 1350 1051 non
1372 1014 1562 1061 amplius
1585 1014 1820 1061 displiceat,

179 1068 380 1105 invenias
396 1066 523 1104 nobis
539 1077 593 1103 ex
608 1065 874 1103 Aristoteleis
890 1068 1112 1114 principijs
1130 1066 1167 1104 &
1183 1066 1472 1113 superstructis
1493 1063 1507 1117 ΙΙ
1529 1067 1820 1115 Dogmatibus

180 1120 373 1168 aliqvam
393 1119 492 1158 satis
512 1130 753 1166 congruam
775 1121 1170 1163 ratiocinationem,
1194 1131 1279 1167 qva
1300 1120 1499 1158 Cometae
1520 1121 1672 1164 cauda,
1694 1120 1723 1157 fi
1744 1120 1819 1159 fla-

178 1184 307 1221 grans
323 1172 379 1211 est
395 1177 435 1210 et
450 1174 628 1220 igneum
643 1177 885 1217 meteoron,
906 1174 952 1210 in
972 1172 1192 1220 superiore
1213 1175 1326 1215 aere,
1349 1184 1434 1220 qvo
1455 1173 1535 1211 fert
1550 1173 1764 1220 pabulum
1781 1178 1820 1211 et

179 1226 360 1265 flamma
380 1227 474 1274 ejus
495 1230 653 1263 natura
672 1225 925 1269 discurrens,
948 1226 1169 1273 qvomodo
1186 1226 1476 1264 nihilominus
1492 1238 1568 1274 per
1583 1232 1668 1264 tres
1684 1226 1819 1264 ferme

179 1279 347 1318 menses
359 1279 556 1317 Lunares
570 1278 778 1317 constanti
794 1279 887 1327 lege
903 1277 961 1322 9³³
977 1279 1141 1317 stellam
1158 1281 1280 1317 omni
1296 1281 1341 1317 in
1357 1279 1435 1317 fitu
1452 1279 1659 1327 respicere
1675 1278 1819 1327 possit?

180 1343 439 1380 qvocunqve
454 1337 578 1370 motu
594 1334 772 1379 proprio
788 1337 878 1370 tam
895 1338 1024 1380 caput
1037 1333 1248 1375 Cometae.
1266 1334 1335 1370 cui
1348 1333 1488 1370 cauda
1500 1338 1590 1370 erat
1603 1335 1819 1380 contigua,

179 1397 310 1434 qvam
333 1385 423 1433 ipsa
442 1385 626 1423 Veneris
646 1385 775 1429 stella,
800 1391 894 1423 tum
914 1388 959 1423 in
980 1386 1161 1433 longum
1182 1391 1275 1423 tum
1295 1386 1433 1423 latum
1454 1391 1747 1424 moverentur.
1773 1386 1819 1424 Id

179 1441 297 1478 enim
317 1441 376 1477 ita
396 1438 436 1476 se
457 1438 659 1482 habuisse‚
683 1450 760 1486 per
782 1438 1010 1476 duodenas
1031 1439 1273 1477 solertiores
1292 1439 1614 1477 observationes
1637 1439 1818 1477 manife-

178 1493 286 1530 stum
306 1492 485 1530 reddidi.
508 1491 636 1538 Qvod
653 1491 682 1529 fi
699 1492 822 1530 nulla
838 1504 861 1530 e
877 1503 996 1540 penu
1011 1492 1282 1530 Aristotelico
1301 1492 1499 1540 depromi
1520 1494 1675 1539 poterit
1692 1504 1819 1530 excu-

178 1546 295 1588 satio,
313 1546 398 1593 qva
408 1545 452 1583 id
463 1544 603 1592 ipsum
614 1547 727 1583 tueri
738 1545 876 1589 liceat,
892 1546 994 1592 qvid
1005 1545 1195 1593 amplius
1206 1544 1390 1589 haefitas,
1407 1545 1546 1592 ipsum
1558 1545 1610 1583 de
1623 1545 1819 1583 Cometis

178 1601 277 1637 arei
288 1600 468 1637 veritate
482 1597 656 1646 prorsus
672 1598 819 1636 aliena
834 1597 1072 1636 tradidisse?
1091 1598 1183 1637 Cur
1198 1598 1323 1636 fateri
1340 1597 1567 1643 cunctaris,
1586 1598 1819 1637 Cometam

179 1651 321 1700 qvoad
334 1651 486 1690 caudae
499 1650 775 1690 edufflonem
787 1657 915 1690 certae
928 1651 1070 1695 stellae,
1084 1654 1215 1689 etiam
1227 1653 1338 1689 inter
1350 1653 1554 1689 erraticas
1566 1652 1817 1700 analogum,

178 1705 420 1743 aethereum
432 1704 470 1742 8(
480 1706 663 1742 minime
676 1704 1000 1743 Elementarem
1011 1705 1141 1752 ipfius
1152 1704 1277 1742 fitum
1289 1710 1416 1752 atqve
1428 1710 1599 1742 motum
1610 1704 1818 1753 arguere?

179 1758 229 1796 Et
249 1770 382 1805 qvare
403 1759 555 1796 omnia
574 1758 662 1802 illa,
684 1770 781 1805 qvae
802 1760 848 1796 in
869 1757 981 1797 dic'to
1000 1760 1138 1805 capite
1155 1758 1204 1796 70
1219 1758 1289 1795 vel
1305 1769 1357 1795 ex
1374 1758 1463 1796 sola
1479 1758 1631 1796 caudae
1648 1770 1817 1805 porrec-

178 1813 296 1850 tione
316 1812 392 1850 tibi
412 1816 453 1849 et
473 1813 640 1849 caeteris
655 1812 1042 1859 Peripateticorum
1063 1811 1221 1849 asseclis
1242 1823 1333 1849 non
1351 1813 1570 1849 immerito
1587 1823 1817 1859 opponun-

177 1870 257 1910 tur,
273 1870 363 1903 tam
379 1864 467 1903 alto
484 1864 650 1903 filentio
666 1867 873 1912 praeteris,
891 1877 992 1903 cum
1008 1865 1118 1903 alias
1131 1865 1409 1902 minutissima
1423 1876 1605 1912 qvaeqve
1619 1864 1727 1903 forte
1742 1864 1816 1902 ubi

177 1930 308 1966 qvam
323 1920 507 1956 minime
524 1929 635 1966 opus
652 1923 755 1963 erat,
772 1918 1004 1965 disqvirere
1021 1930 1112 1956 non
1128 1916 1433 1956 intermiseris?

229 1971 313 2010 Sed
332 1971 401 2009 his
421 1970 590 2015 relictis,
612 1983 712 2009 cum
729 1976 769 2009 et
784 1983 810 2010 a
827 1976 866 2009 te
883 1973 1013 2009 nimis
1029 1971 1174 2009 secure
1191 1970 1338 2009 relicta
1353 1970 1460 2015 sunt,
1482 1971 1538 2009 ad
1559 1982 1622 2015 ea,
1645 1982 1742 2018 qvae
1764 1971 1816 2009 de

177 2027 314 2072 capite
337 2023 490 2063 octavo
511 2024 690 2072 profers,
712 2025 986 2069 accedamus,
1007 2025 1081 2062 ubi
1103 2030 1315 2071 qvantum
1332 2025 1386 2062 ad
1404 2024 1637 2063 Cometam
1653 2026 1815 2067 attinet,

176 2078 432 2125 paucissimis
447 2083 487 2115 te
505 2078 694 2126 expedis,
711 2078 754 2116 id
770 2078 918 2116 saltem
935 2077 1139 2121 referens,
1157 2078 1283 2125 qvod,
1301 2089 1401 2115 cum
1418 2089 1482 2121 ea,
1500 2089 1597 2125 qvae
1613 2077 1700 2115 illic
1716 2088 1816 2115 con-

176 2132 379 2175 tinentur,
400 2131 618 2178 prioribus
633 2133 841 2175 nitantur,
860 2136 988 2178 atqve
1005 2143 1105 2169 cum
1121 2132 1173 2179 ijs
1190 2130 1426 2175 consistant,
1442 2130 1640 2178 pluribus
1656 2130 1731 2168 ista
1747 2142 1816 2168 ex-

178 2185 344 2231 qvirere
356 2196 448 2222 non
458 2184 621 2229 lubere,
639 2184 887 2223 existimans
898 2184 1007 2222 forte
1018 2190 1058 2222 te
1070 2186 1116 2222 in
1128 2184 1426 2222 convellendis
1437 2183 1654 2231 prioribus
1666 2183 1817 2221 nostris

177 2237 619 2284 comprobationibus,
642 2238 797 2285 qvibus
814 2238 1047 2276 Cometam
1063 2239 1109 2275 in
1125 2237 1284 2276 coelesti
1300 2238 1468 2275 mundo
1485 2237 1522 2275 &
1539 2248 1817 2284 neqvaqvam

176 2289 397 2329 sublunari
420 2291 592 2329 cursum
614 2291 740 2329 suum
764 2291 1004 2335 exercuisse,
1029 2291 1252 2329 evidenter
1273 2290 1310 2328 &
1330 2290 1616 2329 multifariam
1637 2290 1816 2328 demon-

176 2342 312 2387 stravi,
335 2343 434 2382 satis
451 2345 546 2392 jam
567 2350 643 2382 tuo
667 2344 812 2382 officio
835 2343 1045 2389 functum,
1069 2356 1155 2391 qvo
1175 2344 1491 2382 Aristotelicam
1514 2344 1770 2382 sententiam
1791 2355 1817 2381 a

176 2396 301 2435 nobis
318 2396 539 2444 explosam
555 2398 807 2441 restitueres,
825 2402 871 2435 ut
887 2409 978 2435 non
995 2409 1106 2445 opus
1122 2397 1180 2441 fit,
1198 2409 1250 2436 ea
1266 2409 1363 2445 qvae
1380 2399 1493 2435 circa
1510 2397 1708 2435 Cometae
1724 2408 1815 2434 mo-

175 2454 268 2487 tum
284 2450 525 2489 aethereum
543 2463 620 2498 per
636 2453 972 2489 convenientem
992 2450 1262 2499 hypothefin,
1285 2451 1467 2489 ulterius
1482 2453 1528 2488 in
1544 2450 1726 2488 modum
1743 2450 1814 2487 ad-

176 2503 392 2548 duximuS‚
414 2503 488 2542 sub
509 2504 843 2551 disqvifitionem
865 2504 1057 2551 aliqvam
1078 2516 1248 2542 vocare.
1270 2504 1436 2542 Verum
1456 2515 1524 2541 res
1544 2504 1671 2551 longe
1693 2503 1816 2592 aliter

281 2564 331 2589 56*
1794 2567 1815 2593 e
