2209 3213
566 213 1084 253 ANNOTATIONES
1106 214 1410 254 EDITORIS
1740 215 1808 252 515

165 317 511 349 commentationis
525 317 573 349 de
585 317 867 358 significatione
880 321 917 350 et
929 318 1134 351 effectibus
1150 319 1264 359 hujus
1281 321 1463 356 cometae,
1481 328 1570 358 quae
1587 318 1810 350 inscribitur

164 370 238 402 sic:
259 370 337 401 »De
348 370 467 401 Stella
484 370 657 409 quadam
670 370 843 402 Ascititia
861 371 1032 403 obscura
1048 372 1078 402 Sc
1095 371 1295 403 Nebulosa
1312 380 1401 411 quae
1418 371 1577 411 quidem
1593 380 1614 403 e
1631 371 1809 403 Cometa-

165 431 252 454 rum
274 431 414 463 genere
432 425 517 454 erat
532 423 601 454 sed
619 423 726 459 omni
742 424 871 455 cauda
887 424 1171 456 destituebatur
1187 433 1277 464 quae
1293 427 1508 464 conspecta
1525 427 1583 456 est
1600 424 1763 456 Octobri
1779 425 1808 456 8(

166 475 381 508 Nouembri
400 475 516 507 1585«.
541 475 627 507 Hac
648 478 783 507 tamen
804 476 1107 509 adumbratione
1123 477 1210 508 rudi
1226 480 1344 517 atque
1361 486 1505 509 manca
1521 477 1575 508 uti
1591 486 1671 509 non
1687 477 1809 517 potui-

164 538 263 560 mus.
284 528 414 566 Quam
429 537 525 560 vero
542 528 837 568 inscriptionem
853 529 1034 561 dedimus
1050 530 1088 560 in
1103 539 1262 561 summa
1278 539 1313 570 p.
1331 530 1407 567 408,
1425 530 1666 570 sumpsimus
1682 539 1702 562 e
1719 531 1806 562 cod.

166 581 303 613 1068927
321 581 387 613 fol.
412 581 473 612 11ν
493 581 625 622 (vacat
644 584 779 613 autem
799 581 865 613 fol.
890 582 971 623 Ur),
994 583 1099 621 quod
1120 582 1212 613 nihil
1234 583 1339 614 aliud
1360 583 1533 615 continet
1555 583 1627 615 nisi
1650 583 1809 623 inscrip-

162 634 310 666 tionem
331 634 449 666 nitide
470 634 709 674 descriptam
725 636 763 666 et
779 635 901 666 verba
921 635 1161 674 paucissima
1178 636 1226 667 de
1243 638 1400 667 cometa
1417 636 1502 667 Oct.
1521 636 1556 667 d.
1578 636 1616 667 18
1634 636 1807 676 primum

164 689 390 727 conspecto.

215 741 266 772 ad
282 749 317 780 p.
335 739 451 782 408‚10]
469 739 544 778 Qui
559 740 597 771 in
613 740 689 771 hac
706 740 847 780 pagina
863 740 1085 772 indicantur
1100 743 1270 773 cometae
1292 741 1452 781 positus,
1474 750 1552 773 non
1572 742 1705 782 utique
1725 742 1806 774 veri

161 796 262 832 sunt,
283 794 353 825 sed
373 793 568 825 accedunt
587 795 743 824 tantum
759 793 809 824 ad
825 801 958 831 veros3
980 794 1161 825 videntur
1179 802 1257 825 non
1274 803 1343 834 per
1359 795 1534 827 calculos
1549 795 1693 834 reperti
1709 803 1805 832 esse,

161 847 231 878 sed
250 846 367 887 globo
388 855 532 887 magno
553 846 742 886 inspecto.
768 846 849 877 Nec
870 848 1064 886 tempora,
1089 847 1139 877 ad
1162 855 1251 886 quae
1272 847 1516 885 exhibentur,
1541 848 1682 879 eadem
1704 851 1805 885 sunt.

162 909 252 940 quae
271 909 334 940 pp.
354 898 529 931 399—400
551 899 784 936 afferuntur;
806 899 837 930 si
858 908 953 931 vero
974 900 1074 931 ratio
1095 899 1264 931 habetur
1283 901 1409 940 spatii,
1431 909 1501 940 per
1521 901 1627 940 quod
1648 903 1806 932 cometa

160 955 292 985 motus
312 955 408 990 erat,
430 944 531 990 loca,
554 961 643 992 quae
664 955 832 992 utroque
853 953 942 984 loco
964 954 1001 983 et
1020 952 1057 983 in
1072 953 1208 984 tabula
1223 956 1319 985 tom.
1337 953 1388 984 VI
1405 963 1467 994 pp.
1485 954 1615 985 42vr-43
1632 954 1804 986 exhibita

159 1006 392 1043 indicantur,
414 1006 508 1037 satis
527 1006 627 1037 bene
642 1005 742 1037 inter
757 1014 799 1037 se
816 1005 1072 1037 concordant.
1092 1025 1130 1027 υ
1148 1006 1191 1037 In
1211 1006 1386 1047 margine
1404 1007 1551 1038 codicis
1566 1007 1700 1047 scripti
1716 1010 1806 1039 sunt

160 1069 223 1091 vv.
244 1059 383 1090 10-12.

212 1113 263 1144 ad
287 1122 323 1153 p.
349 1112 466 1154 409,17]
494 1112 656 1144 Numeri
681 1111 808 1143 codici
833 1112 984 1149 desunt,
1011 1112 1138 1152 spatio
1164 1121 1293 1144 vacuo
1320 1113 1472 1150 relicto;
1502 1113 1578 1144 vid.
1605 1116 1739 1144 tamen
1767 1122 1802 1153 p.

159 1166 265 1204 400‚³⁷
280 1175 364 1206 sqq.

212 1219 263 1251 ad
287 1228 323 1259 p.
349 1218 466 1261 409‚³³]
493 1219 535 1250 In
559 1219 640 1250 ima
664 1218 806 1258 pagina
829 1217 917 1249 haec
940 1217 1092 1257 praebet
1115 1218 1258 1249 codex:
1288 1218 1334 1249 »I.
1357 1218 1472 1256 Quod
1495 1219 1543 1250 sit
1565 1219 1804 1259 prodromus

159 1272 445 1304 coniunctionis
470 1271 671 1310 maximae,
698 1280 791 1303 nam
817 1270 1005 1311 inceperit
1027 1271 1065 1301 in
1088 1271 1224 1302 vltima
1248 1271 1407 1303 decuria
1431 1271 1467 1313 )(
1490 1272 1597 1303 iuxta
1621 1272 1804 1304 obserua-

157 1325 284 1357 tiones
299 1325 338 1357 in
354 1324 568 1357 Germania
585 1324 723 1362 factas,
741 1324 771 1355 δι
786 1324 960 1356 scribere
977 1333 1054 1364 quo
1072 1324 1133 1355 die
1149 1324 1179 1354 8ι
1196 1333 1351 1364 quare«.

212 1379 263 1410 ad
279 1387 314 1418 p.
332 1378 449 1420 410‚29]
466 1378 586 1410 Deest
609 1378 752 1418 »figura
773 1377 959 1409 transitus
977 1386 1047 1417 per
1063 1377 1330 1417 Eclipticam«;
1352 1378 1417 1409 illa
1441 1387 1526 1410 esse
1547 1378 1691 1417 debuit,
1713 1388 1802 1419 quae

158 1431 353 1463 invenitur
371 1440 406 1472 p.
423 1431 500 1463 406.

212 1485 263 1516 ad
278 1493 314 1525 p.
331 1484 448 1526 410‚³1]
466 1485 508 1515 In
525 1484 700 1524 margine
717 1483 865 1516 codicis
880 1483 1015 1524 scripti
1030 1486 1119 1515 sunt
1135 1493 1197 1515 vv.
1215 1483 1356 1515 31Q34.

212 1538 262 1569 ad
277 1547 313 1578 p.
331 1537 448 1579 412‚22]
466 1538 508 1568 In
524 1537 700 1578 margine
716 1537 864 1569 codicis
879 1536 1013 1576 scripti
1029 1539 1118 1568 sunt
1134 1545 1196 1568 vv.
1213 1537 1355 1569 22—25.

211 1591 262 1622 ad
278 1600 313 1631 p.
331 1590 448 1632 412‚³³]
465 1590 541 1622 vid.
559 1590 759 1622 Ptolemaei
776 1589 1031 1632 Quadripart.
1048 1590 1259 1629 interprete
1275 1590 1339 1621 Ph.
1358 1590 1611 1622 Melanthone
1627 1600 1662 1631 p.
1681 1591 1733 1622 76.

211 1644 262 1676 ad
277 1653 313 1684 p.
330 1644 439 1686 413‚³]
465 1644 507 1675 In
527 1643 703 1685 margine
724 1646 959 1676 annotatum
979 1645 1052 1674 est:
1078 1643 1194 1674 »Vide
1216 1643 1307 1683 quid
1328 1643 1531 1683 contigerit
1546 1646 1639 1675 tunc
1656 1644 1694 1675 in
1711 1644 1802 1675 Ger-

158 1697 325 1729 mania«.

210 1751 261 1782 ad
276 1759 312 1790 p.
330 1750 447 1792 413‚1f2]
464 1750 602 1790 Incipit
617 1750 679 1782 hic
697 1750 844 1782 codicis
864 1749 997 1781 1068911
1017 1749 1082 1781 fol.
1104 1749 1153 1786 1⁹,
1176 1750 1281 1789 quod
1299 1749 1443 1789 excipit
1463 1749 1527 1781 fol.
1549 1750 1599 1787 1‘3
1620 1749 1802 1781 videlicet

156 1804 357 1836 inversum
378 1806 436 1835 est
455 1803 533 1835 hoc
554 1803 702 1835 folium.
726 1823 766 1825 —
788 1803 831 1834 In
853 1802 1028 1843 margine
1049 1802 1112 1834 hic
1134 1805 1368 1834 annotatum
1389 1805 1461 1834 est:
1489 1802 1583 1834 »Hic
1606 1802 1801 1843 oportebit

156 1856 364 1889 verificare
379 1856 591 1897 regiones«.

192 1976 290 2020 AD
312 1975 874 2021 APOLOGETICAM
898 1975 1441 2020 RESPONSIONEM
1463 1975 1562 2019 AD
1586 1975 1768 2020 CRAI-

508 2047 673 2092 GUM
696 2046 990 2092 SCOTUM
1014 2047 1107 2091 DE
1130 2046 1452 2091 COMETIS.

209 2123 322 2154 Anno
349 2122 431 2154 1588
453 2123 685 2163 Tychonem
708 2122 801 2154 adiit
824 2122 883 2153 vir
906 2122 1083 2154 militaris
1107 2131 1153 2154 ac
1177 2130 1310 2154 rerum
1333 2121 1505 2153 civilium
1530 2121 1677 2161 peritus
1702 2121 1800 2153 bene

157 2178 272 2208 notus
287 2185 308 2208 e
325 2176 468 2214 Scotia,
486 2176 645 2208 nomine
662 2175 879 2207 Guilelmus
895 2175 1065 2207 Stewart
1080 2176 1128 2207 de
1146 2175 1340 2213 Houston,
1358 2175 1422 2214 qui
1439 2184 1462 2206 a
1478 2183 1567 2215 rege
1580 2174 1599 2212 J
1603 2175 1732 2206 acobo
1749 2174 1799 2205 VI

157 2229 362 2269 aliquoties
377 2229 417 2260 in
432 2229 602 2260 Daniam
618 2229 761 2260 missus
777 2231 846 2260 est.
865 2228 938 2260 Hic
951 2228 971 2266 J
975 2237 1147 2260 oannem
1164 2228 1357 2269 Craigum,
1375 2228 1583 2260 medicinae
1601 2227 1800 2267 quendam

156 2283 375 2319 doctorem,
402 2282 466 2322 qui
489 2282 698 2322 Edinburgi
719 2282 936 2318 habitabat,
958 2281 1136 2321 Tychoni
1159 2282 1464 2313 commendasse
1487 2281 1651 2318 videtur,
1676 2282 1713 2311 et
1735 2280 1801 2311 do-

157 2344 267 2367 mum
283 2338 484 2367 revertens
499 2335 706 2375 epistulam
718 2335 915 2374 Tychonis
932 2337 969 2366 et
985 2334 1070 2367 libri
1082 2334 1143 2365 De
1156 2334 1301 2366 Mundi
1312 2334 1404 2366 AEth
1411 2333 1496 2366 etei
1506 2342 1627 2365 recen
1634 2333 1800 2365 rioribus

156 2387 448 2420 Phaenomenis
472 2389 699 2429 exemplum
725 2389 863 2428 Craigo
889 2387 1126 2419 destinatum
1156 2396 1293 2420 secum
1318 2388 1413 2419 tulit.
1446 2387 1533 2419 Hoc
1559 2387 1798 2426 exemplum.

156 2441 262 2481 quod
286 2441 325 2473 in
349 2441 588 2473 bibliotheca
614 2441 886 2473 Universitatis
912 2440 1212 2481 Edinburgensis
1236 2441 1463 2472 etiamnunc
1493 2442 1730 2475 asservatur,
1762 2439 1798 2469 in

155 2494 283 2534 primo
299 2494 393 2526 folio
410 2494 608 2534 Tychonis
624 2503 745 2526 manu
765 2494 853 2526 haec
874 2502 957 2533 prae
973 2502 1015 2525 se
1032 2494 1120 2526 fert:
1147 2494 1391 2525 »Clarissimo
1409 2494 1437 2524 &
1454 2493 1564 2524 varia
1581 2492 1798 2524 excellenti-

262 2557 312 2583 65*
