2209 3213
557 203 1074 243 ANNOTATIONES
1095 203 1395 243 EDITORIS
1721 202 1797 240 503

155 310 202 340 sit
219 308 458 348 castiganda,
477 310 514 339 et
525 308 766 348 Copernicea
778 308 828 339 ad
839 308 1093 340 stabilitatem
1103 309 1235 340 Terrae
1247 308 1528 345 convertenda,
1545 307 1599 338 uti
1614 306 1734 338 etiam
1746 307 1798 338 in-

155 361 317 394 sinuasti
336 363 483 400 tuoque
503 361 558 392 sic
579 361 692 393 nobis
713 361 928 401 praeluxisti
948 362 1135 402 ingenio«.
1157 361 1206 392 At
1225 370 1316 393 cum
1332 361 1420 392 haec
1437 360 1602 400 epistula
1618 369 1697 392 non
1713 360 1797 400 ipsa

155 417 358 447 asservata
374 414 433 451 sit,
450 414 519 445 sed
536 415 763 454 exemplum
778 416 933 445 tanturn
946 414 1260 454 transscriptum,
1278 422 1356 445 non
1368 413 1476 445 deest
1487 413 1798 453 interpolationis

154 468 336 508 suspicio.
359 467 460 498 Nam
477 469 622 507 praeter
637 469 782 505 cetera,
799 476 889 506 quae
906 468 1119 504 attulimus,
1137 467 1243 498 haud
1260 466 1375 498 facile
1391 466 1497 498 credi
1513 469 1654 506 potest,
1671 466 1703 497 si
1714 466 1797 507 jam

156 524 245 552 ante
263 529 410 552 annum
430 520 513 551 1576
528 522 704 559 systema
721 520 993 560 excogitasset,
1015 520 1115 552 inter
1134 520 1330 551 acerrima
1347 520 1576 557 certamina,
1599 529 1688 559 quae
1706 528 1796 551 cum

156 574 339 605 Raimaro
357 573 459 605 Urso
475 573 661 611 habebat,
679 573 744 613 qui
759 573 842 613 ipse
857 573 962 605 idem
978 582 1064 605 sese
1080 573 1274 604 invenisse
1291 572 1567 610 contendebat,
1589 573 1674 604 fieri
1690 575 1798 613 potu-

154 627 242 664 isse,
259 629 301 657 ut
316 627 430 667 hujus
446 626 500 657 rei
517 635 737 665 numquam
754 627 996 658 mentionem
1007 626 1169 657 faceret.
1188 626 1370 657 Ceterum
1383 625 1431 657 cf.
1446 628 1578 657 annot.
1592 626 1643 657 ad
1654 635 1689 666 p.
1707 626 1798 663 l62,³

155 683 193 711 et
203 689 238 720 p.
251 679 367 716 388‚19‚
384 679 451 710 ubi
462 688 496 710 a.
513 678 595 710 1578
605 679 836 718 Tychonem
848 680 932 719 jam
944 687 992 711 eo
1004 687 1256 719 progressum
1269 686 1354 709 esse
1366 679 1739 716 demonstrabimus,
1756 682 1799 710 ut

156 732 396 764 Mercurium
413 734 451 763 et
466 732 661 763 Venerem
678 732 784 763 circa
801 732 932 763 Solem
949 732 1102 764 moveri
1118 732 1364 763 concederet.

209 786 259 817 ad
275 795 310 826 p.
332 785 445 827 l56‚14]
461 786 538 817 vid.
554 785 801 817 Archimedis
814 784 1043 816 Arenarius
1060 785 1099 827 ξς
1115 785 1213 816 4—6.

209 839 259 870 ad
274 848 310 879 p.
331 838 403 876 162,
412 839 436 880 ³]
460 838 596 878 Tycho
605 848 851 878 quamquam
861 838 938 870 hoc
948 839 1037 870 loco
1048 839 1096 870 de
1107 841 1217 870 motu

155 894 326 924 cometae
346 901 417 932 per
434 892 658 932 epicyclum
679 901 758 924 non
778 892 940 923 ulterius
961 892 1144 932 loquitur,
1167 892 1218 923 ni-

155 945 234 977 hilo
255 945 384 976 minus
401 945 449 976 de
464 945 532 976 tali
552 945 763 985 hypothesi
782 946 883 977 serio
901 945 1074 985 cogitare
1091 953 1218 985 coepe-

155 1000 226 1029 rat.
244 998 304 1029 Ad
319 998 440 1029 finem
455 998 779 1030 observationum
796 999 911 1039 hujus
927 1001 1109 1036 cornetae,
1127 1007 1216 1038 quae

154 1050 193 1082 in
209 1051 347 1083 codice
364 1051 580 1083 Hauniensi
596 1052 682 1083 Ant.
701 1052 794 1083 Coll.
813 1052 898 1092 Reg.
920 1051 1003 1083 1826
1023 1051 1062 1082 in
1079 1051 1119 1082 4⁰
1136 1060 1217 1083 om-

154 1112 223 1136 nes
238 1103 358 1144 ipsius
374 1114 495 1136 manu
512 1105 670 1145 scriptae
686 1105 946 1143 inveniuntur,
964 1104 1052 1136 haec
1068 1105 1217 1136 addidit

154 1157 234 1198 (fol.
252 1157 341 1199 36r):

210 1210 424 1251 »Inuestiga
449 1213 580 1242 vtrurn
606 1214 738 1243 motus
761 1211 936 1243 Cometae
962 1211 1038 1242 hac
1063 1211 1216 1243 ratione

154 1263 277 1304 possit
292 1264 483 1305 indagari:
506 1264 561 1295 Sit
576 1265 608 1295 A
623 1265 754 1302 Terra,
777 1265 804 1295 Β
820 1264 898 1302 Sol,
920 1264 1013 1295 FBE
1030 1264 1217 1296 eecentri-

154 1325 223 1349 cus
252 1317 410 1356 solaris,
445 1317 581 1349 CDFE
612 1318 718 1349 orbis
747 1318 854 1350 circa
884 1317 1023 1349 orbem
1053 1317 1216 1349 Veneris

154 1370 260 1402 circa
277 1370 409 1402 Solem
425 1371 656 1411 descriptus,
678 1371 732 1402 ita
748 1374 790 1402 vt
807 1371 1009 1411 epicyclus
1033 1371 1059 1411 ῼ
1083 1370 1214 1403 Solem

153 1424 443 1464 complectatur
472 1424 584 1464 quasi
618 1433 689 1464 pro
720 1427 868 1456 centro.
904 1424 1050 1456 Poteris
1080 1426 1214 1455 autem

153 1476 235 1508 eius
256 1477 362 1508 orbis
382 1477 692 1517 magnitudinem
713 1477 847 1509 rimari
869 1486 917 1509 ex
938 1477 1022 1517 ipso
1040 1479 1163 1514 motu,
1185 1477 1215 1508 81

152 1529 183 1561 si
199 1529 261 1561 hic
278 1539 358 1562 non
373 1530 586 1568 sufficeret,
609 1531 779 1562 addatur
795 1530 868 1571 ipsi
884 1530 1107 1571 epicyclum
1125 1530 1214 1568 GH,

152 1583 205 1614 ita
221 1585 262 1614 vt
278 1583 442 1615 Cometa
462 1586 673 1615 moueatur
693 1584 742 1615 ab
760 1584 795 1615 H
812 1584 851 1615 in
869 1584 901 1615 G
922 1593 969 1616 ea
990 1583 1153 1621 ratione,
1175 1586 1215 1614 vt

152 1636 247 1668 dum
268 1639 448 1668 centrum
468 1637 635 1677 epicycli
658 1637 827 1669 absoluit
850 1637 1056 1669 dimidium
1080 1637 1216 1669 circuli

152 1690 289 1721 DECF
305 1699 328 1721 a
344 1690 378 1721 D
390 1690 428 1721 in
440 1690 479 1728 C,
497 1690 661 1722 Cometa
675 1691 714 1721 in
725 1691 905 1731 epicyclo
922 1690 1099 1732 lon[gius]
1117 1690 1216 1732 p[ro-

151 1743 280 1785 ceda]t
300 1744 362 1775 vel
383 1743 484 1775 forte
505 1744 611 1783 quod
631 1744 679 1775 sit
699 1746 830 1776 motus
851 1743 1016 1784 aequalis
1036 1745 1098 1775 vel
1119 1752 1215 1775 sane

150 1797 309 1836 qualem
325 1797 392 1828 dat
407 1798 617 1829 calculus«.

203 1850 253 1881 ad
269 1859 305 1890 p.
326 1850 440 1892 l62‚³⁶]
452 1850 542 1888 Jam
558 1853 654 1882 tom.
673 1851 687 1882 I
705 1860 740 1891 p.
758 1851 898 1882 XXXV
911 1859 967 1890 sq.
986 1851 1214 1882 monuimus
1230 1850 1306 1882 hoc
1323 1851 1413 1883 loco
1429 1850 1602 1891 primum
1619 1854 1795 1884 astrono-

150 1912 260 1934 mum
283 1903 369 1935 fieri
391 1912 508 1943 posse
531 1904 665 1935 animo
688 1904 859 1941 finxisse,
885 1906 927 1935 ut
950 1913 1096 1944 corpus
1118 1904 1276 1936 caeleste
1299 1904 1336 1936 in
1360 1904 1487 1936 orbita
1510 1914 1589 1937 non
1612 1905 1795 1937 circulari

149 1959 388 1992 moveretur,
414 1965 487 1988 nec
510 1957 653 1988 diserte
676 1957 885 1994 addidisse,
910 1957 1018 1988 illam
1041 1957 1213 1989 orbitam
1236 1958 1506 1998 compluribus
1530 1958 1702 1990 motibus
1725 1959 1796 1990 cir-

150 2010 348 2041 cularibus
370 2012 548 2041 creatam
572 2019 669 2042 esse.
695 2010 896 2042 Deductus
917 2013 975 2042 est
995 2010 1163 2042 fortasse
1186 2010 1236 2041 ad
1258 2010 1361 2042 hanc
1385 2011 1678 2051 cogitationem,
1702 2020 1794 2044 curn

150 2062 288 2094 orbem
309 2063 590 2101 consideraret,
612 2072 730 2103 quem
746 2064 785 2095 in
800 2064 1000 2095 Ptolemaei
1020 2063 1175 2095 theoria
1196 2064 1380 2095 describit
1400 2067 1580 2096 centrum
1602 2065 1795 2105 epicyelo-

149 2124 237 2147 rum
262 2116 447 2148 Mercurii
469 2119 506 2147 et
530 2117 665 2154 Lunae,
691 2117 850 2157 qualem
873 2116 1077 2157 designant
1099 2117 1311 2156 scriptores
1334 2117 1520 2156 nonnulli,
1544 2120 1586 2149 ut
1609 2119 1795 2150 Erasmus

150 2168 386 2201 Reinholdus
401 2170 439 2201 in
456 2169 625 2202 editione
641 2170 727 2202 libri
742 2170 960 2207 Purbachii‚
978 2170 1043 2209 qui
1058 2169 1282 2201 inscribitur
1297 2170 1506 2203 Theoricae
1517 2179 1637 2203 novae
1648 2171 1796 2203 Plane-

151 2222 277 2253 tarum
295 2222 460 2264 (Parisiis
476 2223 572 2264 1558)
587 2223 653 2255 fol.
667 2223 737 2260 781,
755 2223 826 2254 etsi
842 2223 905 2254 hie
922 2231 964 2254 re
980 2231 1074 2254 vera
1092 2225 1149 2254 est
1164 2224 1338 2255 motibus
1353 2224 1610 2256 circularibus
1625 2227 1793 2257 creatus.

149 2275 203 2306 Cf.
222 2276 386 2316 Dreyer‚
403 2275 574 2316 History
588 2275 636 2307 of
646 2276 711 2307 the
729 2276 953 2316 Planetary
967 2275 1161 2315 systems
1176 2286 1212 2316 p.
1230 2277 1305 2308 274.

202 2329 252 2360 ad
268 2338 304 2369 p.
325 2328 439 2371 163,12]
456 2329 504 2360 cf.
522 2332 618 2361 tom.
637 2329 669 2360 II
687 2338 722 2369 p.
740 2329 834 2367 24³0,
852 2330 955 2361 unde
973 2332 1137 2369 apparet
1153 2338 1212 2367 ea,
1231 2339 1321 2370 quae
1336 2330 1399 2362 hic
1416 2330 1647 2367 afferuntur,
1665 2332 1796 2363 obser-

148 2382 371 2414 vationibus
387 2382 454 2413 niti
472 2391 505 2413 a.
527 2382 609 2414 1583
626 2382 752 2414 factis.
771 2382 967 2422 Scriptum
985 2385 1043 2414 est
1059 2382 1136 2414 hoc
1153 2386 1284 2423 caput,
1302 2386 1344 2414 ut
1358 2384 1541 2422 vidimus,
1558 2393 1592 2415 a.
1615 2384 1708 2416 1587.

202 2436 252 2467 ad
267 2444 303 2476 p.
325 2435 438 2477 182‚³⁶]
455 2435 504 2467 cf.
528 2435 764 2475 Landgravii
785 2435 950 2476 epistula
972 2436 1007 2467 d.
1034 2435 1073 2466 14
1093 2445 1144 2466 m.
1167 2436 1309 2475 Aprilis
1330 2447 1363 2468 a.
1390 2436 1473 2468 1586
1494 2438 1543 2469 ad
1563 2437 1793 2477 Tychonem

148 2488 240 2520 data
256 2490 366 2529 (torn.
384 2488 435 2520 VI
455 2498 490 2528 p.
507 2488 550 2519 48
566 2490 675 2528 sqq).
