2209 3213
359 211 435 249 376
851 206 934 244 DE
955 204 1181 244 MUNDI
1201 203 1503 243 AETHEREI

358 316 493 353 KLM
512 314 770 355 coincidunt,
788 313 1018 358 adaptatus
1035 312 1089 349 est
1106 313 1199 349 axis
1216 311 1396 358 quidam
1411 310 1624 348 rotundus
1636 310 1794 348 Zenith
1806 313 1997 358 capitum

358 369 596 415 respicienS‚
614 369 726 403 circa
743 377 873 412 quem
890 364 1028 402 fistula
1044 364 1184 402 ferrea
1200 364 1367 401 habens
1383 365 1429 400 in
1445 363 1639 400 inferiori
1650 370 1771 410 parte
1782 365 1908 402 binas
1920 365 1996 402 Re-

356 422 489 468 gulas,
512 421 583 457 fibi
605 422 796 456 inuicem
813 418 867 455 ad
885 418 1084 465 Angulos
1101 416 1253 454 Redlos
1270 416 1425 454 eodem
1447 418 1491 453 in
1512 416 1609 453 loco
1627 428 1715 463 quo
1736 416 1838 454 huic
1854 417 1997 455 canali

357 477 605 520 iunguntur,
633 472 869 518 copulatas,
896 471 1189 513 conuoluitur,
1216 470 1290 507 ubi
1313 469 1477 517 Regula
1499 470 1575 507 illa
1598 481 1698 516 quae
1721 470 1854 517 plano
1879 470 1997 516 Qua-

356 528 516 564 drantis
539 525 840 571 correspondet
862 524 931 570 (fic
953 526 1071 561 enim
1092 525 1243 560 omnia
1265 522 1470 569 exquifite
1490 523 1740 570 adaptanda
1755 523 1867 569 sunt)
1885 535 1937 561 ea
1952 525 1998 561 in

355 586 473 626 parte
492 591 578 625 qua
597 578 823 616 Circulum
835 576 1165 614 Azimuthalem
1182 576 1339 619 transit,
1357 575 1446 623 ipsa
1458 576 1698 613 Azimutha
1714 578 1918 623 utrinque
1934 579 1997 614 in-

354 633 477 669 dicat.
505 632 622 668 Huic
648 630 802 672 canali,
830 629 985 676 hisque
1011 630 1072 667 illi
1099 629 1424 666 adhaerentibus
1446 629 1618 676 Regulis
1643 629 1998 667 transuersalibus

355 686 616 731 adaptantur
637 690 825 730 quatuor
842 683 1112 729 Serpentinae
1133 682 1287 719 formae
1307 694 1329 719 e
1348 682 1462 719 ferro
1484 682 1732 726 elaboratae‚
1755 683 1886 729 idque
1907 694 1999 720 non

354 738 491 775 solum
509 742 688 774 ornatus
704 738 853 783 gratia,
875 736 944 773 sed
961 736 1099 773 multo
1116 737 1265 783 magis,
1287 741 1334 772 ut
1355 746 1602 773 concauum
1618 735 1702 772 hoc
1718 735 1882 773 serrum
1899 747 1998 773 cum

354 791 437 828 suis
454 790 731 827 inferioribus
744 789 917 836 Regulis
933 789 1103 826 firmius
1120 787 1391 832 connectam,
1410 788 1447 825 8(
1464 800 1554 826 una
1569 788 1684 826 ferro
1695 788 1905 835 superiori
1917 789 1998 827 CA

355 844 471 890 quod
502 843 643 880 eidem
674 842 817 880 canali
842 842 1026 880 affixum
1052 842 1356 888 Quadrantem
1386 841 1459 879 fibi
1489 842 1815 879 incumbentem
1844 847 1997 889 portat,

354 897 477 934 fulcri
495 896 590 933 loco
607 896 696 933 sint.
714 896 782 933 Ab
799 896 883 932 hoc
900 897 1031 933 etiam
1048 895 1192 932 canali
1207 895 1477 932 conuolubili
1490 894 1679 933 ascendit
1690 894 1810 932 aliud
1822 895 1997 939 ferrum,

355 950 471 996 quod
488 951 533 986 in
549 949 770 996 posteriori
787 948 1056 994 Quadrantis
1077 954 1197 995 parte
1217 948 1291 995 ipfi
1307 959 1383 995 per
1400 947 1673 985 cochleolam
1689 948 1914 995 quandam
1930 960 1998 986 co-

353 1003 540 1050 pulatur,
558 1014 645 1048 quo
663 1013 764 1039 eum
781 1002 879 1049 pedi
892 1001 1080 1039 uertibili
1091 1001 1272 1038 firmiter
1283 1001 1467 1039 affixum
1478 1007 1635 1039 teneat.
1653 1001 1999 1048 Repraesentatur

354 1062 501 1093 autem
518 1055 624 1092 illud
640 1055 804 1092 ferrum
820 1067 896 1101 per
912 1055 1240 1092 denotationem
1259 1055 1484 1101 quandam
1505 1053 1768 1102 punctorum
1790 1054 1859 1100 (eo
1880 1054 1998 1101 quod

354 1109 407 1146 ab
425 1109 561 1146 altera
578 1108 845 1154 Quadrantis
862 1114 982 1155 parte
999 1107 1147 1154 lateat)
1170 1107 1207 1145 8(
1228 1110 1273 1145 in
1293 1107 1502 1155 superiori
1523 1114 1644 1154 parte
1661 1108 1735 1145 ubi
1752 1107 1999 1153 Quadranti

353 1173 429 1208 per
449 1161 674 1199 cochleam
696 1159 854 1199 dictam
875 1163 1078 1208 iungitur,
1100 1162 1272 1198 literam
1288 1161 1333 1198 H
1351 1161 1599 1208 assignatam
1616 1161 1758 1198 habet.
1781 1161 1846 1198 Est
1867 1163 1998 1199 etiam

354 1214 533 1252 cochlea
556 1214 762 1261 quaedam
785 1215 839 1252 ad
863 1214 880 1251 I
903 1214 1049 1261 polita,
1074 1225 1174 1261 quae
1196 1213 1464 1260 Quadrantis
1487 1214 1616 1261 ipfius
1640 1214 1948 1260 ⁴aequilibrium,
1969 1213 1998 1251 fi

354 1268 456 1314 quid
473 1268 679 1305 minutuli
694 1269 784 1315 uitij
799 1279 875 1314 per
886 1267 926 1305 se
939 1269 1213 1309 contraxerit,
1231 1269 1413 1314 corrigit,
1432 1273 1476 1304 ut
1489 1278 1579 1304 non
1592 1278 1702 1314 opus
1715 1267 1760 1304 fit
1771 1266 1998 1305 inferiores

353 1321 656 1358 Horizontalis
673 1321 837 1358 Circuli
854 1320 1056 1358 cochleas
1072 1321 1234 1367 ubique
1250 1331 1444 1358 mouere.
1466 1321 1612 1367 Atque
1633 1320 1728 1357 haec
1750 1322 1863 1358 circa
1879 1320 1997 1367 Qua—

353 1374 515 1411 drantis
544 1374 672 1420 ipsius
698 1374 735 1411 8(
761 1373 1056 1411 Azimuthalis
1082 1373 1246 1411 Circuli
1270 1373 1555 1411 sustentacula
1585 1372 1622 1410 8(
1652 1374 1998 1411 combinationes

353 1427 612 1464 sufficienter
632 1426 743 1465 dieta
763 1427 853 1464 fint.
876 1427 1047 1473 Quibus
1067 1427 1227 1464 addere
1248 1432 1416 1474 oportet
1436 1426 1671 1464 scabellum
1692 1426 1915 1473 quoddam
1934 1429 1996 1464 in-

352 1482 484 1518 terius
500 1480 696 1527 positum,
712 1480 749 1518 8(
763 1492 840 1527 per
852 1480 891 1526 Q
900 1480 968 1518 RS
980 1480 1232 1524 indicatum,
1246 1482 1291 1517 in
1304 1491 1392 1527 quo
1403 1478 1515 1518 faeta
1528 1479 1843 1518 Obseruatione
1855 1479 1996 1524 statur,

353 1533 530 1580 quando
540 1530 839 1583 Altitu-ssdines
851 1545 927 1580 per
937 1533 1148 1580 Regulam
1158 1533 1432 1580 Dioptricam
1443 1535 1489 1570 in
1499 1532 1767 1579 Quadrantis
1779 1533 1995 1571 diuifioni-

352 1587 432 1624 bus
453 1587 666 1630 indicatae,
688 1587 977 1624 numerandae
998 1588 1195 1624 ueniunt.
1217 1586 1301 1624 Sed
1320 1586 1696 1633 quemadmodum
1713 1586 1764 1623 de
1781 1586 1997 1624 Sextantis

353 1639 639 1677 Instrumento
657 1642 777 1686 prius
794 1640 893 1683 dixi,
915 1639 1011 1677 haec
1028 1641 1178 1677 omnia
1195 1651 1247 1677 ex
1264 1645 1427 1677 attenta
1443 1639 1475 1676 F
1477 1641 1613 1686 igurae
1630 1638 1892 1686 inspectione
1908 1651 1995 1677 me-

352 1692 436 1729 lius
453 1692 771 1740 dignoscuntur,
788 1693 1022 1740 plenissime
1039 1704 1146 1730 uero
1162 1704 1238 1739 per
1253 1692 1383 1740 ipsius
1396 1692 1668 1730 Instrumenti
1682 1691 1995 1730 traetationem.

406 1746 632 1792 Explicaui
649 1758 766 1783 nunc
778 1747 866 1784 duo
878 1746 953 1784 illa
965 1746 1144 1793 Organa
1155 1746 1470 1789 Astronomica‚
1488 1745 1646 1792 quibus
1657 1747 1703 1783 in
1714 1745 1798 1783 hoc
1810 1745 1997 1784 Cometa

352 1798 449 1836 vsus
465 1799 568 1836 sum.
587 1799 695 1837 Sunt
711 1805 859 1837 tamen
876 1811 927 1837 ea
944 1799 1033 1847 ipsa
1044 1799 1188 1847 postea
1200 1811 1226 1837 a
1237 1811 1307 1836 me
1319 1801 1559 1846 antiquata,
1576 1801 1733 1846 partim
1746 1799 1863 1846 quod
1877 1799 1995 1845 Qua—

353 1852 483 1889 drans
499 1852 570 1889 iste
587 1852 692 1889 iusto
709 1855 853 1890 minor
870 1853 974 1897 esset,
992 1853 1029 1890 8(
1046 1853 1101 1890 ob
1113 1853 1156 1890 id
1167 1854 1338 1890 minuta
1349 1852 1514 1900 singula
1525 1852 1741 1900 graduum
1752 1854 1883 1890 nimis
1895 1864 1994 1890 con-

352 1904 584 1952 stringeret:
608 1905 645 1942 8(
666 1905 849 1943 Sextans
870 1908 1002 1943 etiam
1022 1917 1098 1952 per
1116 1911 1176 1943 tot
1192 1905 1393 1952 requisita
1409 1917 1501 1943 non
1516 1905 1613 1943 satis
1631 1906 1827 1953 expedite
1844 1907 1889 1943 in
1905 1905 1994 1953 pla-

352 1970 459 1994 num
476 1959 663 1996 duarum
676 1958 908 1996 Stellarum
920 1959 1233 2006 disponeretur:
1250 1961 1408 2006 partim
1420 1960 1525 2005 quia
1535 1958 1680 2005 postea
1690 1961 1735 1996 in
1748 1958 1845 2006 alijs
1856 1958 1994 1996 multo

352 2011 591 2048 maioribus
608 2011 645 2048 &
662 2011 949 2050 exac‘tioribus
962 2012 1269 2056 InstrumentiS,
1287 2012 1633 2049 commodiorem
1646 2011 1683 2049 8(
1694 2010 1994 2058 perfectiorem

353 2063 624 2101 Obseruandi
641 2066 855 2102 rationem
871 2066 1189 2102 adinuenerim.
1208 2065 1326 2103 Nam
1342 2067 1454 2102 inter
1468 2064 1704 2102 Machinas
1719 2076 1841 2102 meas
1852 2065 1993 2102 Astro-

352 2119 560 2160 nomicas,
578 2129 687 2163 quas
704 2120 792 2155 iarn
809 2130 994 2155 numero
1011 2120 1173 2166 viginti,
1190 2120 1385 2155 maxima
1402 2118 1635 2165 diligentia,
1657 2129 1736 2155 nec
1752 2118 1995 2156 minoribus

351 2169 559 2207 sumtibus
581 2170 837 2213 elaboratas,
859 2171 914 2208 ad
935 2171 1063 2209 instar
1078 2171 1290 2209 Thesauri
1311 2172 1504 2208 rarissimi
1522 2171 1677 2214 habeo,
1700 2176 1888 2218 quatuor
1908 2170 1996 2208 alia

352 2222 637 2260 Instrumenta
659 2224 1021 2270 quadricubitalia
1044 2225 1081 2261 8(
1106 2224 1421 2271 quincubitalia
1443 2226 1743 2268 inueniuntur,
1767 2235 1866 2271 quae
1888 2224 1994 2261 Alti-

351 2275 523 2312 tudines
546 2281 660 2313 ratas
684 2278 728 2313 in
751 2277 947 2323 aliquota
969 2280 1127 2315 minuti
1150 2282 1270 2324 parte
1295 2277 1512 2321 exhibent,
1537 2277 1574 2314 8(
1597 2283 1721 2315 terna
1744 2289 1797 2314 ex
1819 2277 1887 2314 his
1908 2289 1995 2315 vna

351 2328 591 2366 Azimutha
612 2330 866 2375 expeditiori
888 2330 1176 2367 reuolutionis
1193 2330 1455 2377 compendio
1472 2331 1527 2368 ad
1544 2331 1739 2368 amussim
1755 2330 1993 2368 ostendunt.

351 2381 577 2418 Sextantes
588 2384 718 2419 etiam
730 2388 917 2429 quatuor
926 2383 1053 2430 longe
1063 2384 1187 2421 aliter
1196 2383 1418 2427 formatos,
1427 2383 1465 2420 8(
1475 2383 1841 2430 quadricubitales
1851 2383 1995 2430 postea

352 2433 445 2471 fieri
456 2437 620 2478 curaui,
633 2437 707 2481 qui
718 2436 1063 2482 intercapedines
1073 2436 1305 2474 Stellarum
1314 2437 1453 2474 multo
1463 2436 1657 2474 subtilius
1666 2439 1881 2474 rimantur
1889 2448 1994 2474 vna-

352 2498 435 2533 que
452 2486 762 2525 tractabiliores
777 2490 821 2525 in
837 2488 983 2526 fulcris
995 2489 1082 2526 alio
1096 2492 1226 2527 etiam
1238 2490 1370 2526 modo
1383 2490 1606 2533 ordinatis,
1624 2489 1817 2527 existunt.
1829 2489 1995 2527 Verum

1903 2548 1992 2580 tam

2039 801 2069 826 10

2039 1066 2069 1091 15

2036 1332 2070 1357 20

2021 1540 2085 1572 465

2034 1600 2068 1624 25

2033 1865 2066 1891 30

2034 2131 2066 2156 35

2032 2396 2066 2421 40
