<?xml version="1.0" encoding="UTF-8"?>
<!DOCTYPE html PUBLIC "-//W3C//DTD XHTML 1.0 Transitional//EN"
    "http://www.w3.org/TR/xhtml1/DTD/xhtml1-transitional.dtd">
<html xmlns="http://www.w3.org/1999/xhtml" xml:lang="en" lang="en">
 <head>
  <title>
</title>
<meta http-equiv="Content-Type" content="text/html;charset=utf-8" />
  <meta name='ocr-system' content='tesseract 3.04.00' />
  <meta name='ocr-capabilities' content='ocr_page ocr_carea ocr_par ocr_line ocrx_word'/>
</head>
<body>
  <div class='ocr_page' id='page_1' title='image "./operaomniaedidit04brahuoft/operaomniaedidit04brahuoft_0129.png"; bbox 0 0 2209 3213; ppageno 0'>
   <div class='ocr_carea' id='block_1_1' title="bbox 497 187 1817 227">
    <p class='ocr_par' dir='ltr' id='par_1_1' title="bbox 497 187 1817 227">
     <span class='ocr_line' id='line_1_1' title="bbox 497 187 1817 227; baseline -0.002 -2"><span class='ocrx_word' id='word_1_1' title='bbox 497 187 1018 227; x_wconf 90' lang='lat' dir='ltr'><strong>RECENTIORIBUS</strong></span> <span class='ocrx_word' id='word_1_2' title='bbox 1040 188 1495 226; x_wconf 89' lang='lat' dir='ltr'><strong>PHAENOMENIS</strong></span> <span class='ocrx_word' id='word_1_3' title='bbox 1761 187 1817 223; x_wconf 93' lang='lat'>117</span> 
     </span>
    </p>
   </div>
   <div class='ocr_carea' id='block_1_2' title="bbox 93 293 1819 723">
    <p class='ocr_par' dir='ltr' id='par_1_2' title="bbox 177 293 1818 340">
     <span class='ocr_line' id='line_1_2' title="bbox 177 293 1818 340; baseline -0.002 -8"><span class='ocrx_word' id='word_1_4' title='bbox 177 294 330 337; x_wconf 90' lang='lat' dir='ltr'>Borea,</span> <span class='ocrx_word' id='word_1_5' title='bbox 348 294 461 331; x_wconf 92' lang='lat' dir='ltr'>vnde</span> <span class='ocrx_word' id='word_1_6' title='bbox 479 293 851 340; x_wconf 87' lang='lat' dir='ltr'>complementum</span> <span class='ocrx_word' id='word_1_7' title='bbox 867 297 960 332; x_wconf 89' lang='lat' dir='ltr'>eius</span> <span class='ocrx_word' id='word_1_8' title='bbox 978 295 1069 338; x_wconf 86' lang='lat' dir='ltr'>BC,</span> <span class='ocrx_word' id='word_1_9' title='bbox 1087 297 1164 333; x_wconf 90' lang='lat' dir='ltr'>erit</span> <span class='ocrx_word' id='word_1_10' title='bbox 1182 295 1222 331; x_wconf 93' lang='lat' dir='ltr'><strong>P.</strong></span> <span class='ocrx_word' id='word_1_11' title='bbox 1236 295 1298 332; x_wconf 88' lang='lat'>82.</span> <span class='ocrx_word' id='word_1_12' title='bbox 1317 294 1379 332; x_wconf 90' lang='lat' dir='ltr'>M.</span> <span class='ocrx_word' id='word_1_13' title='bbox 1397 294 1464 340; x_wconf 85' lang='lat'>52)</span> <span class='ocrx_word' id='word_1_14' title='bbox 1481 304 1669 340; x_wconf 90' lang='lat' dir='ltr'>cumque</span> <span class='ocrx_word' id='word_1_15' title='bbox 1686 294 1732 330; x_wconf 92' lang='lat' dir='ltr'>in</span> <span class='ocrx_word' id='word_1_16' title='bbox 1749 303 1818 330; x_wconf 91' lang='lat' dir='ltr'>eo-</span> 
     </span>
    </p>

    <p class='ocr_par' dir='ltr' id='par_1_3' title="bbox 93 342 1819 396">
     <span class='ocr_line' id='line_1_3' title="bbox 93 342 1819 396; baseline -0.002 -10"><span class='ocrx_word' id='word_1_17' title='bbox 93 354 153 386; x_wconf 83' lang='lat'>136</span> <span class='ocrx_word' id='word_1_18' title='bbox 177 347 277 385; x_wconf 91' lang='lat' dir='ltr'>dem</span> <span class='ocrx_word' id='word_1_19' title='bbox 301 346 541 394; x_wconf 89' lang='lat' dir='ltr'>Triangulo</span> <span class='ocrx_word' id='word_1_20' title='bbox 569 347 693 384; x_wconf 91' lang='lat' dir='ltr'>detur</span> <span class='ocrx_word' id='word_1_21' title='bbox 718 348 920 394; x_wconf 85' lang='lat' dir='ltr'>Angulus</span> <span class='ocrx_word' id='word_1_22' title='bbox 946 347 1085 392; x_wconf 68' lang='grc' dir='ltr'>ΕΑΒ,</span> <span class='ocrx_word' id='word_1_23' title='bbox 1116 348 1319 386; x_wconf 92' lang='lat' dir='ltr'>addendo</span> <span class='ocrx_word' id='word_1_24' title='bbox 1344 347 1542 385; x_wconf 91' lang='lat' dir='ltr'>videlicet</span> <span class='ocrx_word' id='word_1_25' title='bbox 1568 342 1582 396; x_wconf 93' lang='grc' dir='ltr'>ΙΙ</span> <span class='ocrx_word' id='word_1_26' title='bbox 1607 344 1819 383; x_wconf 88' lang='lat' dir='ltr'>Azimuth</span> 
     </span>
    </p>

    <p class='ocr_par' dir='ltr' id='par_1_4' title="bbox 176 398 1818 447">
     <span class='ocr_line' id='line_1_4' title="bbox 176 398 1818 447; baseline -0.001 -10"><span class='ocrx_word' id='word_1_27' title='bbox 176 400 328 438; x_wconf 91' lang='lat' dir='ltr'>datum</span> <span class='ocrx_word' id='word_1_28' title='bbox 349 400 404 437; x_wconf 90' lang='lat' dir='ltr'>ad</span> <span class='ocrx_word' id='word_1_29' title='bbox 425 399 729 446; x_wconf 87' lang='lat' dir='ltr'>Quadrantem</span> <span class='ocrx_word' id='word_1_30' title='bbox 751 400 928 444; x_wconf 89' lang='lat' dir='ltr'>Circuli,</span> <span class='ocrx_word' id='word_1_31' title='bbox 950 401 992 438; x_wconf 90' lang='lat' dir='ltr'>P.</span> <span class='ocrx_word' id='word_1_32' title='bbox 1011 401 1090 439; x_wconf 91' lang='lat'>143.</span> <span class='ocrx_word' id='word_1_33' title='bbox 1108 401 1171 438; x_wconf 93' lang='lat' dir='ltr'>M.</span> <span class='ocrx_word' id='word_1_34' title='bbox 1189 401 1251 444; x_wconf 87' lang='lat'>40,</span> <span class='ocrx_word' id='word_1_35' title='bbox 1273 400 1445 438; x_wconf 90' lang='lat' dir='ltr'>dabitur</span> <span class='ocrx_word' id='word_1_36' title='bbox 1465 411 1541 447; x_wconf 88' lang='lat' dir='ltr'>per</span> <span class='ocrx_word' id='word_1_37' title='bbox 1561 398 1818 446; x_wconf 88' lang='lat' dir='ltr'>Triangulo-</span> 
     </span>
    </p>

    <p class='ocr_par' dir='ltr' id='par_1_5' title="bbox 176 451 1818 501">
     <span class='ocr_line' id='line_1_5' title="bbox 176 451 1818 501; baseline -0.001 -10"><span class='ocrx_word' id='word_1_38' title='bbox 176 464 274 491; x_wconf 87' lang='lat' dir='ltr'>rum</span> <span class='ocrx_word' id='word_1_39' title='bbox 300 453 605 490; x_wconf 89' lang='lat' dir='ltr'>Rotundorum</span> <span class='ocrx_word' id='word_1_40' title='bbox 630 453 813 496; x_wconf 87' lang='lat' dir='ltr'>decreta,</span> <span class='ocrx_word' id='word_1_41' title='bbox 842 453 1029 491; x_wconf 89' lang='lat' dir='ltr'>resoluto</span> <span class='ocrx_word' id='word_1_42' title='bbox 1054 454 1130 491; x_wconf 94' lang='lat' dir='ltr'>illo</span> <span class='ocrx_word' id='word_1_43' title='bbox 1154 453 1393 501; x_wconf 87' lang='lat' dir='ltr'>Triangulo</span> <span class='ocrx_word' id='word_1_44' title='bbox 1419 455 1464 490; x_wconf 93' lang='lat' dir='ltr'>in</span> <span class='ocrx_word' id='word_1_45' title='bbox 1491 451 1818 499; x_wconf 61' lang='lat' dir='ltr'>Reffiangulum,</span> 
     </span>
    </p>

    <p class='ocr_par' dir='ltr' id='par_1_6' title="bbox 126 504 1819 553">
     <span class='ocr_line' id='line_1_6' title="bbox 126 504 1819 553; baseline -0.001 -10"><span class='ocrx_word' id='word_1_46' title='bbox 126 519 138 543; x_wconf 82' lang='lat'>5</span> <span class='ocrx_word' id='word_1_47' title='bbox 176 506 310 544; x_wconf 94' lang='lat' dir='ltr'>Latus</span> <span class='ocrx_word' id='word_1_48' title='bbox 320 505 415 549; x_wconf 88' lang='lat' dir='ltr'>AC,</span> <span class='ocrx_word' id='word_1_49' title='bbox 428 506 470 543; x_wconf 91' lang='lat' dir='ltr'><strong>P.</strong></span> <span class='ocrx_word' id='word_1_50' title='bbox 483 505 546 543; x_wconf 91' lang='lat'><strong>53.</strong></span> <span class='ocrx_word' id='word_1_51' title='bbox 560 505 623 543; x_wconf 90' lang='lat' dir='ltr'>M.</span> <span class='ocrx_word' id='word_1_52' title='bbox 635 506 698 549; x_wconf 85' lang='lat'>49,</span> <span class='ocrx_word' id='word_1_53' title='bbox 712 506 1083 553; x_wconf 87' lang='lat' dir='ltr'>complementum</span> <span class='ocrx_word' id='word_1_54' title='bbox 1095 507 1362 549; x_wconf 89' lang='lat' dir='ltr'>Altitudinis‚</span> <span class='ocrx_word' id='word_1_55' title='bbox 1375 506 1492 553; x_wconf 92' lang='lat' dir='ltr'>quod</span> <span class='ocrx_word' id='word_1_56' title='bbox 1505 505 1566 543; x_wconf 79' lang='lat' dir='ltr'>isti</span> <span class='ocrx_word' id='word_1_57' title='bbox 1578 504 1819 542; x_wconf 91' lang='lat' dir='ltr'>Azimutho</span> 
     </span>
    </p>

    <p class='ocr_par' dir='ltr' id='par_1_7' title="bbox 175 557 1819 607">
     <span class='ocr_line' id='line_1_7' title="bbox 175 557 1819 607; baseline -0.001 -11"><span class='ocrx_word' id='word_1_58' title='bbox 175 561 222 596; x_wconf 90' lang='lat' dir='ltr'>in</span> <span class='ocrx_word' id='word_1_59' title='bbox 237 558 312 596; x_wconf 88' lang='lat' dir='ltr'>tali</span> <span class='ocrx_word' id='word_1_60' title='bbox 329 558 523 606; x_wconf 85' lang='lat' dir='ltr'>Sphaerae</span> <span class='ocrx_word' id='word_1_61' title='bbox 540 558 630 601; x_wconf 79' lang='lat' dir='ltr'>fitu.</span> <span class='ocrx_word' id='word_1_62' title='bbox 647 559 685 596; x_wconf 99' lang='grc'>8(</span> <span class='ocrx_word' id='word_1_63' title='bbox 702 558 784 596; x_wconf 92' lang='lat' dir='ltr'>hac</span> <span class='ocrx_word' id='word_1_64' title='bbox 800 559 1108 607; x_wconf 87' lang='lat' dir='ltr'>praesuppofita</span> <span class='ocrx_word' id='word_1_65' title='bbox 1123 560 1427 601; x_wconf 84' lang='lat' dir='ltr'>declinatione,</span> <span class='ocrx_word' id='word_1_66' title='bbox 1446 558 1698 599; x_wconf 83' lang='lat' dir='ltr'>debebatur:</span> <span class='ocrx_word' id='word_1_67' title='bbox 1716 563 1758 595; x_wconf 91' lang='lat' dir='ltr'>vt</span> <span class='ocrx_word' id='word_1_68' title='bbox 1774 557 1819 595; x_wconf 87' lang='lat' dir='ltr'>fit</span> 
     </span>
    </p>

    <p class='ocr_par' dir='ltr' id='par_1_8' title="bbox 176 611 1819 723">
     <span class='ocr_line' id='line_1_8' title="bbox 176 611 1819 660; baseline -0.001 -11"><span class='ocrx_word' id='word_1_69' title='bbox 176 611 358 650; x_wconf 87' lang='lat' dir='ltr'>altitudo</span> <span class='ocrx_word' id='word_1_70' title='bbox 374 611 474 659; x_wconf 91' lang='lat' dir='ltr'>ipsa,</span> <span class='ocrx_word' id='word_1_71' title='bbox 492 611 535 648; x_wconf 91' lang='lat' dir='ltr'>P.</span> <span class='ocrx_word' id='word_1_72' title='bbox 548 611 609 649; x_wconf 81' lang='lat'>36.</span> <span class='ocrx_word' id='word_1_73' title='bbox 626 612 688 649; x_wconf 89' lang='lat' dir='ltr'>M.</span> <span class='ocrx_word' id='word_1_74' title='bbox 703 612 746 653; x_wconf 88' lang='lat' dir='ltr'>ll,</span> <span class='ocrx_word' id='word_1_75' title='bbox 764 624 852 649; x_wconf 92' lang='lat' dir='ltr'>vno</span> <span class='ocrx_word' id='word_1_76' title='bbox 868 612 1017 650; x_wconf 92' lang='lat' dir='ltr'>saltem</span> <span class='ocrx_word' id='word_1_77' title='bbox 1033 613 1234 660; x_wconf 89' lang='lat' dir='ltr'>scrupulo</span> <span class='ocrx_word' id='word_1_78' title='bbox 1251 612 1439 650; x_wconf 81' lang='lat' dir='ltr'>nostram</span> <span class='ocrx_word' id='word_1_79' title='bbox 1457 611 1819 649; x_wconf 85' lang='lat' dir='ltr'>Obseruationem</span> 
     </span>
     <span class='ocr_line' id='line_1_9' title="bbox 177 675 1041 723; baseline 0 -21"><span class='ocrx_word' id='word_1_80' title='bbox 177 675 434 712; x_wconf 77' lang='lat' dir='ltr'>exuperans,</span> <span class='ocrx_word' id='word_1_81' title='bbox 978 682 1041 723; x_wconf 61' lang='lat' dir='ltr'><strong><em>A</em></strong></span> 
     </span>
    </p>
   </div>
   <div class='ocr_carea' id='block_1_3' title="bbox 796 742 1296 943">
    <p class='ocr_par' dir='ltr' id='par_1_9' title="bbox 796 739 1296 1079">
     <span class='ocr_line' id='line_1_10' title="bbox 796 742 1296 943; baseline -0.002 -151"><span class='ocrx_word' id='word_1_82' title='bbox 796 742 1296 943; x_wconf 78' lang='lat'><strong>.</strong></span> 
     </span>
    </p>
   </div>
   <div class='ocr_carea' id='block_1_4' title="bbox 90 1779 1822 2562">
    <p class='ocr_par' dir='ltr' id='par_1_10' title="bbox 228 1779 1821 1828">
     <span class='ocr_line' id='line_1_11' title="bbox 228 1779 1821 1828; baseline -0.001 -9"><span class='ocrx_word' id='word_1_83' title='bbox 228 1782 326 1819; x_wconf 90' lang='lat' dir='ltr'>Pari</span> <span class='ocrx_word' id='word_1_84' title='bbox 347 1783 517 1818; x_wconf 90' lang='lat' dir='ltr'>ratione</span> <span class='ocrx_word' id='word_1_85' title='bbox 538 1782 583 1817; x_wconf 92' lang='lat' dir='ltr'>in</span> <span class='ocrx_word' id='word_1_86' title='bbox 604 1780 741 1818; x_wconf 90' lang='lat' dir='ltr'>altero</span> <span class='ocrx_word' id='word_1_87' title='bbox 762 1780 1002 1828; x_wconf 89' lang='lat' dir='ltr'>Triangulo</span> <span class='ocrx_word' id='word_1_88' title='bbox 1022 1780 1167 1823; x_wconf 88' lang='lat' dir='ltr'>ABD,</span> <span class='ocrx_word' id='word_1_89' title='bbox 1190 1782 1294 1827; x_wconf 89' lang='lat' dir='ltr'>quia</span> <span class='ocrx_word' id='word_1_90' title='bbox 1315 1781 1442 1818; x_wconf 90' lang='lat' dir='ltr'>datur</span> <span class='ocrx_word' id='word_1_91' title='bbox 1462 1780 1544 1817; x_wconf 87' lang='lat' dir='ltr'>AB</span> <span class='ocrx_word' id='word_1_92' title='bbox 1565 1786 1608 1817; x_wconf 88' lang='lat' dir='ltr'>vt</span> <span class='ocrx_word' id='word_1_93' title='bbox 1629 1782 1760 1827; x_wconf 86' lang='lat' dir='ltr'>prius,</span> <span class='ocrx_word' id='word_1_94' title='bbox 1783 1779 1821 1816; x_wconf 88' lang='grc'>8(</span> 
     </span>
    </p>

    <p class='ocr_par' dir='ltr' id='par_1_11' title="bbox 109 1832 1821 2093">
     <span class='ocr_line' id='line_1_12' title="bbox 109 1832 1819 1881; baseline 0 -11"><span class='ocrx_word' id='word_1_95' title='bbox 109 1846 138 1870; x_wconf 80' lang='grc' dir='ltr'>ιο</span> <span class='ocrx_word' id='word_1_96' title='bbox 176 1834 260 1872; x_wconf 89' lang='lat' dir='ltr'>BD</span> <span class='ocrx_word' id='word_1_97' title='bbox 284 1834 656 1881; x_wconf 89' lang='lat' dir='ltr'>complementum</span> <span class='ocrx_word' id='word_1_98' title='bbox 680 1833 983 1871; x_wconf 87' lang='lat' dir='ltr'>declinationis</span> <span class='ocrx_word' id='word_1_99' title='bbox 1006 1845 1124 1871; x_wconf 92' lang='lat' dir='ltr'>nunc</span> <span class='ocrx_word' id='word_1_100' title='bbox 1148 1833 1201 1871; x_wconf 83' lang='lat' dir='ltr'>est</span> <span class='ocrx_word' id='word_1_101' title='bbox 1225 1833 1267 1871; x_wconf 91' lang='lat' dir='ltr'><strong>P.</strong></span> <span class='ocrx_word' id='word_1_102' title='bbox 1289 1833 1351 1871; x_wconf 81' lang='lat'><strong>82.</strong></span> <span class='ocrx_word' id='word_1_103' title='bbox 1377 1833 1439 1871; x_wconf 95' lang='lat' dir='ltr'>M.</span> <span class='ocrx_word' id='word_1_104' title='bbox 1460 1833 1510 1871; x_wconf 89' lang='lat'>48</span> <span class='ocrx_word' id='word_1_105' title='bbox 1532 1833 1653 1879; x_wconf 89' lang='lat' dir='ltr'>(nam</span> <span class='ocrx_word' id='word_1_106' title='bbox 1677 1832 1819 1870; x_wconf 87' lang='lat' dir='ltr'>Decli-</span> 
     </span>
     <span class='ocr_line' id='line_1_13' title="bbox 173 1885 1819 1934; baseline -0.002 -8"><span class='ocrx_word' id='word_1_107' title='bbox 173 1889 292 1926; x_wconf 92' lang='lat' dir='ltr'>natio</span> <span class='ocrx_word' id='word_1_108' title='bbox 314 1886 548 1925; x_wconf 90' lang='lat' dir='ltr'>interuallo</span> <span class='ocrx_word' id='word_1_109' title='bbox 570 1886 799 1924; x_wconf 88' lang='lat' dir='ltr'>Horarum</span> <span class='ocrx_word' id='word_1_110' title='bbox 816 1886 874 1929; x_wconf 55' lang='lat'>23,</span> <span class='ocrx_word' id='word_1_111' title='bbox 898 1886 1111 1924; x_wconf 89' lang='lat' dir='ltr'>crescebat</span> <span class='ocrx_word' id='word_1_112' title='bbox 1131 1889 1176 1924; x_wconf 91' lang='lat' dir='ltr'>in</span> <span class='ocrx_word' id='word_1_113' title='bbox 1198 1886 1385 1925; x_wconf 89' lang='lat' dir='ltr'>Cometa</span> <span class='ocrx_word' id='word_1_114' title='bbox 1405 1887 1428 1924; x_wconf 91' lang='lat'>4</span> <span class='ocrx_word' id='word_1_115' title='bbox 1450 1886 1672 1934; x_wconf 83' lang='lat' dir='ltr'>scrupulis,</span> <span class='ocrx_word' id='word_1_116' title='bbox 1694 1891 1736 1923; x_wconf 93' lang='lat' dir='ltr'>vt</span> <span class='ocrx_word' id='word_1_117' title='bbox 1757 1885 1819 1923; x_wconf 92' lang='lat' dir='ltr'>su-</span> 
     </span>
     <span class='ocr_line' id='line_1_14' title="bbox 173 1939 1820 1988; baseline -0.001 -10"><span class='ocrx_word' id='word_1_118' title='bbox 173 1942 320 1988; x_wconf 86' lang='lat' dir='ltr'>perius</span> <span class='ocrx_word' id='word_1_119' title='bbox 337 1941 492 1988; x_wconf 88' lang='lat' dir='ltr'>Capite</span> <span class='ocrx_word' id='word_1_120' title='bbox 509 1946 678 1987; x_wconf 89' lang='lat' dir='ltr'>quarto,</span> <span class='ocrx_word' id='word_1_121' title='bbox 701 1951 754 1977; x_wconf 85' lang='lat' dir='ltr'>ex</span> <span class='ocrx_word' id='word_1_122' title='bbox 770 1940 1123 1978; x_wconf 90' lang='lat' dir='ltr'>antecedentium</span> <span class='ocrx_word' id='word_1_123' title='bbox 1139 1939 1177 1977; x_wconf 88' lang='grc'>8(</span> <span class='ocrx_word' id='word_1_124' title='bbox 1194 1939 1467 1987; x_wconf 88' lang='lat' dir='ltr'>sequentium</span> <span class='ocrx_word' id='word_1_125' title='bbox 1484 1940 1655 1978; x_wconf 90' lang='lat' dir='ltr'>dierum</span> <span class='ocrx_word' id='word_1_126' title='bbox 1672 1939 1820 1986; x_wconf 91' lang='lat' dir='ltr'>depre-</span> 
     </span>
     <span class='ocr_line' id='line_1_15' title="bbox 173 1992 1821 2040; baseline -0.001 -9"><span class='ocrx_word' id='word_1_127' title='bbox 173 1993 315 2032; x_wconf 87' lang='lat' dir='ltr'>henfis</span> <span class='ocrx_word' id='word_1_128' title='bbox 340 1993 721 2031; x_wconf 89' lang='lat' dir='ltr'>Declinationibus</span> <span class='ocrx_word' id='word_1_129' title='bbox 747 1993 1100 2031; x_wconf 90' lang='lat' dir='ltr'>animaduertere</span> <span class='ocrx_word' id='word_1_130' title='bbox 1126 1993 1284 2038; x_wconf 84' lang='lat' dir='ltr'>licebit)</span> <span class='ocrx_word' id='word_1_131' title='bbox 1312 1992 1349 2030; x_wconf 89' lang='lat'>&amp;</span> <span class='ocrx_word' id='word_1_132' title='bbox 1375 1993 1577 2040; x_wconf 87' lang='lat' dir='ltr'>Angulus</span> <span class='ocrx_word' id='word_1_133' title='bbox 1601 1993 1741 2035; x_wconf 84' lang='lat' dir='ltr'>DAB,</span> <span class='ocrx_word' id='word_1_134' title='bbox 1769 2004 1821 2029; x_wconf 85' lang='lat' dir='ltr'>ex</span> 
     </span>
     <span class='ocr_line' id='line_1_16' title="bbox 173 2045 1821 2093; baseline -0.001 -8"><span class='ocrx_word' id='word_1_135' title='bbox 173 2047 414 2085; x_wconf 88' lang='lat' dir='ltr'>Azimutho</span> <span class='ocrx_word' id='word_1_136' title='bbox 436 2046 473 2084; x_wconf 89' lang='grc'>8(</span> <span class='ocrx_word' id='word_1_137' title='bbox 493 2046 545 2084; x_wconf 83' lang='lat'>90</span> <span class='ocrx_word' id='word_1_138' title='bbox 566 2045 781 2084; x_wconf 88' lang='lat' dir='ltr'>conflatus</span> <span class='ocrx_word' id='word_1_139' title='bbox 803 2058 919 2083; x_wconf 91' lang='lat' dir='ltr'>nunc</span> <span class='ocrx_word' id='word_1_140' title='bbox 942 2046 996 2083; x_wconf 83' lang='lat' dir='ltr'>est</span> <span class='ocrx_word' id='word_1_141' title='bbox 1014 2047 1057 2084; x_wconf 92' lang='lat' dir='ltr'>P.</span> <span class='ocrx_word' id='word_1_142' title='bbox 1076 2046 1154 2084; x_wconf 91' lang='lat'><strong>105.</strong></span> <span class='ocrx_word' id='word_1_143' title='bbox 1174 2047 1236 2084; x_wconf 88' lang='grc' dir='ltr'>Μ.</span> <span class='ocrx_word' id='word_1_144' title='bbox 1254 2046 1316 2087; x_wconf 87' lang='lat'>50,</span> <span class='ocrx_word' id='word_1_145' title='bbox 1340 2046 1489 2093; x_wconf 91' lang='lat' dir='ltr'>Quare</span> <span class='ocrx_word' id='word_1_146' title='bbox 1511 2046 1667 2084; x_wconf 91' lang='lat' dir='ltr'>eodem</span> <span class='ocrx_word' id='word_1_147' title='bbox 1688 2046 1821 2083; x_wconf 90' lang='lat' dir='ltr'>modo</span> 
     </span>
    </p>

    <p class='ocr_par' dir='ltr' id='par_1_12' title="bbox 90 2099 1821 2359">
     <span class='ocr_line' id='line_1_17' title="bbox 107 2099 1820 2147; baseline 0 -11"><span class='ocrx_word' id='word_1_148' title='bbox 107 2112 135 2136; x_wconf 83' lang='lat'>15</span> <span class='ocrx_word' id='word_1_149' title='bbox 173 2105 216 2138; x_wconf 92' lang='lat' dir='ltr'>vt</span> <span class='ocrx_word' id='word_1_150' title='bbox 236 2102 369 2147; x_wconf 88' lang='lat' dir='ltr'>prius,</span> <span class='ocrx_word' id='word_1_151' title='bbox 390 2112 466 2147; x_wconf 91' lang='lat' dir='ltr'>per</span> <span class='ocrx_word' id='word_1_152' title='bbox 482 2099 824 2146; x_wconf 87' lang='lat' dir='ltr'>Triangulorum</span> <span class='ocrx_word' id='word_1_153' title='bbox 840 2099 1011 2146; x_wconf 86' lang='lat' dir='ltr'>placita,</span> <span class='ocrx_word' id='word_1_154' title='bbox 1035 2099 1205 2137; x_wconf 89' lang='lat' dir='ltr'>dabitur</span> <span class='ocrx_word' id='word_1_155' title='bbox 1222 2099 1308 2137; x_wconf 83' lang='lat' dir='ltr'>AD</span> <span class='ocrx_word' id='word_1_156' title='bbox 1325 2099 1697 2146; x_wconf 88' lang='lat' dir='ltr'>complementum</span> <span class='ocrx_word' id='word_1_157' title='bbox 1714 2099 1820 2136; x_wconf 87' lang='lat' dir='ltr'>Alti-</span> 
     </span>
     <span class='ocr_line' id='line_1_18' title="bbox 173 2151 1821 2199; baseline -0.001 -8"><span class='ocrx_word' id='word_1_158' title='bbox 173 2154 336 2191; x_wconf 91' lang='lat' dir='ltr'>tudinis</span> <span class='ocrx_word' id='word_1_159' title='bbox 347 2152 560 2195; x_wconf 82' lang='lat' dir='ltr'>secundae,</span> <span class='ocrx_word' id='word_1_160' title='bbox 574 2153 616 2190; x_wconf 93' lang='lat' dir='ltr'><strong>P.</strong></span> <span class='ocrx_word' id='word_1_161' title='bbox 625 2153 687 2190; x_wconf 92' lang='lat'><strong>70.</strong></span> <span class='ocrx_word' id='word_1_162' title='bbox 697 2153 760 2190; x_wconf 95' lang='lat' dir='ltr'><strong>M.</strong></span> <span class='ocrx_word' id='word_1_163' title='bbox 769 2153 831 2195; x_wconf 81' lang='lat'>58,</span> <span class='ocrx_word' id='word_1_164' title='bbox 844 2158 887 2189; x_wconf 89' lang='lat' dir='ltr'>vt</span> <span class='ocrx_word' id='word_1_165' title='bbox 899 2152 944 2189; x_wconf 85' lang='lat' dir='ltr'>fit</span> <span class='ocrx_word' id='word_1_166' title='bbox 952 2152 1149 2190; x_wconf 85' lang='lat' dir='ltr'>Altitudo</span> <span class='ocrx_word' id='word_1_167' title='bbox 1160 2152 1500 2199; x_wconf 83' lang='lat' dir='ltr'>correspondens</span> <span class='ocrx_word' id='word_1_168' title='bbox 1510 2153 1572 2190; x_wconf 94' lang='lat' dir='ltr'>illi</span> <span class='ocrx_word' id='word_1_169' title='bbox 1580 2151 1821 2190; x_wconf 90' lang='lat' dir='ltr'>Azimutho</span> 
     </span>
     <span class='ocr_line' id='line_1_19' title="bbox 90 2202 1821 2256; baseline 0 -13"><span class='ocrx_word' id='word_1_170' title='bbox 90 2213 148 2244; x_wconf 82' lang='lat'>137</span> <span class='ocrx_word' id='word_1_171' title='bbox 174 2206 212 2244; x_wconf 91' lang='grc'>8(</span> <span class='ocrx_word' id='word_1_172' title='bbox 228 2206 521 2249; x_wconf 87' lang='lat' dir='ltr'>declinationi,</span> <span class='ocrx_word' id='word_1_173' title='bbox 539 2206 582 2243; x_wconf 91' lang='lat' dir='ltr'><strong>P.</strong></span> <span class='ocrx_word' id='word_1_174' title='bbox 600 2206 653 2243; x_wconf 84' lang='lat'>19.</span> <span class='ocrx_word' id='word_1_175' title='bbox 672 2206 734 2243; x_wconf 95' lang='lat' dir='ltr'><strong>M.</strong></span> <span class='ocrx_word' id='word_1_176' title='bbox 752 2206 788 2247; x_wconf 85' lang='lat'>2,</span> <span class='ocrx_word' id='word_1_177' title='bbox 811 2205 983 2243; x_wconf 91' lang='lat' dir='ltr'>duobus</span> <span class='ocrx_word' id='word_1_178' title='bbox 999 2202 1014 2256; x_wconf 86' lang='grc' dir='ltr'>ΙΙ</span> <span class='ocrx_word' id='word_1_179' title='bbox 1030 2205 1179 2243; x_wconf 90' lang='lat' dir='ltr'>saltem</span> <span class='ocrx_word' id='word_1_180' title='bbox 1195 2205 1404 2253; x_wconf 85' lang='lat' dir='ltr'>scrupulis</span> <span class='ocrx_word' id='word_1_181' title='bbox 1421 2206 1564 2244; x_wconf 89' lang='lat' dir='ltr'>nostra</span> <span class='ocrx_word' id='word_1_182' title='bbox 1581 2205 1821 2244; x_wconf 89' lang='lat' dir='ltr'>Obseruata</span> 
     </span>
     <span class='ocr_line' id='line_1_20' title="bbox 174 2258 1821 2306; baseline -0.001 -9"><span class='ocrx_word' id='word_1_183' title='bbox 174 2259 416 2297; x_wconf 86' lang='lat' dir='ltr'>Altitudine</span> <span class='ocrx_word' id='word_1_184' title='bbox 441 2261 598 2297; x_wconf 90' lang='lat' dir='ltr'>minor.</span> <span class='ocrx_word' id='word_1_185' title='bbox 625 2259 744 2296; x_wconf 90' lang='lat' dir='ltr'>Patet</span> <span class='ocrx_word' id='word_1_186' title='bbox 770 2261 929 2305; x_wconf 87' lang='lat' dir='ltr'>itaque,</span> <span class='ocrx_word' id='word_1_187' title='bbox 957 2259 1074 2306; x_wconf 93' lang='lat' dir='ltr'>quod</span> <span class='ocrx_word' id='word_1_188' title='bbox 1099 2259 1356 2297; x_wconf 91' lang='lat' dir='ltr'>Obseruatio</span> <span class='ocrx_word' id='word_1_189' title='bbox 1380 2271 1406 2297; x_wconf 92' lang='lat' dir='ltr'>a</span> <span class='ocrx_word' id='word_1_190' title='bbox 1429 2260 1555 2297; x_wconf 91' lang='lat' dir='ltr'>nobis</span> <span class='ocrx_word' id='word_1_191' title='bbox 1580 2258 1730 2296; x_wconf 90' lang='lat' dir='ltr'>habita</span> <span class='ocrx_word' id='word_1_192' title='bbox 1753 2258 1821 2296; x_wconf 91' lang='lat' dir='ltr'>die</span> 
     </span>
     <span class='ocr_line' id='line_1_21' title="bbox 174 2311 1821 2359; baseline -0.001 -9"><span class='ocrx_word' id='word_1_193' title='bbox 174 2312 302 2350; x_wconf 92' lang='lat' dir='ltr'>XXX</span> <span class='ocrx_word' id='word_1_194' title='bbox 323 2313 603 2355; x_wconf 88' lang='lat' dir='ltr'>Nouembris,</span> <span class='ocrx_word' id='word_1_195' title='bbox 626 2314 671 2349; x_wconf 93' lang='lat' dir='ltr'>in</span> <span class='ocrx_word' id='word_1_196' title='bbox 692 2311 869 2350; x_wconf 80' lang='lat' dir='ltr'>diuersis</span> <span class='ocrx_word' id='word_1_197' title='bbox 891 2311 1153 2355; x_wconf 85' lang='lat' dir='ltr'>Azimuthis,</span> <span class='ocrx_word' id='word_1_198' title='bbox 1177 2312 1417 2359; x_wconf 79' lang='lat' dir='ltr'>interlapsis</span> <span class='ocrx_word' id='word_1_199' title='bbox 1438 2312 1526 2350; x_wconf 90' lang='lat' dir='ltr'>fere</span> <span class='ocrx_word' id='word_1_200' title='bbox 1548 2312 1821 2359; x_wconf 90' lang='lat' dir='ltr'>sesquitribus</span> 
     </span>
    </p>

    <p class='ocr_par' dir='ltr' id='par_1_13' title="bbox 105 2365 1822 2562">
     <span class='ocr_line' id='line_1_22' title="bbox 105 2365 1822 2412; baseline -0.001 -9"><span class='ocrx_word' id='word_1_201' title='bbox 105 2378 137 2403; x_wconf 86' lang='lat'>20</span> <span class='ocrx_word' id='word_1_202' title='bbox 174 2365 306 2409; x_wconf 93' lang='lat' dir='ltr'>horis,</span> <span class='ocrx_word' id='word_1_203' title='bbox 324 2366 511 2404; x_wconf 92' lang='lat' dir='ltr'>eandem</span> <span class='ocrx_word' id='word_1_204' title='bbox 522 2377 634 2412; x_wconf 91' lang='lat' dir='ltr'>pene</span> <span class='ocrx_word' id='word_1_205' title='bbox 647 2365 937 2402; x_wconf 86' lang='lat' dir='ltr'>Altitudinem</span> <span class='ocrx_word' id='word_1_206' title='bbox 949 2365 1154 2412; x_wconf 80' lang='lat' dir='ltr'>praebeat,</span> <span class='ocrx_word' id='word_1_207' title='bbox 1172 2377 1306 2412; x_wconf 92' lang='lat' dir='ltr'>quam</span> <span class='ocrx_word' id='word_1_208' title='bbox 1319 2365 1581 2409; x_wconf 82' lang='lat' dir='ltr'>exhibuisset‚</span> <span class='ocrx_word' id='word_1_209' title='bbox 1594 2365 1623 2402; x_wconf 87' lang='lat' dir='ltr'><strong>fi</strong></span> <span class='ocrx_word' id='word_1_210' title='bbox 1635 2365 1822 2403; x_wconf 89' lang='lat' dir='ltr'>Cometa</span> 
     </span>
     <span class='ocr_line' id='line_1_23' title="bbox 174 2418 1821 2461; baseline -0.001 -5"><span class='ocrx_word' id='word_1_211' title='bbox 174 2418 244 2456; x_wconf 93' lang='lat' dir='ltr'>hic</span> <span class='ocrx_word' id='word_1_212' title='bbox 265 2421 310 2456; x_wconf 94' lang='lat' dir='ltr'>in</span> <span class='ocrx_word' id='word_1_213' title='bbox 330 2424 452 2457; x_wconf 86' lang='lat' dir='ltr'>tanta</span> <span class='ocrx_word' id='word_1_214' title='bbox 472 2430 498 2456; x_wconf 91' lang='lat' dir='ltr'>a</span> <span class='ocrx_word' id='word_1_215' title='bbox 518 2418 645 2456; x_wconf 92' lang='lat' dir='ltr'>nobis</span> <span class='ocrx_word' id='word_1_216' title='bbox 663 2420 907 2456; x_wconf 91' lang='lat' dir='ltr'>remotione</span> <span class='ocrx_word' id='word_1_217' title='bbox 924 2419 1125 2461; x_wconf 86' lang='lat' dir='ltr'>extitisset,</span> <span class='ocrx_word' id='word_1_218' title='bbox 1143 2424 1186 2456; x_wconf 91' lang='lat' dir='ltr'>vt</span> <span class='ocrx_word' id='word_1_219' title='bbox 1204 2419 1332 2457; x_wconf 91' lang='lat' dir='ltr'>Orbis</span> <span class='ocrx_word' id='word_1_220' title='bbox 1350 2420 1444 2456; x_wconf 89' lang='lat' dir='ltr'>eius</span> <span class='ocrx_word' id='word_1_221' title='bbox 1460 2419 1515 2457; x_wconf 91' lang='lat' dir='ltr'>ad</span> <span class='ocrx_word' id='word_1_222' title='bbox 1531 2419 1726 2459; x_wconf 84' lang='lat' dir='ltr'>Terram,</span> <span class='ocrx_word' id='word_1_223' title='bbox 1744 2420 1821 2455; x_wconf 90' lang='lat' dir='ltr'>im-</span> 
     </span>
     <span class='ocr_line' id='line_1_24' title="bbox 174 2470 1820 2519; baseline -0.001 -10"><span class='ocrx_word' id='word_1_224' title='bbox 174 2472 369 2510; x_wconf 88' lang='lat' dir='ltr'>mensam</span> <span class='ocrx_word' id='word_1_225' title='bbox 385 2471 564 2510; x_wconf 85' lang='lat' dir='ltr'>haberet</span> <span class='ocrx_word' id='word_1_226' title='bbox 580 2471 940 2519; x_wconf 85' lang='lat' dir='ltr'>magnitudinem,</span> <span class='ocrx_word' id='word_1_227' title='bbox 959 2471 996 2509; x_wconf 92' lang='grc'>8(</span> <span class='ocrx_word' id='word_1_228' title='bbox 1013 2471 1160 2515; x_wconf 83' lang='grc' dir='ltr'><strong>Τ6113,</strong></span> <span class='ocrx_word' id='word_1_229' title='bbox 1183 2470 1374 2519; x_wconf 67' lang='lat' dir='ltr'>respectu</span> <span class='ocrx_word' id='word_1_230' title='bbox 1395 2472 1538 2519; x_wconf 80' lang='lat' dir='ltr'>ipsius,</span> <span class='ocrx_word' id='word_1_231' title='bbox 1560 2483 1650 2509; x_wconf 92' lang='lat' dir='ltr'>non</span> <span class='ocrx_word' id='word_1_232' title='bbox 1672 2471 1820 2509; x_wconf 89' lang='lat' dir='ltr'>admo-</span> 
     </span>
     <span class='ocr_line' id='line_1_25' title="bbox 1715 2524 1820 2562; baseline -0.01 0"><span class='ocrx_word' id='word_1_233' title='bbox 1715 2524 1820 2562; x_wconf 89' lang='lat' dir='ltr'>dum</span> 
     </span>
    </p>
   </div>
  </div>
 </body>
</html>
