2209 3213
326 224 401 261 234
818 214 901 252 DE
922 211 1146 251 MUNDI
1167 208 1468 248 AETHEREI

327 328 469 366 officio
487 326 703 371 deputato,
720 322 762 358 P.
775 322 837 359 57.
855 320 918 357 M.
931 319 993 356 43.
1012 318 1096 356 His
1112 316 1141 354 fi
1157 312 1377 366 adda-ntur
1393 315 1526 353 modo
1542 316 1748 352 inuentus
1766 315 1963 353 Cometae
1988 321 2052 353 282

326 386 468 418 motus
491 390 516 415 a
540 376 732 421 Simplici
756 374 868 411 Solis
890 375 935 409 in
957 371 1033 409 suo
1057 369 1246 412 Circulo‚
1269 370 1484 416 prouenit,
1507 370 1553 406 in
1577 368 1744 411 eodem,
1768 367 1964 405 distantia

326 436 418 470 eius
435 444 460 469 a
476 431 572 468 loco
592 426 903 465 Interfectionis
924 422 1143 472 praedicto,
1165 423 1207 460 P.
1224 422 1286 460 87.
1304 422 1367 459 M.
1385 421 1442 465 62⁵⁷,
1465 433 1564 468 quae
1585 421 1614 458 fi
1634 421 1689 459 ad
1710 421 1964 468 Eclipticam

326 498 399 533 per
421 483 609 521 eundem
626 481 859 519 Canonem
879 478 1140 525 redigantur,
1163 475 1350 513 efficient
1370 477 1416 512 in
1435 486 1487 512 ea
1502 475 1545 512 P.
1562 474 1624 512 86.
1642 474 1705 512 M.
1722 474 1784 517 42,
1807 474 1965 521 quibus

324 536 568 584 Longitudo
581 535 777 573 Cometae
794 544 821 570 a
836 532 952 579 grad.
964 531 1005 568 21
1024 534 1061 573 »Ἀ
1072 561 1080 574 ,
1096 527 1258 577 puncto
1275 526 1588 566 Interfectionis
1603 527 1667 565 sui
1683 527 1848 565 Circuli
1864 538 1964 564 curn

325 591 541 636 Ecliptica,
565 590 610 625 in
633 587 866 634 Signorum
890 584 1198 630 consequentia
1220 586 1483 619 remouetur.
1510 581 1663 618 Incidit
1684 582 1831 627 itaque
1853 580 1964 617 Lon-

324 644 470 691 gitudo
494 642 703 681 Cometae.
730 640 785 677 ad
810 635 1102 685 supradictum
1126 642 1310 683 tempus,
1336 636 1458 672 iuxta
1482 634 1596 672 hanc
1620 633 1966 671 Moestlinianam

325 694 609 744 Hypothefin‚
631 696 676 731 in
694 693 747 730 G.
766 693 818 730 17.
838 691 900 729 M.
917 691 968 728 42
990 692 1046 734 )(.
1068 690 1126 727 At
1143 700 1195 726 ex
1213 688 1528 726 obseruatione
1544 699 1571 725 a
1586 687 1712 724 nobis
1730 692 1832 724 tunc
1848 686 1965 724 coeli-

324 756 391 787 tus
412 748 572 791 habita,
594 745 881 794 proueniebat
896 743 1142 791 Longitudo
1160 744 1253 780 eius
1270 743 1315 779 in
1333 741 1386 779 G.
1403 740 1466 778 20.
1484 740 1548 778 M.
1564 740 1615 778 55
1638 742 1694 784 )(,
1716 751 1816 787 quae
1837 738 1967 786 ipfius

324 803 702 840 ratiocinationem
715 798 880 837 excedit
892 797 1095 845 gradibus
1106 795 1253 838 tribus,
1267 794 1304 832 8(
1315 793 1526 841 scrupulis
1537 793 1711 840 insuper
1722 792 1776 830 13.
1790 792 1836 830 Id
1849 792 1966 839 quod

324 854 670 902 inuestigandum
687 851 1090 897 conferendumque
1106 847 1424 896 proposuimus.

377 909 440 945 Ex
452 907 520 944 his
532 909 678 953 itaque
690 905 787 943 satis
799 904 1024 942 euidenter
1034 901 1309 940 manifestum
1321 900 1480 944 euadit,
1495 899 1842 938 Moestlinianam
1853 898 1967 937 hanc

325 960 610 1009 Hypothefin,
634 964 726 997 vtut
749 958 802 996 ab
826 957 915 1005 ipso
938 967 1099 1004 magna
1120 956 1283 1003 Ingenij
1307 954 1559 992 dexteritate
1582 952 1875 999 subtiliterque
1897 963 1967 989 ex-

325 1016 566 1062 cogitatam,
586 1013 867 1060 Apparentijs
883 1010 1016 1048 huius
1033 1009 1231 1047 Cometae
1247 1019 1324 1056 per
1339 1012 1479 1045 totum
1495 1008 1588 1044 eius
1605 1006 1847 1044 durationis
1862 1010 1967 1043 tem-

324 1079 418 1115 pus,
440 1079 492 1105 ea
513 1077 601 1114 qua
622 1066 812 1113 oportuit
832 1064 993 1106 amussi,
1014 1062 1274 1100 sufficienter
1294 1060 1526 1103 saluandis,
1550 1070 1835 1107 nequaquam
1855 1057 1967 1096 suffi-

326 1132 433 1159 cere.
458 1121 508 1158 Et
528 1120 625 1157 licet
646 1118 732 1165 ipse
754 1117 1013 1160 existimarit,
1037 1116 1151 1153 hanc
1173 1113 1479 1163 Hypotheseos
1500 1112 1821 1161 Symmetriam‚
1845 1123 1901 1149 ne
1924 1113 1969 1148 in

324 1176 510 1211 minimo
523 1173 577 1210 ab
591 1170 978 1210 Obseruationibus
990 1168 1203 1212 recedere,
1215 1167 1473 1214 nullamque
1486 1166 1620 1204 aliam
1632 1166 1737 1210 dari,
1751 1176 1851 1213 quae
1863 1176 1969 1212 quo-

327 1238 499 1274 cunque
522 1225 655 1263 modo
680 1224 763 1262 illis
787 1222 1130 1270 correspondeat,
1154 1221 1342 1268 ideoque
1366 1231 1418 1258 ea
1441 1231 1541 1267 quae
1564 1219 1619 1257 ab
1641 1219 1731 1266 ipso
1754 1217 1971 1266 propofita

327 1286 461 1323 erant,
478 1291 504 1317 a
519 1280 695 1316 nemine
713 1277 887 1324 infringi
902 1276 1029 1323 posse:
1051 1281 1200 1313 tamen
1216 1286 1306 1312 non
1323 1273 1485 1317 dubito,
1507 1274 1613 1320 quin
1629 1284 1708 1320 pro
1726 1283 1790 1315 ea,
1811 1283 1899 1318 qua
1915 1271 1971 1308 ad

325 1333 527 1371 Veritatis
540 1331 746 1369 nucleum
758 1330 946 1377 aspirare
958 1328 1106 1366 multis
1117 1328 1286 1375 indicijs
1302 1326 1412 1364 mihi
1422 1326 1605 1370 videtur,
1623 1327 1760 1363 animi
1772 1324 1809 1362 8(
1821 1325 1967 1371 iudicij

326 1388 543 1433 aequitate,
567 1384 638 1421 vbi
660 1385 849 1431 penitius
872 1382 1142 1424 intellexerit,
1167 1380 1400 1418 Cometam
1423 1381 1536 1417 circa
1557 1380 1784 1426 principia,
1810 1380 1856 1415 in
1880 1377 1970 1414 No-

326 1439 517 1476 uembris
533 1438 692 1480 medio,
710 1436 747 1473 8(
763 1436 897 1483 paulo
908 1435 1031 1478 vltra,
1048 1434 1146 1481 plus
1162 1436 1328 1481 integro
1344 1432 1493 1480 gradu,
1510 1443 1587 1480 per
1602 1431 1718 1470 hanc
1729 1431 1865 1478 ipsam
1877 1430 1970 1478 Hy-

325 1491 533 1539 pothefin‚
547 1489 896 1537 Longitudinem‚
909 1499 1043 1535 quam
1053 1498 1209 1525 reuera
1218 1488 1263 1524 in
1274 1486 1403 1524 Coelo
1414 1486 1611 1529 obtinuit,
1625 1485 1837 1528 excessisse‚
1851 1486 1972 1521 iuxta

326 1545 460 1582 finem
472 1555 589 1588 vero,
602 1544 657 1581 ad
670 1543 711 1580 X
722 1543 929 1585 Ianuarii,
946 1540 1222 1588 sesquialtero
1234 1539 1371 1587 gradu
1385 1539 1439 1577 ab
1452 1539 1607 1577 eadem
1619 1537 1821 1581 defecisse,
1838 1536 1971 1574 hanc-

327 1610 411 1645 que
431 1598 677 1635 tarditatem
697 1596 809 1634 adeo
830 1595 1000 1638 auxisse,
1021 1599 1064 1631 vt
1084 1595 1131 1631 in
1146 1593 1298 1631 vltimo
1314 1592 1402 1630 suae
1418 1593 1721 1640 Apparitionis
1738 1591 1886 1633 limite,
1908 1591 1970 1627 in-

326 1653 453 1699 tegris
473 1650 608 1688 tribus
629 1649 844 1697 gradibus,
866 1659 966 1686 cum
983 1652 1139 1694 quarta
1155 1648 1286 1684 etiam
1306 1651 1439 1693 parte,
1461 1646 1653 1684 anterior
1669 1655 1803 1692 quam
1821 1643 1971 1682 Obser-

326 1706 446 1742 uatio
468 1716 490 1741 e
513 1703 641 1741 Coelo
662 1702 751 1749 ipso
773 1700 957 1739 deducta
976 1700 1174 1748 praebuit,
1198 1710 1354 1737 reuera
1375 1700 1571 1741 extiterit,
1595 1696 1971 1746 quemadmodum

326 1758 459 1795 modo
477 1769 529 1794 ex
545 1756 634 1803 ipsa
650 1755 950 1793 Moestliniana
966 1752 1221 1802 Hypothefi,
1238 1753 1294 1791 ad
1310 1752 1418 1790 illud
1433 1758 1605 1799 tempus
1621 1753 1668 1789 in
1683 1761 1892 1788 numeros
1908 1761 1972 1787 re-

327 1809 466 1853 ducta,
479 1809 905 1851 Demonstrauimus;
920 1819 1011 1845 non
1023 1807 1173 1845 dubito
1187 1805 1404 1853 (inquam)
1417 1807 1525 1853 quin
1535 1804 1604 1842 his
1614 1802 1854 1852 perspeetis,
1868 1803 1972 1841 Sen-

327 1865 507 1901 tentiam
527 1867 774 1900 mutaturus
794 1861 851 1904 s1t,
875 1860 913 1898 8(
932 1860 1016 1898 suis
1037 1861 1229 1897 inuentis
1248 1864 1417 1897 tantam
1437 1864 1615 1905 tamque
1631 1856 1973 1905 irrefragabilem

329 1916 629 1954 certitudinem
642 1927 732 1952 non
744 1914 933 1961 amplius
950 1912 1245 1951 attributurus.
1263 1912 1421 1959 Neque
1434 1913 1552 1949 enim
1564 1911 1757 1949 existimo
1770 1921 1871 1948 eum
1883 1915 1973 1947 tam

328 1970 415 2007 lato
427 1969 560 2006 modo
571 1969 767 2006 Cometae
779 1968 912 2004 huius
921 1967 1214 2014 Apparentias
1227 1961 1467 2015 excusa-{lte
1478 1964 1665 2007 voluisse,
1675 1968 1720 2002 vt
1729 1974 1822 2001 non
1832 1962 1972 2000 solum

328 2025 441 2059 intra
452 2024 640 2063 vnicum,
658 2021 727 2058 sed
740 2023 871 2058 etiam
882 2026 967 2057 tres
978 2019 1048 2057 vel
1060 2024 1248 2066 quatuor
1259 2018 1430 2066 gradus,
1447 2029 1539 2055 non
1550 2017 1795 2065 reputanda
1806 2017 1972 2053 veniret

329 2074 584 2113 differentia.
603 2074 648 2111 Id
666 2076 783 2111 enim
799 2085 826 2111 a
842 2073 1159 2110 Mathematica
1175 2072 1378 2116 Veritate‚
1396 2069 1635 2118 exafiaque
1650 2069 1914 2118 praecifione,
1935 2068 1972 2105 &

329 2128 457 2175 ipsius
481 2130 656 2175 propria
679 2126 913 2169 sedulitate,
938 2125 1244 2172 industriaque,
1268 2124 1464 2163 alienum
1486 2123 1607 2162 foret.
1632 2123 1726 2161 Nec
1746 2122 1843 2166 scio,
1867 2121 1972 2169 quid

330 2181 399 2219 vel
418 2180 504 2228 ipse
521 2180 781 2222 Moestlinus,
803 2179 872 2217 vel
893 2179 1005 2216 alius
1026 2178 1239 2225 quispiam
1260 2178 1389 2225 ipsius
1407 2179 1600 2220 nomine,
1621 2188 1700 2224 pro
1720 2175 1803 2213 hac
1820 2175 1972 2223 Hypo-

329 2233 446 2277 thefi,
463 2235 508 2271 in
521 2235 787 2271 contrarium
798 2232 1068 2279 praetendere
1079 2232 1209 2279 possit.
1226 2231 1318 2268 Nifi
1329 2230 1437 2269 forte
1449 2230 1564 2268 hanc
1575 2229 1773 2267 vltimam
1785 2227 1973 2266 nostram

332 2286 693 2325 Obseruationem
709 2288 754 2323 in
771 2286 952 2323 dubium
963 2296 1121 2322 vocare
1133 2284 1247 2328 velit,
1264 2295 1408 2331 neque
1421 2283 1623 2321 credibile
1636 2283 1711 2320 esse
1722 2281 1972 2325 concedere,

330 2346 373 2377 vt
384 2340 495 2377 vltra
506 2339 546 2377 X
558 2339 673 2376 diem
686 2339 879 2376 Ianuarii
890 2338 1055 2385 vspiam
1066 2337 1180 2374 visus
1196 2337 1242 2375 lit
1257 2337 1327 2375 hic
1341 2337 1538 2381 Cometa,
1556 2347 1656 2374 cum
1672 2335 1850 2383 plurimi
1863 2336 1974 2372 inter

330 2393 458 2430 Viros
474 2391 633 2435 doctos,
653 2403 740 2429 vno
758 2391 963 2429 consensu
979 2391 1273 2437 astipulentur,
1296 2402 1398 2428 eum
1414 2401 1505 2428 non
1520 2389 1610 2436 post
1625 2389 1669 2426 id
1684 2393 1856 2435 tempus
1873 2399 1972 2425 con-

331 2444 519 2493 spectum
531 2445 657 2482 fuisse.
675 2445 793 2482 Huic
807 2444 1064 2482 dubitationi
1076 2455 1167 2481 non
1178 2443 1326 2481 multis
1338 2442 1688 2491 respondendum
1700 2441 1857 2479 iudico.
1874 2440 1974 2478 Hac

332 2501 449 2536 enim
468 2500 636 2536 ratione
653 2499 811 2545 quiuis,
833 2497 871 2534 &
891 2498 1056 2534 caeteris
1073 2497 1278 2534 omnibus
1295 2495 1684 2535 Obseruationibus
1700 2494 1832 2532 fidem
1848 2493 1972 2531 dero-

1858 2557 1971 2594 gare,

2008 804 2038 829 10

2009 1071 2039 1095 15

2008 1336 2042 1361 20

2010 1602 2042 1626 25

2011 1867 2044 1893 30

1997 1968 2061 1999 283

2010 2134 2043 2158 35

2012 2398 2044 2423 40
