2209 3213
535 216 1058 255 RECENTIORIBUS
1079 215 1537 254 PHAENOMENIS
1793 216 1860 254 169

214 320 516 360 Intersedlione
533 321 615 359 AE
631 323 676 359 in
694 321 900 369 Ecliptica
916 322 971 360 est
988 322 1030 359 P.
1043 322 1105 360 43.
1119 322 1182 360 M.
1195 322 1258 366 37,
1275 323 1345 359 cui
1362 321 1588 369 respondet
1600 321 1687 359 AG
1704 324 1749 359 in
1767 321 1859 360 Cir-

214 375 314 414 culo
331 375 529 413 Cometae
545 381 652 422 part.
669 375 732 413 47.
749 377 853 413 min.
871 375 933 413 32.
956 375 1075 413 Hinc
1095 375 1125 413 fi
1145 375 1369 413 auferatur
1385 376 1526 412 Arcus
1543 375 1629 412 DA
1650 380 1861 422 perpetuo

214 428 257 466 P.
280 428 333 466 16.
356 428 419 466 M.
441 427 503 471 53,
527 427 788 474 relinquitur
810 428 903 466 DG
927 433 1034 475 part.
1056 428 1118 466 30.
1140 430 1245 466 min.
1266 428 1329 466 39.
1354 428 1473 465 Huic
1496 430 1794 475 aequiparatur
1816 430 1862 465 in

214 481 352 519 altera
371 482 529 518 maiori
546 481 852 528 Hypothefeos
869 481 1160 529 Figuratione,
1182 482 1323 519 Arcus
1345 481 1440 518 HD
1461 481 1706 519 distantiam
1728 483 1863 519 centri

161 548 176 572 5
215 534 344 573 Orbis
361 534 559 572 Cometae
576 533 618 571 D
635 545 662 571 a
677 534 870 581 Perigaeo
886 536 932 571 in
949 534 995 571 H
1012 534 1338 581 repraesentanS.

268 587 620 625 Conuenientius
632 592 781 625 autem
790 587 845 625 est
855 599 954 625 eam
964 587 1271 635 Hypotheseos
1281 587 1634 631 delineationem,
1647 599 1747 634 quae
1760 586 1862 625 huic

214 640 300 678 diei
311 640 508 687 quadrat,
525 640 660 687 paulo
676 640 800 678 aliter
812 640 1078 678 delineatam
1091 640 1309 683 exhibere,
1327 652 1379 678 eo
1392 640 1510 687 quod
1522 645 1721 678 centrum
1733 640 1862 678 Orbis

215 693 413 731 Cometae
430 705 520 731 una
536 705 637 731 cum
653 693 753 731 Sole
769 695 860 731 iam
875 694 1119 741 Perigaeum
1135 694 1372 731 Eccentrici
1388 696 1654 740 praeterierit.
1679 694 1767 731 Erit
1785 696 1862 731 ita-

214 758 299 793 que
316 746 474 794 Figura
490 745 592 784 huic
609 746 695 784 diei
711 746 1009 790 accommoda,
1027 746 1170 794 qualis
1185 749 1385 794 proxime
1401 746 1683 794 subiungitur.

146 812 176 837 ιο
267 799 495 846 Quoniam
506 804 655 837 autem
668 801 713 837 in
724 799 917 847 sequenti
927 800 1205 847 Figuratione
1218 811 1271 837 ex
1282 800 1401 837 Arcu
1414 799 1507 837 HD
1520 800 1653 837 modo
1666 802 1861 844 inuento,

213 852 374 891 constat
394 855 440 890 in
455 852 696 900 Triangulo
715 853 856 897 DAB,
877 853 1080 900 Angulus
1096 852 1241 896 ABD,
1263 858 1370 900 part.
1387 853 1450 890 30.
1467 855 1620 890 minut.
1638 853 1701 897 39,
1724 852 1761 890 &
1782 853 1861 891 La-

321 2562 353 2587 22
950 2530 952 2532 ¹
1694 2556 1762 2588 tus
1779 2551 1819 2587 Α
1828 2550 1861 2587 Β
