2209 3213
338 240 405 277 216
830 234 912 272 DE
935 232 1160 271 MUNDI
1181 229 1483 269 AETHEREI

339 349 595 391 apparentes
618 341 829 381 exhibeat,
852 339 1004 386 quales
1025 340 1197 375 numeri
1213 336 1485 375 Tabularum
1506 336 1746 384 suggerunt.
1770 337 1816 375 Id
1832 336 1861 374 fi
1877 348 1977 374 con-

338 398 591 433 sideratione
609 394 645 431 8(
663 394 883 440 diligentia
900 397 1171 438 competente
1189 395 1521 437 exequerentur,
1538 391 1685 436 vtique
1702 390 1909 432 viderent,
1930 389 1976 427 fi-

339 450 438 485 mile
452 448 555 494 quid
572 450 682 483 inter
695 446 871 483 Coelum
886 444 922 481 8(
934 444 1126 481 Tabulas
1138 444 1345 486 accidere,
1362 454 1412 480 ac
1424 442 1453 479 fi
1465 443 1561 489 quis
1573 442 1859 480 Instrumento
1872 454 1977 490 quo-

338 503 437 539 dam
456 500 622 537 Mufico
639 499 693 536 ad
711 498 959 535 canendum
976 497 1044 534 vel
1061 496 1306 534 saltandum
1323 495 1495 542 aliquos
1510 497 1727 539 inuitaret‚
1750 497 1825 542 qui
1847 498 1978 533 etiam

337 559 540 591 canerent
566 558 639 589 aut
664 551 865 588 saltarent
891 550 1081 596 quidem,
1107 549 1177 586 sed
1200 560 1291 586 non
1315 548 1502 586 eandem
1525 548 1697 595 prorsus
1720 549 1976 592 Melodiam,

337 607 404 643 vel
420 606 586 647 saltum,
604 616 734 651 quem
748 603 940 641 Muficus
956 602 1199 645 insonabat;
1216 602 1324 639 Tale
1341 603 1458 639 enim
1471 601 1574 648 quid
1586 603 1632 638 in
1644 601 1845 639 Siderum
1856 607 1978 639 motu

337 660 505 696 coelitus
526 662 775 705 apparente,
793 657 829 694 8(
851 656 1122 693 Tabularum
1146 657 1341 692 numeris
1363 657 1511 692 minus
1532 654 1977 701 correspondentibus,

337 714 553 758 contingit.
585 711 652 747 De
683 710 750 747 his
780 709 957 756 quidem
984 710 1192 755 conqueri
1222 708 1330 751 licet,
1360 707 1430 745 sed
1461 709 1789 745 concinniorem
1817 707 1978 745 horum

337 765 701 805 emendationem,
724 774 823 800 cum
845 773 977 799 nemo
998 761 1086 799 fere
1103 762 1159 799 ad
1176 772 1274 798 eam
1290 760 1422 798 solide
1441 760 1607 808 aspiret,
1629 760 1684 798 ab
1704 760 1788 798 illis
1808 760 1978 808 sperare

337 830 425 855 non
443 820 501 854 ita
517 816 641 854 facile
659 816 767 853 licet.

389 870 573 912 Deinde,
595 870 845 906 iuremerito
863 879 1017 905 eorum
1034 878 1202 904 errores
1218 872 1348 911 taxat,
1371 868 1445 913 qui
1461 867 1649 914 grossiori
1666 867 1886 910 Minerua,
1908 866 1978 904 vel

337 936 358 961 e
370 923 459 960 [010
472 923 637 960 00111311
654 924 825 963 1111111111,
843 921 975 958 huius
988 921 1186 958 Cometae
1198 921 1492 967 Apparentias
1504 922 1549 957 in
1560 919 1715 967 vulgus
1728 919 1978 957 effutierunt

335 979 491 1023 potius,
515 987 649 1023 quam
673 987 694 1012 e
719 976 842 1012 certis
863 973 1253 1012 Obseruationibus
1276 972 1594 1010 Mathematica
1616 973 1870 1010 certitudine
1891 973 1977 1010 De-

336 1029 637 1066 monstrarunt.
663 1028 774 1065 Haec
796 1027 833 1064 8(
854 1027 1019 1070 111111113,
1041 1039 1067 1064 3
1088 1026 1437 1073 quamplurimis,
1460 1025 1547 1063 fine
1571 1028 1692 1063 omni
1713 1026 1978 1064 verecundia

335 1081 534 1123 factitata,
553 1081 590 1119 8(
607 1093 685 1129 ego
701 1083 746 1118 in
764 1092 917 1118 eorum
929 1080 1116 1127 Scriptis,
1133 1091 1224 1117 non
1240 1079 1327 1116 fine
1343 1079 1518 1123 nausea,
1535 1079 1630 1127 legi,
1647 1078 1827 1126 satisque
1842 1081 1978 1116 inuite

334 1136 425 1173 tuli.

387 1188 598 1230 Tandem,
620 1189 817 1234 proprias
835 1186 1185 1229 Obseruationes,
1207 1187 1252 1222 in
1269 1185 1352 1223 hoc
1371 1185 1568 1227 Cometa,
1587 1190 1815 1223 enumerat
1831 1185 1977 1223 Moest-

335 1242 462 1285 linus,
486 1253 561 1288 per
585 1241 709 1278 filum
732 1252 758 1278 a
781 1246 969 1287 quatuor
990 1239 1132 1277 Stellis
1152 1239 1280 1282 Fixis,
1305 1250 1405 1276 cum
1428 1238 1586 1285 quibus
1609 1240 1654 1275 in
1678 1238 1839 1285 duplici
1861 1238 1978 1276 linea

335 1294 449 1332 10013
464 1294 737 1331 transuersim
753 1291 891 1335 dueta,
908 1293 1147 1333 videbatur,
1165 1303 1218 1330 ea
1233 1294 1414 1336 ratione,
1433 1303 1520 1338 qua
1536 1293 1625 1329 iam
1641 1291 1977 1335 declarauimus,

335 1347 555 1384 institutas.
580 1347 698 1393 Quid
720 1358 824 1383 vero
848 1346 900 1383 de
923 1346 1005 1383 hac
1027 1345 1300 1383 Obseruandi
1321 1347 1490 1382 ratione
1511 1344 1704 1388 sentiam,
1729 1344 1766 1381 8(
1789 1345 1893 1391 quid
1916 1344 1977 1381 illi

334 1401 534 1443 tribuam,
552 1400 685 1447 paulo
703 1404 802 1437 ante
819 1399 916 1437 satis
932 1411 959 1436 a
974 1410 1045 1436 me
1062 1399 1302 1436 indicatum
1319 1398 1386 1441 est,
1403 1398 1474 1435 vbi
1491 1400 1622 1435 etiam
1638 1397 1797 1441 addidi,
1816 1399 1978 1444 requiri

335 1455 627 1501 cognitionem
653 1458 814 1490 certam
843 1452 1042 1490 locorum
1067 1451 1371 1499 Longitudinis
1396 1451 1433 1488 &
1459 1451 1718 1488 Latitudinis
1743 1450 1978 1488 affixarum

335 1506 579 1549 Stellarum,
597 1518 784 1553 quarum
801 1505 899 1543 vsus
914 1507 960 1542 in
976 1504 1059 1542 1130
1070 1505 1316 1552 Pragmatia
1332 1503 1578 1547 adhibetur;
1596 1504 1638 1542 id
1655 1504 1773 1551 quod
1789 1515 1815 1541 a
1831 1503 1977 1541 Moest-

335 1560 425 1596 lino
446 1561 575 1596 nimis
596 1559 740 1596 secure
762 1557 1005 1606 neglectum
1027 1559 1102 1595 esse
1118 1558 1259 1596 video.
1280 1558 1406 1595 Vnde
1427 1557 1677 1604 impossibile
1695 1557 1853 1600 euadit,
1875 1568 1977 1594 eum

335 1613 389 1650 ad
405 1618 571 1650 tantam
588 1613 671 1650 loci
689 1612 887 1650 Cometae
903 1611 1214 1658 praecifionem,
1237 1616 1448 1658 quantam
1464 1610 1602 1658 sperat
1619 1609 1656 1647 8(
1672 1609 1862 1657 spondet,
1883 1621 1976 1656 per-

335 1677 498 1703 uen1re.

388 1719 441 1756 Vt
457 1724 604 1756 autem
621 1718 804 1766 idipsum
821 1717 1087 1756 manifestius
1104 1717 1396 1765 cognoscatur,
1413 1728 1504 1754 non
1521 1716 1597 1754 abs
1614 1728 1658 1754 re
1675 1728 1745 1754 me
1761 1714 1977 1754 facturum

335 1772 529 1815 arbitror,
551 1772 579 1809 fi
600 1774 792 1818 primum
809 1773 981 1809 veriora
997 1771 1232 1809 Stellarum
1252 1770 1361 1814 loca,
1383 1770 1531 1817 qualia
1549 1769 1727 1808 Coelum
1746 1769 1886 1816 ipsum
1901 1780 1978 1816 per

336 1825 564 1872 exquisitas
582 1824 919 1863 Obseruationes
935 1824 1110 1871 praebet,
1128 1823 1354 1862 contulero
1371 1835 1471 1861 cum
1486 1825 1551 1870 ijs,
1573 1834 1673 1870 quae
1690 1822 1937 1860 Moestlinus
1954 1833 1976 1859 e

337 1878 505 1915 calculo
531 1878 860 1915 Prutenicarum
883 1877 1155 1915 Tabularum
1180 1873 1445 1927 (10-11111131111,
1474 1876 1512 1913 8(
1539 1876 1695 1914 deinde
1720 1875 1977 1923 patefecero,

338 1942 471 1977 quam
489 1930 680 1968 diuersos
692 1931 889 1968 Cometae
902 1930 1073 1977 pofitus,
1090 1930 1145 1968 ab
1157 1930 1237 1973 his,
1255 1942 1365 1977 quos
1378 1929 1449 1967 ille
1462 1929 1643 1976 collegit,
1660 1928 1894 1966 verificatae
1907 1928 1978 1966 hae

338 1984 543 2021 Fixarum
557 1984 868 2031 Longitudines
881 1983 1232 2030 Latitudinesque
1246 1983 1496 2021 exhibeant:
1514 1982 1543 2019 fi
1560 1982 1715 2020 eodem
1727 1987 1877 2019 tenore
1890 1993 1978 2028 quo

338 2036 409 2073 ille
426 2036 535 2079 vsus,
557 2037 611 2074 ad
628 2036 791 2084 singula
809 2036 1189 2080 obseruationum,
1212 2048 1322 2083 quas
1338 2035 1538 2078 recenset,
1559 2040 1769 2082 tempora,
1792 2046 1979 2072 examen

338 2090 530 2127 debitum
546 2089 798 2127 instituatur.
817 2090 885 2127 Ne
900 2091 1028 2137 igitur
1040 2092 1263 2137 negotium
1275 2089 1358 2127 hoc
1370 2089 1566 2136 pluribus
1577 2087 1868 2135 protrahatur,
1885 2099 1978 2134 per-

338 2142 590 2189 plexiusque
611 2142 877 2184 inuoluatur,
899 2142 1092 2189 sequenti
1108 2142 1289 2180 Tabella
1305 2141 1512 2180 succincte
1530 2141 1568 2178 8(
1584 2153 1671 2178 vno
1692 2143 1863 2184 intuitu,
1884 2141 1976 2178 illa-

339 2207 436 2232 rum
453 2195 685 2232 Stellarum
701 2195 811 2237 [itus.
830 2207 1018 2242 quarum
1034 2198 1078 2233 in
1095 2195 1200 2233 locis
1217 2195 1416 2233 Cometae
1433 2195 1692 2232 denotandis
1708 2196 1978 2231 mentionem

338 2248 437 2285 facit
445 2248 703 2290 Moestlinus‚
713 2254 805 2285 tum
815 2248 1051 2286 secundum
1062 2248 1190 2295 ipsius
1200 2249 1511 2289 assumtionem‚
1520 2245 1687 2285 3111οἇ13
1696 2247 1978 2294 Coperniana

339 2300 602 2348 AEquinodtij
625 2301 888 2348 praecisione,
911 2313 1010 2348 quae
1031 2307 1133 2338 tunc
1155 2307 1245 2339 erat
1267 2301 1321 2339 G.
1338 2301 1400 2339 27.
1423 2301 1486 2338 M.
1507 2301 1570 2344 52,
1591 2306 1685 2338 tum
1706 2302 1837 2338 etiam
1857 2302 1979 2337 iuxta

339 2356 561 2400 propriam
582 2356 626 2391 in
648 2354 796 2401 ijsdem
817 2355 987 2392 coelitus
1008 2353 1238 2392 dedudlam
1254 2353 1611 2395 verificationem,
1633 2365 1720 2390 vna
1740 2365 1840 2390 cum
1859 2352 1978 2390 diffe-

339 2409 477 2444 rentia
489 2407 556 2444 his
568 2408 860 2450 intercidente,
879 2407 1015 2444 oculis
1026 2407 1130 2455 subij
1138 2410 1262 2445 ciam.
1280 2407 1362 2445 Vbi
1374 2407 1630 2450 notandum,
1647 2406 1765 2453 quod
1777 2408 1822 2443 in
1832 2405 1979 2443 Tertia

340 2459 377 2496 &
390 2459 558 2505 Quarta
571 2460 770 2506 Equiculi
783 2460 914 2497 Stella
926 2462 1179 2497 retinuerim
1192 2460 1378 2498 eandem
1394 2460 1711 2502 limitationem,
1729 2471 1863 2506 quam
1880 2458 1978 2506 ipse,

342 2512 381 2550 se
393 2524 445 2549 ex
457 2512 770 2550 Obseruatione
783 2513 991 2559 peculiari
1004 2513 1336 2560 deprehendisse,
1348 2513 1487 2556 refert;
1500 2515 1545 2549 in
1557 2524 1645 2559 qua
1656 2511 1981 2559 aliquantulum

1743 2576 1769 2602 a
1785 2576 1979 2602 numeris

2018 826 2049 851 10

2020 1091 2049 1116 15

2015 1356 2049 1381 20

2015 1622 2047 1647 25

2002 1881 2067 1913 259

2015 2153 2049 2178 35

2016 2303 2036 2333 ÷

2016 2417 2050 2442 40
