2209 3213
335 228 410 264 230
826 222 908 258 DE
930 219 1155 259 MUNDI
1176 218 1477 256 AETHEREI

334 333 495 378 pliciter
517 330 608 365 fieri
630 328 864 365 fecundum
885 327 1013 364 Orbis
1034 327 1127 363 eius
1148 324 1484 368 reuolutionern‚
1505 324 1575 363 sed
1595 336 1672 372 per
1691 324 1969 363 librationem

333 383 566 430 quandam,
591 393 677 427 qua
699 382 742 417 in
760 380 888 417 Orbis
910 381 1002 416 eius
1024 377 1371 415 circumferentia
1392 379 1609 425 reciproce
1630 383 1794 425 agatur,
1818 389 1871 416 eo
1892 389 1968 415 no-

333 439 447 473 mine
470 434 661 471 describit
683 438 829 469 centro
852 432 890 469 O
913 431 1133 469 circellum
1155 430 1317 476 RPTQ
1341 430 1490 477 (quem
1513 442 1604 468 non
1626 430 1798 478 prorsus
1821 436 1969 468 rotun-

332 491 446 528 dum,
472 487 538 524 sed
561 486 736 523 oualem
757 487 901 531 potius
921 484 1141 531 defignare
1164 483 1300 527 libuit,
1323 488 1366 520 vt
1389 483 1546 521 melius
1568 483 1843 531 intelligatur,
1868 495 1969 521 eum

332 553 419 578 non
438 543 480 577 in
499 540 630 586 plano
648 539 723 575 esse
741 537 904 575 Circuli
920 543 1065 575 motus
1082 536 1293 580 Cometae,
1310 536 1380 574 sed
1397 538 1436 574 ei
1452 536 1508 574 ad
1524 536 1724 584 Angulos
1740 535 1905 581 Rectos,
1924 538 1970 574 in
2008 551 2023 575 5

331 605 525 631 concauo
539 592 666 630 Orbis
680 594 785 631 eius,
798 596 840 627 vt
852 590 942 627 vult
956 590 1215 634 Moesthnus,
1227 589 1491 634 incumbere,
1504 588 1781 637 perfpeffluae
1794 591 1970 628 rationi-

330 2131 409 2168 bus
422 2131 463 2168 id
477 2131 822 2179 efflagitantibus.
837 2137 879 2169 vt
891 2137 1005 2175 tunc,
1022 2131 1119 2169 licet
1131 2132 1345 2170 rotundus
1357 2131 1440 2176 fiet,
1458 2131 1673 2179 oblongus
1684 2131 1791 2169 visui
1803 2133 1970 2178 ingera-

330 2184 414 2229 tur)
438 2186 482 2221 in
505 2183 637 2221 huius
660 2185 871 2222 diametro
894 2184 1033 2230 POQ,
1059 2196 1159 2231 quae
1182 2187 1323 2232 portio
1347 2185 1402 2222 est
1425 2184 1784 2222 circumferentiae
1806 2183 1970 2222 Circuli

331 2237 403 2273 EF
412 2237 466 2279 G,
488 2237 525 2274 &
546 2249 571 2274 a
593 2237 709 2274 linea
727 2236 855 2274 Recta
875 2237 930 2274 ob
951 2239 1213 2285 paruitatem
1232 2250 1323 2275 non
1339 2237 1587 2276 senfibiliter
1602 2237 1822 2284 discrepat,
1843 2236 1970 2274 libra-

329 2292 494 2327 tionem
510 2290 630 2327 illam
646 2290 812 2327 absolui
825 2290 976 2334 statuit,
994 2302 1045 2328 ea
1057 2291 1162 2338 lege.
1179 2296 1222 2329 vt
1233 2291 1328 2328 haec
1339 2291 1404 2328 bis
1415 2290 1670 2334 restituatur,
1687 2292 1853 2328 interea
1864 2289 1970 2327 dum
2011 2301 2042 2326 ιο

330 2343 363 2379 Ε
371 2342 402 2379 F
411 2342 452 2380 G
463 2343 592 2380 semel
602 2343 657 2380 ad
665 2342 847 2380 Terram
857 2344 1150 2387 conuoluitur,
1163 2346 1337 2382 initium
1348 2343 1603 2391 accipiendo
1615 2355 1642 2381 a
1653 2348 1801 2380 centro
1813 2345 1907 2380 eius
1917 2343 1970 2387 Ο,

329 2407 429 2433 cum
449 2395 540 2433 Soli
560 2397 705 2433 vnitur
721 2392 735 2445 ΙΙ
752 2396 821 2433 vel
842 2399 1093 2443 opponitur;
1115 2397 1302 2444 ideoque
1324 2395 1469 2443 (ducta
1489 2398 1608 2444 prius
1629 2408 1655 2434 a
1676 2401 1823 2434 centro
1841 2396 1970 2434 Orbis
1994 2401 2059 2433 278

330 2448 527 2486 Cometae
541 2449 599 2491 H,
616 2460 688 2495 per
704 2454 900 2486 centrum
917 2449 1087 2492 circelli,
1105 2448 1235 2488 Recta
1247 2450 1291 2487 H
1301 2450 1340 2488 O
1349 2449 1399 2496 R)
1417 2449 1595 2496 quando
1607 2449 1653 2487 H
1662 2449 1700 2487 O
1713 2451 1859 2486 vnitur
1870 2460 1971 2486 cum

329 2501 414 2538 LH
423 2501 473 2544 K,
491 2501 732 2539 librationis
749 2506 894 2539 motus
911 2504 988 2539 erit
1004 2503 1232 2549 vtrobique
1245 2504 1290 2540 in
1303 2503 1348 2547 R,
1366 2503 1552 2541 Cometa
1563 2513 1668 2540 vero
1685 2502 1746 2539 illi
1762 2504 1808 2539 in
1821 2502 1860 2540 O
1873 2513 1970 2539 cen-

1904 2559 1970 2592 tro
