2209 3213
348 221 424 259 330
837 215 921 252 DE
942 212 1166 251 MUNDI
1186 210 1487 249 AETHEREI

347 326 514 362 extitisse
531 324 580 360 54
597 325 878 363 minutorum,
896 318 1167 356 intolerabile
1185 317 1251 361 est,
1268 323 1370 354 tunc
1387 318 1505 354 enim
1520 316 1597 354 sua
1611 316 1911 364 magnitudine
1922 318 1982 354 vi-

346 378 449 415 sibili
470 376 607 422 ipsum
628 375 785 417 Solem,
807 372 1030 420 ipsamque
1049 372 1234 414 Lunam,
1256 369 1391 417 duplo
1411 369 1547 407 ferme
1568 370 1843 416 exuperasset,
1865 370 1983 416 quod

346 432 509 467 nemini
526 434 671 465 tamen
688 427 756 463 vel
772 426 1121 463 semicaecutienti
1137 425 1350 470 apparuit.
1368 422 1462 460 Nec
1479 422 1645 460 dubitat
1656 422 1870 460 Scultetus
1886 423 1982 460 asse-

344 494 448 525 rere,
470 484 562 518 eius
584 481 878 518 dimetientem
899 478 1037 515 Lunae
1058 477 1253 523 Apogeae
1273 475 1388 513 fuisse
1409 475 1603 519 fimilem,
1624 486 1759 522 quam
1780 477 1912 513 etiam
1932 476 1982 514 54

343 536 481 572 statuit
504 535 785 575 minutorum,
810 531 970 578 duplici
994 532 1162 567 ratione
1185 528 1457 576 delinquens,
1482 529 1587 566 dum
1611 528 1648 566 &
1670 528 1746 576 ipfi
1769 528 1920 573 Lunae,
1944 528 1982 566 &
2021 542 2036 567 5

344 588 551 628 Cometae‚
569 588 697 623 nimis
709 595 918 632 magnum
930 583 1192 621 diametrum
1204 587 1490 629 apparentem
1501 582 1704 619 attribuit.
1722 581 1849 620 Luna
1865 583 1983 619 enim

342 653 367 677 a
390 640 531 677 Terris
555 639 828 676 remotissima
850 648 941 674 non
963 638 1105 674 maior
1127 635 1284 673 semisse
1309 635 1481 683 gradus,
1506 646 1587 673 nec
1612 636 1744 672 etiam
1768 636 1982 682 proxima,

342 693 478 730 multo
495 692 576 729 hac
593 693 832 738 quantitate
849 689 1015 727 auctior
1031 691 1232 732 cernitur,
1248 693 1291 725 vt
1305 687 1429 732 recle,
1445 693 1539 726 tum
1550 700 1577 726 a
1589 688 1846 735 quibusdam
1857 688 1982 726 Vete-

342 746 470 789 ribus,
484 751 575 782 tum
588 747 717 782 etiam
727 756 753 782 a
763 743 1010 790 Copernico
1022 741 1299 780 obseruatum
1311 741 1378 779 est.
1392 741 1481 787 Qui
1493 743 1621 789 igitur
1631 741 1677 779 fit
1689 738 1703 791 ΙΙ
1715 747 1758 779 vt
1768 741 1982 779 Scultetus
2006 748 2071 780 416

341 799 468 845 ipfius
484 798 692 835 visibilem
708 797 1004 834 dimetientem
1025 795 1075 833 54
1095 797 1369 832 minutorum
1385 794 1548 839 reddat,
1570 794 1704 842 duplo
1724 794 1826 839 fere,
1847 806 1982 842 quam
2024 807 2054 832 ιο

342 856 547 898 oporteat,
560 849 800 888 maiorem?
813 849 980 896 Capitis
991 860 1096 886 vero
1109 848 1307 886 Cometae
1319 848 1668 895 magnitudinem
1679 847 1826 891 visam,
1840 847 1878 885 8(
1890 849 1982 895 qui-

341 905 439 942 dem
460 907 572 941 circa
593 903 727 950 ipsam
744 903 968 945 Brumam,
990 901 1168 949 quando
1184 901 1425 949 plurimum
1441 913 1467 939 a
1482 903 1625 948 prima
1641 900 1895 947 Quantitate
1911 901 1981 938 de-

341 962 547 999 creuerat,
568 957 665 1003 plus
682 968 816 1003 quam
832 954 963 994 oc'ties
978 954 1086 992 iusto
1102 957 1317 993 maiorem
1334 954 1558 992 constituit.
1580 954 1675 992 Nos
1693 956 1853 992 etenim
1870 956 1983 992 circa

341 1012 463 1047 initia
480 1015 654 1047 exortus
671 1010 881 1053 Cometae‚
903 1008 1081 1055 quando
1098 1013 1227 1055 caput
1244 1010 1337 1045 eius
1352 1009 1510 1045 maiori
1527 1019 1663 1054 quam
1681 1007 1826 1055 postea
1845 1007 1981 1054 splen-

341 1064 444 1100 dore
465 1063 503 1100 &
524 1063 776 1109 Quantitate
797 1064 984 1106 emicuit,
1005 1072 1082 1108 per
1102 1061 1440 1099 Instrumentum
1460 1061 1683 1105 idoneum,
1705 1062 1798 1098 eius
1818 1061 1980 1098 diame·
2022 1073 2052 1098 ι5

340 1122 454 1154 trum
466 1121 749 1163 apparentem
760 1117 833 1153 vix
845 1115 1019 1162 septena
1029 1116 1200 1152 minuta
1211 1114 1464 1161 adimplere,
1480 1114 1623 1152 solerti
1635 1113 1672 1151 &
1683 1113 1831 1152 sedula
1842 1115 1980 1152 anim-

340 1169 594 1207 aduerfione
615 1168 995 1215 deprehendimus.
1017 1168 1081 1205 Ita
1100 1172 1144 1205 vt
1165 1169 1365 1215 quintam
1383 1172 1553 1215 partem
1572 1167 1836 1205 dimetientis
1855 1166 1980 1211 Solis,

339 1222 409 1259 vel
425 1223 561 1260 Lunae
578 1223 772 1269 Apogeae
788 1233 879 1259 non
895 1221 1084 1259 multum
1100 1221 1324 1259 excesserit.

393 1275 511 1313 Huic
532 1287 635 1312 vero
656 1275 809 1313 nostrae
830 1275 1042 1313 assertioni
1062 1276 1259 1321 apprime
1280 1274 1533 1321 astipulatur
1549 1274 1814 1313 Clarissimus
1829 1273 1905 1311 Vir
1925 1273 1980 1312 D.

339 1328 589 1366 Thaddaeus
601 1328 835 1376 Hagecius.
853 1327 994 1365 Refert
1010 1329 1046 1365 is
1062 1330 1180 1365 enim
1196 1327 1256 1374 (vt
1266 1327 1395 1375 supra
1406 1329 1538 1365 etiam
1549 1326 1860 1373 iudicauimus)
1874 1327 1980 1365 Cor·
2018 1341 2052 1366 20

339 1393 420 1428 pus
432 1381 641 1424 Cometae,
658 1393 734 1428 per
746 1382 863 1428 quod
875 1386 1003 1428 caput
1019 1380 1148 1428 ipsius
1164 1380 1440 1418 solummodo
1455 1380 1664 1428 intelligit,
1680 1380 1981 1428 magnitudine

339 1434 413 1472 sua
428 1434 580 1471 vifibili
597 1435 714 1472 Iouis
730 1440 805 1472 aut
820 1434 1002 1472 Veneris
1019 1434 1198 1472 Stellam
1214 1434 1468 1481 adaequasse‚
1489 1434 1621 1481 idque
1642 1435 1755 1472 circa
1770 1433 1873 1471 XIII
1889 1433 1980 1471 No—

339 1487 541 1531 membris,
563 1487 741 1534 quando
763 1487 800 1525 8(
821 1499 900 1535 ego
917 1487 1046 1534 ipfius
1062 1493 1347 1535 apparentem
1363 1489 1653 1534 quantitatem
1669 1487 1894 1535 diligenter
1909 1486 1979 1524 de—

338 1540 510 1578 mensus
526 1540 630 1578 sum.
654 1540 764 1586 Quis
779 1552 883 1578 vero
899 1552 1096 1588 vnquam
1112 1541 1243 1584 Iouis,
1264 1546 1339 1579 aut
1355 1541 1538 1579 Veneris
1554 1540 1729 1578 Astrum
1743 1540 1794 1579 54
1809 1542 1981 1578 minuta

338 1596 383 1630 in
407 1593 534 1631 Coelo
558 1594 776 1640 occupasse
799 1593 1135 1632 animaduertit?
1158 1594 1264 1639 Imo,
1288 1605 1420 1632 nemo
1443 1594 1623 1641 aliquod
1646 1605 1812 1638 eorum,
1835 1595 1980 1632 maius
2017 1607 2051 1632 25

339 1645 503 1684 octonis
513 1646 721 1694 scrupulis
731 1648 862 1685 etiam
869 1646 1014 1684 Terris
1022 1649 1287 1694 proximum,
1298 1658 1522 1695 apparere,
1533 1648 1770 1685 asseuerare
1779 1648 1978 1685 tentauit:

339 1700 428 1746 Ego
444 1711 548 1737 vero
568 1712 623 1737 ne
645 1702 780 1747 quina
801 1700 979 1747 quidem
999 1706 1074 1738 aut
1093 1700 1196 1739 sena
1215 1701 1271 1739 ad
1291 1700 1511 1739 summum
1527 1701 1748 1744 excedere,
1769 1712 1860 1738 non
1876 1702 1981 1738 citra

338 1755 565 1797 rationem,
581 1755 874 1799 pronunciare
891 1753 1039 1791 aufim.

390 1806 554 1843 Verum
570 1805 678 1851 haec,
695 1818 783 1853 quo
800 1807 855 1844 ad
871 1807 1219 1854 magnitudinem
1230 1807 1366 1845 visam
1378 1809 1530 1855 capitis
1542 1807 1741 1845 Cometae
1752 1818 1779 1845 a
1791 1806 1980 1845 Sculteto

338 1861 524 1896 nimium
536 1859 803 1907 ampliatam,
818 1861 1022 1898 omnibus
1035 1862 1166 1898 etiam
1178 1862 1400 1908 imperitis,
1418 1863 1492 1908 qui
1504 1860 1629 1898 illum
1640 1860 1710 1898 vel
1720 1860 1810 1898 solo
1823 1862 1982 1898 intuitu
2019 1873 2052 1899 30

338 1911 606 1958 aspexerunt,
624 1914 796 1951 notiora
811 1913 918 1958 sunt,
935 1925 1070 1960 quam
1086 1919 1129 1951 vt
1145 1925 1256 1961 opus
1267 1913 1314 1952 fit
1325 1914 1377 1952 de
1389 1914 1458 1951 his
1469 1914 1714 1962 longiorem
1726 1913 1980 1961 comproba-

338 1966 502 2002 tionem
517 1971 751 2012 pertexere.

392 2018 594 2055 Existimo
611 2024 770 2063 autem,
792 2031 883 2056 non
899 2019 1037 2057 solum
1054 2031 1118 2063 ea,
1136 2032 1236 2067 quae
1252 2022 1299 2058 in
1315 2026 1471 2068 quarto
1487 2020 1726 2068 Triangulo
1742 2020 1889 2068 plano,
1910 2019 1981 2058 sed

338 2073 606 2117 praecipuam
626 2078 793 2118 partem
814 2084 968 2110 eorum
984 2085 1083 2120 quae
1100 2078 1193 2111 tum
1210 2076 1255 2111 in
1272 2076 1438 2112 caeteris
1454 2072 1713 2118 Reciilinei&
1734 2079 1828 2111 tum
1849 2075 1981 2111 etiam

339 2126 383 2160 in
400 2126 586 2161 nouenis
598 2124 829 2171 Sphaericis
845 2125 926 2163 hos
943 2127 1310 2171 antecedentibus,
1326 2132 1646 2174 proponuntur,
1662 2129 1722 2165 ita
1737 2139 1855 2165 nunc
1866 2138 1893 2165 a
1904 2138 1980 2164 no·
2018 2140 2052 2165 35

338 2176 402 2213 bis
419 2177 595 2220 excussa,
616 2177 653 2214 8(
673 2179 727 2215 ad
743 2178 945 2216 Veritatis
961 2179 1169 2217 latentem
1184 2182 1394 2218 trutinam
1410 2180 1652 2228 ponderata
1668 2181 1757 2224 esse,
1773 2185 1817 2217 vt
1832 2179 1981 2218 nullus

339 2229 458 2266 restet
479 2241 609 2276 aequo
631 2231 803 2274 iudicio,
828 2231 865 2268 8(
887 2232 1022 2270 solido
1042 2232 1202 2270 harum
1223 2244 1369 2271 rerum
1391 2232 1611 2272 intellectu
1631 2234 1835 2281 praeditis,
1859 2232 1980 2271 dubi-

338 2282 607 2372 tandiflcifu&
625 2295 712 2385 (ᾒυο
728 2286 875 2321 minus
892 2286 1143 2330 concedant,
1160 2289 1330 2325 remita
1344 2287 1385 2325 se
1401 2287 1576 2331 habere,
1597 2291 1726 2334 prout
1742 2298 1768 2324 a
1783 2286 1910 2324 nobis
1926 2286 1981 2324 est

338 2337 458 2372 mani
478 2346 500 2372 e
520 2341 617 2373 tata.

391 2388 454 2425 Ex
470 2388 537 2425 his
553 2391 699 2435 itaque
716 2389 920 2428 omnibus
936 2391 1033 2429 satis
1049 2391 1262 2439 superque
1278 2393 1554 2431 manifestum
1570 2393 1637 2438 est,
1657 2404 1792 2440 quam
1808 2392 1980 2430 crebras
2003 2399 2068 2430 417

338 2452 364 2477 a
376 2440 516 2487 Scopo
527 2441 616 2488 ipso
629 2442 907 2487 deflexiones,
925 2446 1037 2482 circa
1048 2444 1181 2483 huius
1194 2445 1392 2485 Cometae
1404 2447 1747 2494 descriptionem,
1764 2445 1980 2484 Scultetus

337 2494 612 2538 commiserit;
633 2495 763 2542 idque
785 2501 877 2533 tum
893 2499 938 2534 in
955 2497 1255 2536 Parallaxibus
1271 2501 1365 2537 eius
1385 2502 1572 2538 nimium
1593 2498 1799 2543 adauctis,
1821 2504 1914 2537 tum
1933 2501 1980 2536 in

1853 2558 1976 2590 motu
