2209 3213
402 227 478 264 472
799 221 1268 260 APOLOGETICA
1290 220 1645 260 RESPONSIO

401 334 493 378 ejus
514 341 606 367 rem
627 329 750 366 aliter
766 328 805 365 se
822 328 983 365 habere
1001 338 1091 365 non
1107 328 1217 374 posse
1235 327 1496 365 contendere
1514 327 1717 365 elaboret.
1734 327 1916 365 Videtur
1931 326 2040 365 mihi

400 385 469 421 hic
494 383 626 420 simile
650 381 857 428 qviddam
879 380 985 423 fieri,
1010 380 1125 427 qvod
1148 383 1193 418 in
1216 380 1440 418 hodiernis
1460 379 1715 427 Theologiae
1739 380 2040 427 professoribus

400 435 801 477 animadvertimus,
824 445 899 471 eos
915 434 1126 477 videlicet,
1143 433 1172 471 fi
1189 445 1286 481 qvae
1302 435 1450 471 minus
1466 432 1574 471 forte
1590 432 1820 480 perspedta,
1841 445 1922 471 nec
1942 433 2040 471 satis

400 489 542 527 adhuc
560 487 746 534 expensa
762 499 788 525 a
803 486 888 524 suis
909 487 1249 534 praeceptoribus
1270 487 1376 524 olim
1397 485 1646 530 hauserunt,
1668 497 1721 524 ea
1740 488 1800 524 ita
1820 486 2040 524 mordicus

401 542 437 579 8(
459 543 733 588 pertinaciter
753 542 876 583 tueri,
898 546 944 577 ut
965 540 1113 578 nullus
1134 539 1179 577 fit
1199 539 1359 577 saniori
1377 540 1543 587 judicio
1566 539 1700 583 locus,
1721 541 1893 583 veritos,
1914 539 1944 576 fi
1963 539 2039 577 ali-

400 607 483 642 qva
500 596 544 631 in
561 599 681 640 parte
699 593 952 631 authoritati
968 593 1145 631 suorum
1162 598 1482 640 praeceptorum
1499 593 1722 639 qvidpiam
1738 592 1975 635 decederet,
1997 592 2039 630 id

400 650 531 685 etiam
544 647 598 684 ad
610 646 650 684 se
667 646 1032 684 redundaturum:
1051 658 1150 684 cum
1166 651 1315 684 tamen
1331 646 1463 694 inem
1480 650 1781 693 praeceptores,
1798 646 1931 684 modo
1947 645 2040 683 diu·

398 703 481 738 tius
498 700 829 747 supervixissent‚
846 699 915 736 vel
928 699 1119 746 plurima
1131 699 1295 747 ipfimet
1307 699 1549 746 ponderata
1561 699 1862 743 emendassent‚
1878 698 1949 736 vel
1964 698 2040 737 sal-

398 760 484 791 tem
505 764 596 790 non
616 754 675 790 ita
695 753 829 800 rigide
851 752 888 790 &
909 754 1189 800 pervicaciter
1208 754 1333 790 tutati
1353 752 1529 790 fuissent.
1551 751 1619 790 Sic
1636 754 1754 789 enim
1770 763 1861 790 non
1877 751 2040 796 dubito,

399 809 502 854 qvin
514 805 775 849 Aristoteles,
788 805 817 843 fi
829 817 851 843 e
865 805 1284 844 Mathematicorum
1296 805 1468 847 Schola.
1486 817 1539 843 ex
1551 817 1636 852 qva
1647 805 1769 843 suam
1781 805 1833 843 de
1846 805 2041 844 Cometis

399 859 624 907 evulgasset
636 858 975 906 conjecturalem
986 859 1254 903 sententiam,
1271 859 1546 906 postmodum
1561 869 1583 896 e
1598 860 1722 897 certis
1734 858 2040 896 observationi-

398 913 477 950 bus
490 913 544 950 ad
558 912 854 950 Parallaxium
871 914 1165 960 cognitionem
1181 913 1443 960 pervenisset,
1460 913 1564 959 qvin
1580 911 1763 959 seipsum
1778 911 1933 950 lubens
1950 923 2040 949 cor-

399 967 572 1009 rexisset‚
591 971 630 1003 et
646 977 736 1003 non
753 965 893 1003 solum
905 966 957 1003 de
970 965 1178 1009 Cometis‚
1196 965 1265 1004 sed
1282 965 1334 1003 de
1349 971 1438 1003 tota
1450 965 1550 1003 coeli
1561 970 1720 1003 natura
1730 970 1858 1012 atqve
1871 965 2041 1003 essentia

399 1019 526 1066 longe
543 1018 666 1056 aliter
678 1018 893 1066 judicium
909 1018 1070 1057 tulisset.
1092 1019 1245 1057 Homo
1262 1018 1352 1063 fuit,
1374 1018 1577 1057 aberrare
1597 1020 1742 1065 itaqve
1760 1020 1911 1066 potuit,
1932 1029 2040 1065 prae-

399 1072 540 1110 sertim
557 1074 601 1109 in
618 1078 707 1109 tam
723 1071 893 1110 sublimi
910 1074 1093 1110 materia
1104 1084 1131 1110 a
1141 1071 1342 1115 sensibus,
1360 1077 1406 1109 ut
1422 1071 1599 1119 ipsemet
1614 1071 1784 1115 fatetur,
1801 1071 2042 1110 admodum

399 1125 573 1163 semota.
592 1124 709 1172 Qvin
727 1130 766 1163 et
782 1127 828 1162 in
843 1124 1043 1172 plurimis
1059 1125 1156 1173 alijs
1171 1127 1358 1173 graviter
1374 1136 1476 1162 eum
1489 1125 1702 1172 impegisse
1717 1129 2043 1172 conqveruntur

400 1191 489 1216 non
506 1178 654 1216 saltem
670 1177 835 1226 Phyfici
852 1178 889 1216 &
906 1178 1082 1222 Medici,
1099 1178 1169 1216 sed
1185 1180 1317 1216 etiam
1333 1178 1408 1226 ipfi
1424 1177 1650 1226 Theologi.
1668 1178 1718 1216 Et
1735 1178 1841 1216 dum
1852 1176 2041 1215 Philoso-

399 1232 550 1279 phiam
566 1231 837 1269 Platonicam
853 1243 879 1269 a
894 1237 1160 1279 praeceptore
1176 1231 1253 1269 suo
1272 1231 1504 1270 desciscens
1525 1233 1738 1269 innovare
1760 1236 1888 1279 atqve
1908 1230 2042 1270 aliam

400 1287 493 1332 ejus
506 1281 519 1335 ΙΙ
532 1284 628 1322 loco
643 1285 830 1322 condere
846 1285 980 1332 paulo
997 1287 1272 1332 arrogantius
1287 1285 1535 1332 praesumfit‚
1551 1286 1598 1322 in
1614 1284 1947 1332 qvamplurimis
1963 1295 2042 1331 pro
2066 1291 2131 1324 37v

401 1338 719 1382 emendatione,
738 1350 868 1385 qvam
880 1338 1189 1385 praetendebat,
1205 1338 1564 1385 depravationem
1576 1340 1720 1386 potius
1732 1337 2042 1386 superinduxit,

401 1398 440 1429 et
456 1391 570 1438 qvod
586 1391 810 1438 pessimum
831 1391 897 1435 est,
919 1391 1184 1429 Academias
1199 1391 1335 1429 ferme
1352 1402 1518 1436 omnes,
1541 1393 1673 1429 etiam
1694 1402 1780 1434 eas,
1803 1402 1900 1438 qvae
1917 1390 2042 1429 Chri-

400 1444 665 1482 stianismum
685 1444 955 1491 profitentur,
977 1450 1037 1482 tot
1054 1446 1147 1492 jam
1168 1444 1335 1482 saeculis
1355 1444 1440 1482 suis
1459 1444 1665 1482 inanibus
1680 1444 1956 1492 sophismatis
1972 1443 2042 1481 de-

400 1499 622 1541 mentavit,
639 1509 717 1544 pro
734 1497 863 1535 rebus
876 1497 974 1545 ipfis
985 1498 1130 1542 verba,
1147 1498 1216 1535 vel
1228 1500 1373 1545 potius
1384 1497 1529 1536 fumos
1541 1498 1749 1536 vendens.
1766 1497 1850 1536 Sed
1861 1497 2043 1545 longum

402 1552 494 1588 esset
517 1553 668 1588 omnia
690 1550 862 1595 referre,
886 1550 1041 1598 qvibus
1064 1551 1256 1589 mundus
1276 1552 1369 1599 J‘am
1391 1551 1456 1589 bis
1478 1550 1598 1588 mille
1618 1553 1817 1598 proxime
1839 1552 1968 1588 annis
1988 1550 2042 1588 ab

401 1606 531 1641 unico
548 1604 622 1641 isto
640 1603 824 1641 Ethnico
841 1603 1034 1648 homine,
1055 1606 1100 1642 in
1121 1604 1332 1652 plerisqve
1353 1616 1444 1642 non
1464 1605 1588 1651 parvi
1606 1605 1818 1642 momenti
1834 1603 1963 1642 rebus
1978 1605 2041 1641 in-

401 1657 591 1695 fatuatus
613 1657 679 1694 eli.
698 1657 855 1695 Veniet
875 1657 1113 1705 aliqvando
1134 1663 1318 1705 tempus,
1340 1658 1516 1705 qvando
1537 1657 1693 1696 eruditi
1714 1657 1866 1695 oculos
1886 1655 2042 1695 rectius

402 1712 596 1757 aperient
613 1710 651 1747 &
667 1712 777 1748 inter
792 1721 947 1748 verum
964 1716 1004 1748 et
1019 1710 1175 1749 falsum
1190 1710 1492 1758 perspicaciori
1508 1712 1667 1748 mentis
1680 1712 1884 1749 acumine
1898 1710 2042 1748 decer-

402 1769 517 1801 nent.
542 1764 719 1801 Interim
739 1769 888 1801 tamen
908 1775 999 1802 non
1020 1775 1251 1811 negavero,
1274 1776 1405 1811 qvam
1424 1764 1627 1811 plurima,
1649 1769 1743 1802 tum
1762 1764 1816 1802 ab
1838 1763 1925 1807 illo,
1949 1768 2043 1801 tum

403 1818 533 1854 etiam
558 1817 654 1864 alijs
680 1816 862 1855 ethnicis
885 1816 1159 1864 Philosophis
1182 1817 1409 1855 excellenti
1434 1817 1602 1855 lumine
1624 1816 1815 1855 naturali
1837 1817 2041 1864 praeditis,

400 1870 560 1907 utiliter
577 1869 614 1907 &
630 1870 727 1908 satis
743 1872 954 1908 veraciter
973 1871 1145 1918 prolata
1166 1871 1254 1909 esse.
1277 1871 1360 1909 Sed
1382 1871 1497 1918 qvod
1519 1872 1670 1908 omnia
1685 1872 1764 1908 rite
1779 1870 1820 1908 se
1837 1870 2041 1914 habeant,

402 1923 599 1970 qvodqve
616 1923 755 1961 multa
771 1923 1044 1970 seqventibus
1059 1924 1329 1971 temporibus
1341 1924 1395 1962 ab
1408 1924 1504 1972 aliJ's
1517 1923 1641 1962 aliter
1652 1923 1906 1971 investigari,
1923 1921 2042 1961 redii-

402 1987 536 2023 usqve
551 1976 779 2023 dijudicari
791 1988 882 2014 non
894 1979 1125 2024 potuerint,
1142 1988 1421 2025 neqvaqvam
1433 1976 1649 2024 astipulor.
1667 1976 1851 2015 Naturae
1863 1975 2044 2024 Abyssus

403 2028 457 2066 est
480 2029 747 2073 inexhausta,
771 2041 850 2067 nec
874 2041 1028 2068 omnes
1051 2030 1270 2074 mortales,
1295 2032 1367 2078 qvi
1390 2031 1444 2068 ab
1468 2032 1591 2068 initio
1613 2029 1790 2068 fuerunt
1809 2029 1880 2067 vel
1899 2029 2044 2068 adhuc

402 2081 534 2119 futuri
555 2082 660 2125 sunt,
683 2085 833 2120 omnia
854 2095 951 2130 qvae
972 2085 1017 2121 in
1038 2083 1240 2121 universa
1260 2095 1407 2121 rerum
1427 2089 1586 2122 natura
1606 2083 1869 2127 delitescunt,
1890 2081 2043 2120 suffici-

404 2140 523 2172 enter
544 2135 789 2179 enodarint;
811 2136 975 2174 nedum
996 2142 1041 2174 ut
1062 2138 1140 2174 uni
1161 2137 1292 2175 alicui
1313 2142 1480 2175 tantam
1498 2136 1720 2175 scientiam
1736 2136 1912 2184 indigne
1928 2137 2042 2174 attri-

403 2187 602 2225 buamuS.
618 2188 760 2235 Atqve
772 2188 867 2226 haec
879 2191 991 2227 circa
1004 2189 1284 2236 qvaestionem
1297 2190 1349 2228 de
1362 2190 1557 2228 Cometis
1568 2189 1698 2228 latius
1710 2201 1842 2237 qvam
1853 2189 1907 2228 ab
1919 2190 2043 2228 initio

405 2240 718 2285 constitueram,
743 2240 933 2285 tractata,
957 2248 1057 2289 peto
1078 2249 1124 2280 ut
1144 2244 1248 2281 boni
1270 2243 1482 2287 consulas,
1503 2248 1543 2281 et
1563 2243 1856 2291 prolixitatem
1877 2242 1932 2280 ob
1952 2253 2043 2280 ma-

404 2295 524 2330 teriae
541 2293 842 2331 obscuritatem
858 2295 992 2341 paulo
1008 2295 1141 2333 fufius
1153 2296 1465 2334 declarandam
1476 2296 1725 2334 excusatam
1735 2296 1912 2334 habeas.
1928 2295 2044 2333 Tum

405 2347 536 2383 etiam
548 2346 576 2383 fi
589 2358 684 2393 qvae
698 2349 888 2385 veritatis
900 2348 1130 2386 asserendae
1148 2350 1286 2387 caussa
1301 2350 1376 2388 tibi
1392 2361 1483 2387 non
1499 2350 1736 2388 arridentia
1751 2348 1922 2397 prolata
1936 2348 2043 2391 sunt,

406 2410 458 2436 ea
473 2401 665 2446 ingenuo
683 2399 720 2437 8(
736 2400 1040 2447 Philosophico
1057 2404 1207 2440 animo
1224 2405 1338 2450 aeqvi
1353 2403 1543 2450 boniqve
1560 2404 1748 2450 accipias
1763 2402 1908 2440 velim.

458 2452 600 2499 Atqve
613 2454 706 2500 jam
722 2452 824 2490 huic
840 2454 1126 2501 Apologetico
1142 2455 1295 2502 scripto
1312 2455 1447 2494 finem
1463 2458 1690 2504 imponere
1710 2456 1867 2499 liceret,
1889 2454 1966 2492 nisi
1984 2453 2044 2492 al-

404 2510 495 2543 tera
513 2505 687 2552 qvaestio
703 2507 755 2544 de
772 2506 1076 2554 hypothesium
1091 2508 1334 2547 nostrarum
1351 2509 1639 2553 ordinatione,
1656 2520 1787 2557 qvam
1801 2520 1892 2546 non
1905 2507 2045 2546 solum

1998 2573 2045 2599 m

2081 818 2112 844 10

2083 1085 2113 1110 15

2080 1351 2114 1376 20

2080 1616 2114 1642 25

2080 1882 2114 1908 30

2081 2148 2114 2174 35

2081 2414 2115 2439 40
