2209 3213
342 207 418 243 366
835 203 917 240 DE
939 201 1165 240 MUNDI
1186 200 1489 239 AETHEREI

342 313 377 348 8(
395 314 504 348 inter
520 312 605 347 alia
623 309 869 347 Parallaxin
887 310 980 345 eius
997 307 1178 344 definire
1199 319 1289 345 non
1311 309 1572 344 intentatum
1592 306 1777 354 reliquit,
1799 309 1980 346 asserens

341 377 438 402 eam
460 365 572 400 fuisse
594 369 698 409 part.
721 363 778 402 2¹2,
804 364 915 399 circa
936 361 1225 398 Altitudinem
1246 360 1374 407 supra
1395 360 1686 397 Horizontem
1707 360 1731 398 9
1751 361 1979 408 graduum,

341 419 524 463 ideoque
542 417 783 453 distantiam
801 427 826 452 a
843 414 978 451 Terra
994 413 1182 451 habuisse
1199 413 1249 450 24
1266 413 1713 451 Semidiametrorum.
1736 414 1853 452 Licet
1873 426 1980 453 11010

340 473 516 516 propius
537 469 645 515 alijs,
668 468 756 514 ipso
778 470 822 504 in
844 467 925 504 hac
947 473 1036 504 arte
1053 466 1191 504 multo
1209 467 1528 510 eruditioribus,
1550 467 1605 504 ad
1622 466 1902 505 Parallaxeos
1918 470 1980 505 in-

338 523 650 560 sensibilitatem
664 522 887 563 accesserit;
906 520 1115 567 siquidem
1128 522 1271 557 caeteri
1284 531 1381 557 eam
1394 521 1608 557 maiorem
1621 521 1765 566 quinis
1777 521 1981 567 gradibus

339 575 583 615 efficientes,
606 574 740 620 duplo
761 574 858 620 plus
880 585 1013 620 quam
1035 573 1105 610 ille
1124 585 1150 610 a
1169 573 1310 620 Scopo
1331 572 1541 610 deflexisse
1562 573 1811 611 uideantur:
1833 579 1980 612 tamen

340 640 437 665 eum
452 640 529 674 pro
542 628 673 669 libito,
691 639 781 664 non
794 638 816 664 e
829 633 943 664 certa
956 627 1148 673 quadam
1162 626 1490 669 Obseruatione,
1504 625 1575 663 uel
1588 625 1980 671 Demonstratione‚

339 682 451 718 113110
477 680 755 718 Parallaxeos
781 680 1030 717 mensuram
1056 680 1277 721 ordinasse,
1302 680 1403 717 inde
1429 679 1527 717 satis
1552 679 1699 726 liquet,
1728 680 1845 726 quod
1871 682 1981 718 inter

339 734 547 771 Azimuth
570 734 766 770 Cometae
793 733 934 770 uisum
958 733 995 770 8(
1019 744 1175 771 uerum
1201 733 1439 780 distinguat,
1467 731 1845 779 differentiamque
1871 735 1981 772 inter

338 788 432 824 haec
449 787 588 829 faciat,
611 787 652 823 P.
670 787 705 824 2.
724 786 786 823 M.
804 787 857 830 21,
880 786 1098 833 aequalem
1115 786 1190 833 ipsi
1206 786 1424 824 Parallaxi
1441 785 1707 829 Altitudinis,
1727 788 1904 833 ignarus
1919 787 1980 824 lo·

339 852 436 878 cum
454 840 594 877 uisum
612 839 648 876 &
666 852 834 883 uerum,
856 845 1198 887 quantacunque
1214 839 1342 877 fuerit
1357 839 1610 882 Parallaxis‚
1631 839 1798 886 semper
1819 839 1980 878 uersari

338 896 382 931 in
399 894 553 931 eodem
570 893 765 930 uerticali
777 893 967 935 Circulo,
984 893 1171 940 ideoque
1184 895 1229 930 in
1241 893 1397 931 eodem
1409 894 1540 930 etiam
1552 892 1714 939 ubique
1726 893 1979 932 Azimutho.

338 947 420 984 Sed
446 946 540 983 haec
565 946 740 985 inscitia.
772 946 942 984 homini
968 947 1245 989 Mechanico,
1273 946 1310 984 8(
1335 951 1473 984 3110111
1498 944 1724 993 pictoriam
1750 949 1979 991 exercenti,

338 1000 577 1037 condonari
600 999 747 1046 potest;
772 1002 941 1037 utinam
964 1000 1036 1047 alij
1062 1000 1330 1043 eruditiores,
1352 999 1390 1037 8(
1411 998 1661 1037 Matheseos
1684 999 1979 1038 fundamentis

337 1053 512 1090 solidius
535 1051 734 1096 11111111611,
760 1053 890 1091 ficubi
913 1065 1004 1091 non
1027 1055 1173 1091 minus
1197 1053 1381 1091 absurda
1403 1052 1616 1096 adferunt,
1642 1059 1732 1090 tam
1756 1052 1882 1091 facile
1908 1065 1978 1091 ex-

337 1106 602 1144 cusationem
625 1112 908 1144 mererentur.
930 1106 1115 1150 Caetera,
1137 1118 1238 1154 quae
1258 1106 1433 1144 adducit
1454 1106 1505 1143 de
1526 1106 1632 1143 locis
1653 1106 1979 1154 Apparentibus

338 1159 547 1202 Cometae,
570 1159 607 1196 &
628 1158 895 1197 distinctione
912 1171 1121 1197 uerorum
1137 1172 1164 1198 a
1179 1159 1291 1202 uifis,
1312 1164 1404 1197 tum
1421 1161 1532 1197 inter
1547 1159 1600 1203 se,
1621 1164 1714 1197 tum
1731 1162 1862 1198 etiam
1879 1172 1979 1198 cum

337 1225 381 1250 re
403 1212 503 1259 ipsa,
524 1214 671 1250 minus
691 1213 881 1251 consona
896 1213 1003 1251 sunt.
1026 1213 1176 1259 Quare
1193 1213 1245 1251 de
1262 1212 1329 1250 his
1346 1218 1476 1259 atque
1493 1212 1601 1260 alijs‚
1624 1224 1724 1260 quae
1741 1213 1795 1251 ab
1811 1213 1887 1251 illo
1903 1225 1979 1260 per

337 1267 598 1312 imperitiam
619 1272 937 1313 proponuntur,
960 1266 1065 1304 nolo
1085 1266 1212 1313 plura
1235 1266 1389 1304 dicere.
1412 1264 1455 1303 Si
1477 1268 1521 1303 in
1542 1266 1610 1303 his
1626 1266 1804 1304 Artibus
1824 1265 1978 1305 funda-

337 1319 581 1356 mentaliter
604 1319 816 1357 institutus
839 1319 984 1362 fuisset‚
1010 1319 1118 1357 forte
1142 1331 1194 1357 eo
1218 1319 1273 1357 est
1296 1321 1484 1367 ingenio,
1508 1324 1555 1357 ut
1576 1319 1786 1366 pleraque
1810 1318 1978 1364 rectius,

337 1384 470 1419 quam
487 1372 689 1410 nonnulli
706 1373 793 1420 alij,
810 1375 856 1410 in
871 1373 1067 1411 medium
1083 1372 1304 1420 proferret.

390 1425 472 1463 Sed
496 1427 626 1463 nimis
649 1426 828 1474 longum
852 1431 982 1473 atque
1005 1426 1232 1464 taediosum
1254 1425 1376 1469 foret,
1400 1437 1554 1463 omnes
1575 1425 1807 1470 recensere,
1831 1428 1906 1473 qui
1926 1426 1979 1464 de

337 1478 419 1516 hoc
446 1479 642 1521 Cometa,
673 1484 764 1516 tum
791 1480 959 1523 Latino,
989 1485 1082 1517 tum
1109 1482 1239 1517 etiam
1266 1479 1534 1517 Germanico
1560 1478 1783 1523 Idiomate‚
1813 1479 1979 1526 aliquid

337 1534 616 1569 commentati
628 1532 738 1575 sunt;
756 1545 944 1579 quorum
957 1535 1152 1571 maxima
1163 1545 1264 1580 pars
1275 1532 1386 1570 nihil
1396 1532 1531 1576 solidi,
1544 1537 1758 1579 quantum
1771 1533 1825 1570 ad
1837 1533 1978 1571 Astro-

337 1587 558 1622 nomicam
575 1588 667 1623 eius
684 1585 997 1624 dimenfionem
1015 1589 1177 1630 attinet,
1199 1588 1243 1623 in
1264 1586 1460 1624 medium
1480 1585 1674 1632 protulit:
1695 1585 1765 1624 sed
1785 1585 1934 1624 saltem
1955 1598 1978 1624 e

337 1639 506 1686 uulgari
518 1639 695 1686 Physica
707 1639 744 1676 8(
756 1639 997 1687 Astrologia
1010 1641 1150 1686 petitis
1162 1639 1456 1687 opinionibus,
1474 1641 1596 1677 uarie
1613 1641 1659 1676 in
1674 1638 1800 1677 suum
1811 1639 1979 1678 sensum

337 1691 568 1738 pertractis,
587 1692 757 1730 chartas
775 1692 931 1730 otiosas
948 1693 1142 1740 repleuit.

390 1745 483 1782 Nec
500 1745 742 1789 defuerunt,
760 1748 890 1783 etiarn
907 1748 1017 1783 inter
1034 1758 1109 1784 eos
1126 1748 1200 1793 qui
1211 1745 1500 1793 Theologiam
1516 1745 1785 1793 profitentur,
1803 1748 1877 1793 qui
1889 1758 1979 1784 una

337 1798 389 1835 de
411 1797 493 1835 1100
515 1798 700 1836 Cometa
720 1799 842 1836 suam
863 1799 1133 1837 Sententiam
1153 1799 1442 1846 publicarunt.
1466 1801 1578 1836 inter
1598 1810 1708 1846 quos
1731 1801 1979 1846 praecipuus

338 1851 391 1888 est
413 1851 571 1888 Clariss.
593 1852 670 1888 Vir
690 1852 744 1889 D.
763 1852 948 1889 DAVID
971 1852 1302 1890 CHYTRAEVS
1322 1854 1368 1890 in
1388 1854 1535 1890 uicino
1552 1852 1804 1890 Teutonum
1824 1852 1977 1896 littore,

338 1904 453 1950 apud
467 1904 798 1946 Rostochienses,
811 1905 1065 1953 Theologiae
1083 1911 1213 1953 atque
1231 1905 1524 1943 Historiarum
1535 1905 1740 1943 Professor
1756 1905 1979 1943 celeberri-

337 1968 446 1994 mus.
465 1957 504 1994 Is
520 1960 564 1994 in
581 1958 760 2004 pagellis
777 1958 943 2005 aliquot
960 1959 1012 1996 de
1030 1959 1164 1997 Noua
1180 1959 1313 1997 Stella
1329 1959 1465 2002 editis,
1482 1958 1608 1996 suum
1624 1959 1676 1996 de
1693 1958 1776 1997 hoc
1794 1959 1979 1997 Cometa

337 2010 550 2047 Iudicium
567 2010 796 2053 subiunxit,
815 2012 990 2058 eiusque
1007 2012 1178 2050 cursum
1195 2012 1387 2060 generali
1398 2012 1602 2059 indagine
1614 2012 1669 2050 ad
1682 2014 1851 2050 uicinos
1862 2012 1979 2050 Aste-

337 2062 488 2099 rismos
511 2066 794 2109 comparauit.
819 2064 951 2102 Fuisse
975 2077 1082 2103 uero
1106 2066 1341 2103 Meteoron
1364 2067 1409 2103 in
1432 2065 1633 2113 suprema
1652 2066 1780 2103 Aeris
1802 2067 1979 2113 regione

336 2115 572 2158 incensum,
590 2116 627 2153 8(
644 2117 777 2163 paulo
793 2117 893 2164 post,
911 2118 1106 2156 absumta
1122 2121 1317 2162 materia,
1336 2118 1622 2166 conflagrasse,
1639 2119 1876 2156 asseuerare
1888 2130 1980 2156 non

337 2169 512 2206 dubitat.
532 2169 665 2215 quue
678 2182 700 2206 e
712 2170 991 2217 Phyficorum
1003 2172 1240 2219 uulgariter
1251 2172 1492 2219 approbata
1504 2173 1712 2218 opinione
1729 2174 1873 2219 potius
1888 2171 1978 2209 sen-

336 2223 394 2263 tit,
419 2233 553 2268 quam
577 2223 693 2269 quod
717 2223 789 2260 uel
812 2224 1089 2262 Authoritate
1113 2225 1347 2263 Sacrarum
1370 2225 1626 2269 Literarum,
1653 2224 1725 2262 uel
1750 2225 1804 2262 ab
1829 2225 1979 2271 aliqua

337 2280 451 2311 certa
469 2275 795 2318 Obseruatione,
815 2288 864 2313 ac
882 2277 1261 2315 Demonstratione
1278 2278 1592 2321 Astronomica,
1614 2280 1805 2315 rationes
1821 2277 1978 2315 infalli-

336 2327 454 2369 biles,
473 2339 548 2365 cur
562 2328 684 2365 aliter
696 2331 741 2366 in
754 2329 947 2367 Cometis
964 2330 1057 2367 fieri
1074 2338 1275 2378 nequeat,
1292 2333 1338 2369 in
1353 2336 1529 2378 promtu
1545 2331 1715 2369 habeat.
1733 2331 1880 2378 Atque
1896 2330 1978 2368 hac

336 2382 380 2417 in
401 2386 521 2427 parte
542 2383 721 2418 ueniam
742 2381 867 2419 facile
888 2389 1089 2425 meretur,
1111 2384 1321 2431 Equidem
1337 2396 1363 2422 a
1380 2386 1670 2422 communiter
1686 2389 1858 2431 recepta
1874 2384 1977 2422 Sen-

335 2435 469 2470 tentia
486 2433 660 2471 difficile
677 2434 731 2471 est
748 2437 852 2472 citra
869 2441 1030 2473 certam
1043 2439 1357 2483 experientiam
1370 2437 1407 2475 8(
1419 2437 1860 2479 Demonstrationem,
1878 2448 1978 2483 quae

336 2497 425 2523 non
442 2486 603 2533 ubique
619 2487 752 2524 obuia
767 2487 832 2531 est,
851 2492 1061 2526 amoueri.
1080 2489 1202 2536 Quas
1214 2502 1321 2528 uero
1333 2492 1491 2537 partim
1502 2490 1978 2580 Theologicasshpfftim

1830 2555 1858 2591 y
1892 2553 1976 2587 cas,

2022 799 2052 824 10

2020 1066 2050 1090 15

2017 1331 2051 1356 20

2017 1598 2049 1622 25

2017 1864 2050 1889 30

2017 2130 2050 2155 35

2015 2395 2049 2421 40
