2209 3213
112 808 141 833 10

111 1074 140 1098 15

108 1339 140 1364 20

109 1605 141 1629 25

96 1652 153 1683 lOv

110 1871 143 1895 30

113 2136 145 2160 35

430 209 519 247 AD
541 208 851 247 CRAIGUM
874 208 1145 247 SCOTUM
1168 209 1250 246 DE
1273 208 1562 247 COMETIS
1739 208 1816 244 429

179 317 433 355 violentiam
448 327 539 353 non
555 314 813 357 sustinentia,
835 315 1049 362 paulatim
1065 316 1118 353 ab
1136 327 1188 353 eo
1206 315 1472 361 consumpta,
1492 316 1536 351 in
1556 314 1727 351 fumum
1744 312 1815 350 ab·

179 375 294 408 eunt.
312 370 428 408 Cum
441 374 589 407 tamen
601 370 802 406 omnium
814 368 1099 406 Metallorum
1117 369 1271 406 eadem
1288 368 1333 405 sit
1349 370 1490 414 prima
1507 369 1702 411 materia,
1720 366 1818 404 licet

178 435 268 462 non
290 425 336 461 in
359 421 532 470 singulis
557 421 612 459 ad
638 421 825 458 eandem
849 424 1144 459 maturitatem
1171 422 1208 459 &
1233 419 1542 468 perfectionem
1565 421 1618 458 ab
1641 419 1816 457 Archeo

178 476 358 514 terrestri
383 475 550 523 digesta,
577 474 711 511 simile
737 474 838 520 qvid
863 476 908 511 in
933 474 1022 521 ipso
1048 475 1161 512 coelo
1186 474 1281 512 fieri
1306 475 1407 521 qvid
1432 472 1637 520 impedit?
1663 473 1817 519 Neqve

179 531 296 568 enim
313 529 411 567 ideo
427 528 535 566 illud
550 539 642 565 non
658 529 849 574 recipere
866 539 1050 574 corpora
1067 527 1326 565 dissolutioni
1342 527 1478 565 statim
1496 527 1688 564 obnoxia
1704 525 1817 563 suffi-

178 585 338 620 cienter
358 581 579 629 probatur,
601 582 703 627 qvia
723 580 890 626 reliqva
911 582 1061 618 omnia
1077 580 1201 618 Astra
1221 581 1275 618 ab
1297 580 1379 617 hac
1400 582 1617 617 immunia
1637 579 1727 617 fint.
1750 579 1818 617 Sic

178 638 297 674 enim
317 636 599 673 ratiocinatus
621 633 675 671 est
695 633 828 670 vester
844 633 1104 675 Aristoteles.
1127 635 1198 680 qvi
1219 633 1443 671 Mundum
1464 633 1581 671 hunc
1602 638 1818 670 aeternum

179 689 253 726 esse
276 688 412 726 finxit.
439 687 557 733 Qvin
579 688 724 734 potius
747 698 848 723 cum
871 686 1194 724 observationes
1218 691 1345 724 certae
1369 686 1406 723 &
1430 685 1817 723 demonstrationes

179 742 483 784 Geometricae‚
504 740 678 787 ipsaqve
701 741 971 786 experientia
991 739 1172 782 testetur,
1194 741 1238 777 in
1261 739 1373 777 coelo
1395 751 1512 776 nova
1532 739 1705 786 prodire
1727 750 1817 775 cor—

177 806 285 842 pora
305 805 639 840 nonnunqvam‚
662 804 762 839 quae
785 792 1033 830 alterationi
1053 792 1090 829 &
1109 792 1337 830 abolitioni
1362 792 1440 829 sint
1465 791 1664 839 subjecta,
1691 791 1818 838 longe

177 848 311 886 aliam
324 848 399 885 esse
412 846 648 885 coelestium
660 850 877 889 naturam,
895 857 1027 892 qvam
1043 845 1114 883 ille
1130 848 1334 892 opinatus
1351 845 1417 887 est,
1436 850 1475 882 et
1491 845 1586 882 haec
1603 845 1703 892 ipsa,
1722 856 1818 891 qvae

178 901 352 939 Mundo
368 900 463 938 sunt
479 901 721 947 congenita,
743 904 839 936 utut
857 899 912 936 ad
931 901 1174 936 maximam
1194 897 1504 945 perfectionem
1524 898 1731 936 divinitus
1748 897 1817 935 de-

178 953 316 998 ducta,
334 966 418 1001 qva
434 955 736 995 mutationem,
754 952 963 999 qvamdiu
981 952 1172 1000 Systema
1189 952 1349 989 Mundi
1365 952 1621 998 perdurarit,
1638 963 1729 989 non
1744 962 1818 997 pa-

177 1009 351 1050 tiantur,
368 1007 605 1053 aliqvando
621 1010 770 1043 tamen
787 1007 918 1043 etiam
931 1005 1174 1043 dissolutum
1188 1007 1251 1047 iri,
1269 1005 1371 1042 hinc
1383 1005 1521 1042 multo
1534 1003 1689 1042 rectius
1701 1004 1818 1041 colli-

176 1072 274 1109 gere
297 1060 452 1103 licebit,
476 1059 594 1097 velut
617 1060 748 1096 etiam
771 1070 852 1096 nos
875 1059 993 1096 sacra
1016 1070 1108 1096 non
1130 1070 1221 1095 uno
1245 1060 1290 1096 in
1313 1058 1410 1095 loco
1434 1059 1589 1095 docent
1613 1057 1818 1099 Oracula,

177 1113 449 1162 qvorumyel
464 1115 645 1151 unicum
666 1114 742 1149 toti
762 1111 1041 1149 Aristotelicae
1058 1111 1350 1158 Philosophiae
1372 1111 1732 1158 anteponendum
1748 1122 1818 1147 ve-

177 1169 250 1205 nit.
269 1167 319 1204 Et
335 1166 436 1205 sane
452 1166 548 1204 haec
565 1165 654 1213 ipsa
670 1165 951 1203 ascititiorum
968 1166 1013 1202 in
1030 1165 1143 1202 coelo
1160 1176 1394 1211 corporum
1406 1166 1649 1211 procreatio
1662 1175 1819 1201 eorun-

177 1221 362 1267 demqve
380 1219 694 1262 evanescentia,
712 1220 1000 1256 aeternitatem
1017 1218 1178 1255 Mundi
1190 1217 1365 1255 visibilis
1377 1217 1432 1255 ab
1444 1217 1670 1254 Aristotele
1687 1217 1819 1255 sanci-

176 1279 266 1311 tam
282 1272 510 1320 improbat,
529 1272 567 1310 &
582 1283 664 1310 nos
680 1272 733 1309 de
751 1274 927 1310 interitu
945 1283 1093 1309 rerum
1113 1271 1360 1314 universali,
1383 1282 1512 1317 qvem
1532 1270 1662 1308 sacrae
1684 1270 1819 1307 literae

176 1327 431 1374 praedicunt,
453 1326 673 1364 admonet.
697 1325 828 1363 Anne
849 1324 1058 1363 inficiaris
1079 1336 1244 1362 novam
1264 1324 1428 1361 stellam
1450 1326 1494 1361 in
1515 1324 1604 1371 ipso
1626 1323 1820 1361 altissimo

176 1380 355 1418 AEthere
372 1379 602 1422 constitisse,
620 1390 721 1416 cum
735 1378 905 1416 nullam
917 1377 1089 1425 prorsus
1102 1377 1351 1415 Parallaxin
1364 1379 1409 1415 in
1421 1377 1496 1414 sua
1509 1377 1819 1414 convolutione

178 1432 447 1471 exhibuerit?
470 1437 517 1470 ut
537 1444 628 1470 non
648 1431 788 1469 solum
809 1443 835 1469 a
855 1443 925 1469 me
947 1431 1017 1469 sed
1038 1431 1372 1478 qvamplurimis
1395 1431 1492 1478 alijs
1516 1431 1627 1468 adeo
1650 1430 1820 1468 indubi-

177 1491 317 1524 tanter
332 1485 687 1524 animadversum
704 1485 741 1522 &
759 1485 1037 1523 Geometrice
1054 1484 1395 1522 demonstratum
1413 1484 1479 1526 est,
1502 1489 1547 1521 ut
1564 1485 1635 1530 qvi
1652 1488 1820 1520 contra-

178 1540 319 1577 dicere
344 1539 516 1583 audeat,
542 1539 582 1576 se
607 1538 677 1576 vel
702 1538 824 1576 sensu
849 1540 1075 1576 communi
1101 1549 1248 1575 carere
1273 1537 1343 1574 vel
1368 1539 1595 1574 veritatem
1620 1535 1821 1583 amplecti

177 1592 294 1631 nolle
311 1597 458 1640 aperte
476 1592 679 1630 ostendat.
702 1592 814 1629 Haec
831 1594 1011 1638 inqvam
1027 1590 1156 1634 stella,
1174 1602 1274 1628 cum
1291 1590 1416 1628 nobis
1434 1601 1456 1627 e
1473 1590 1642 1627 sublimi
1660 1589 1821 1627 aethere

178 1657 330 1684 revera
351 1645 552 1689 illuxerit,
574 1645 672 1683 licet
693 1645 806 1683 ultra
823 1641 837 1695 ΙΙ
854 1647 1070 1692 integrum
1087 1655 1256 1682 annum
1276 1643 1533 1690 perdurarit,
1555 1648 1704 1690 utpote
1721 1654 1743 1680 e
1760 1642 1821 1679 so-

178 1699 321 1737 lidiori
338 1699 376 1736 &
391 1701 530 1746 magis
551 1698 742 1736 exaltata
763 1698 961 1736 constans
981 1699 1178 1740 materia,
1200 1703 1349 1734 tamen
1370 1696 1589 1734 successive
1611 1700 1822 1742 perpetuo

179 1752 377 1795 decrevit,
395 1752 534 1790 donec
550 1752 695 1799 postea
710 1752 889 1789 tandem
905 1756 994 1788 tota
1011 1750 1264 1788 consumata
1281 1751 1520 1793 evanuerit,
1537 1749 1660 1787 nullo
1676 1749 1766 1796 post
1781 1748 1821 1785 se

179 1804 325 1843 relicto
341 1805 526 1853 vestigio.
550 1805 665 1850 Qvid
681 1806 809 1852 igitur
825 1804 1025 1852 prohibet
1042 1804 1250 1842 Cometas
1268 1805 1399 1841 etiam
1415 1805 1528 1840 intra
1544 1803 1646 1840 coeli
1663 1802 1822 1839 limites

179 1859 349 1903 versari,
370 1859 468 1896 licet
489 1858 527 1896 8(
548 1858 610 1896 illi
631 1859 896 1905 pedetentim
916 1857 1239 1900 absorbeantur,
1264 1857 1402 1894 donec
1424 1856 1602 1894 tandem
1621 1856 1697 1893 esse
1719 1854 1820 1893 defi-

179 1911 310 1950 nant?
334 1912 448 1950 Sane
470 1912 544 1949 ista
563 1923 682 1950 nova
702 1911 819 1949 stella
840 1910 1078 1948 Aristotelis
1098 1916 1292 1948 mentem
1313 1910 1424 1948 adeo
1448 1914 1594 1956 aperte
1619 1908 1751 1951 elusit,
1776 1914 1822 1945 ut

179 1967 328 2003 mirari
349 1965 447 2003 satis
468 1977 559 2003 non
579 1966 755 2012 possum,
776 1964 907 2012 ipsius
927 1963 1158 2010 discipulos
1178 1963 1248 2001 vel
1268 1964 1368 2001 inde
1390 1962 1651 2005 admonitos,
1674 1964 1720 1999 in
1737 1961 1821 1999 Co-

180 2024 396 2056 metarum
412 2018 489 2056 fitu
507 2018 544 2055 8(
560 2023 719 2056 natura
734 2030 826 2056 non
843 2016 987 2055 adhuc
1003 2019 1194 2054 veritatis
1214 2016 1364 2054 lumen
1383 2017 1541 2053 intueri
1562 2016 1685 2062 posse,
1708 2020 1747 2052 et
1768 2014 1821 2052 ab

180 2073 428 2109 inveteratis
450 2072 681 2114 erroribus,
706 2073 858 2118 qvovis
880 2070 1014 2113 fumo,
1036 2070 1105 2107 vel
1126 2070 1209 2107 istis
1230 2069 1546 2107 fumofitatibus
1567 2068 1822 2106 vanioribus

183 2125 380 2162 nondum
397 2124 648 2172 resipiscere.
672 2125 735 2162 Ex
752 2124 820 2162 his
836 2124 1041 2161 omnibus
1062 2123 1188 2160 facile
1209 2128 1402 2170 apparet,
1424 2133 1556 2169 qvam
1576 2133 1734 2169 parum
1750 2133 1822 2158 va-

180 2177 268 2216 lida
288 2177 377 2221 fint,
400 2190 496 2225 qvae
514 2190 536 2215 e
553 2179 655 2216 coeli
671 2183 830 2215 natura
847 2177 884 2214 8(
901 2176 1182 2214 Planetarum
1198 2182 1321 2214 motu
1342 2178 1489 2222 (qvem
1505 2175 1606 2212 sane
1625 2175 1822 2212 Cometae

180 2233 346 2278 majore
366 2233 640 2269 imitamento
661 2231 940 2273 aemulantur,
962 2241 1093 2276 qvam
1110 2241 1136 2267 a
1152 2231 1304 2276 qvovis
1321 2228 1591 2266 Aristotelico
1612 2227 1823 2266 hactenus

180 2284 532 2322 animadversum
549 2284 621 2330 est)
639 2284 831 2327 adducis,
849 2284 1049 2330 qvodqve
1065 2283 1161 2321 haec
1177 2294 1269 2320 non
1285 2285 1344 2320 ita
1360 2281 1574 2325 differant,
1592 2287 1638 2318 ut
1654 2280 1767 2319 recta
1785 2286 1824 2317 et

181 2337 415 2382 circularis,
441 2338 511 2376 sed
537 2337 843 2376 tantummodo
869 2341 915 2374 ut
940 2336 1127 2374 circulus
1151 2336 1188 2373 8(
1212 2347 1339 2374 arcus
1363 2337 1456 2383 ejus
1480 2335 1635 2382 aliqvis
1659 2336 1822 2371 incom-

181 2390 333 2437 pletus.

235 2443 318 2481 Sed
340 2445 517 2481 veniam
540 2444 595 2482 ad
618 2446 789 2481 tertiam
812 2448 934 2481 tuam
958 2441 1260 2490 objectionem,
1285 2454 1370 2489 qva
1393 2454 1446 2479 ex
1466 2446 1589 2478 motu
1611 2441 1821 2483 Cometae,

183 2508 310 2543 qvem
327 2498 379 2542 ((8
397 2497 633 2535 tardiorem
650 2497 815 2540 habuit,
836 2508 927 2533 non
943 2495 1058 2543 seqvi
1075 2495 1220 2539 infers,
1241 2495 1355 2542 qvod
1371 2494 1666 2541 superlunaris
1682 2493 1821 2584 fuegit.

1786 2557 1823 2583 ic
