2209 3213
110 825 141 850 10

110 1144 139 1170 15

106 1410 140 1435 20

101 1670 143 1701 67

107 1941 141 1966 30

107 2206 141 2231 35

108 2471 142 2496 40

483 228 567 266 DE
589 227 815 266 MUNDI
836 226 1000 266 AETH.
1024 227 1291 266 RECENT.
1313 227 1523 265 PHAEN.
1775 227 1825 265 63

179 334 311 372 Polus
326 334 593 381 AEquatoris,
615 335 690 380 qui
708 333 961 381 intelligitur
976 334 1153 372 describi
1169 345 1245 381 per
1262 334 1445 371 Lineam
1462 333 1646 377 DPGE,
1669 333 1825 371 deinde

180 388 363 426 ducatur
379 386 686 425 Semicirculus
698 386 780 424 AB
790 386 908 430 GFI,
926 389 1001 434 qui
1018 387 1292 434 repraesentet
1308 387 1510 425 colurum
1526 386 1824 429 solstitiorum,

179 443 225 478 in
250 452 338 488 quo
363 442 601 487 accipiatur
629 438 841 487 punetum
865 440 912 483 B,
942 440 1074 478 Polus
1100 440 1319 487 Eclipticae
1345 440 1525 483 Boreus,
1555 441 1668 477 circa
1693 451 1825 487 quem

180 493 387 541 Ecliptica
403 493 646 541 designatur
657 504 733 539 per
744 492 1076 531 Semicirculum
1093 493 1134 531 D
1142 493 1273 531 KFE.
1291 493 1352 531 Sit
1363 505 1481 530 nunc
1492 492 1614 530 locus
1626 492 1825 531 Cometae

179 549 225 584 in
240 545 401 594 puncto
418 546 467 590 C,
489 545 603 584 infra
618 545 920 592 AEquatorem,
937 546 1083 584 versus
1099 546 1256 584 Polum
1272 545 1557 584 antarcticum
1574 546 1603 589 Ι,
1625 546 1824 584 ducatur-

179 611 264 647 que
276 611 302 637 a
314 599 420 637 Polo
432 599 687 646 AEquatoris
702 599 758 637 ad
774 599 925 646 ipsum,
943 602 1084 647 portio
1101 600 1250 637 circuli
1266 601 1414 647 magni
1428 599 1522 637 AH
1531 599 1580 643 C,
1597 599 1825 637 descendat

179 654 311 690 etiam
326 664 353 691 a
368 652 475 690 Polo
492 652 711 699 Eclipticae
728 663 805 699 per
821 652 1011 690 eundem
1027 653 1227 691 Cometae
1247 652 1394 690 locum
1411 652 1647 698 Quadrans
1664 652 1824 695 circuli,

177 705 309 753 vsque
325 707 372 743 in
388 705 653 752 Eclipticam,
677 707 752 752 qui
768 705 815 743 fit
831 705 1007 743 BPCK.
1030 705 1312 743 Manifestum
1333 705 1400 748 est,
1422 705 1540 752 quod
1558 704 1769 752 punctum
1785 705 1825 743 K

179 758 377 797 Cometae
393 758 712 806 longitudinem
728 760 773 795 in
790 758 997 805 Ecliptica
1013 758 1214 806 defignat,
1232 759 1372 796 Arcus
1388 770 1493 796 vero
1510 758 1602 802 KC,
1619 758 1749 806 ipfius
1764 758 1824 796 la-

177 811 408 850 titudinem
430 813 617 849 metitur.
644 811 729 849 His
754 813 901 858 itaque
926 814 972 849 in
996 811 1114 849 hunc
1137 811 1320 849 modum
1343 810 1602 855 construens,
1628 823 1746 849 nunc
1769 812 1824 850 ad

178 867 605 913 argumentationem
624 876 702 912 per
717 864 979 912 Triangulos
995 866 1041 902 in
1057 876 1346 902 numerorum
1361 866 1562 902 notitiam
1578 865 1825 912 dirigendos

177 918 480 965 procedamus,
497 918 628 965 idque
645 918 881 965 repetendo
897 917 1164 965 singulorum
1181 918 1352 955 dierum
1368 917 1662 965 longitudines
1678 917 1716 955 8(
1732 918 1824 956 lati-

177 971 362 1015 tudines,
375 983 485 1018 quas
495 971 651 1019 Capite
660 971 943 1009 antecedente
954 983 1007 1009 ex
1018 970 1407 1009 obseruationibus
1419 970 1516 1018 ipfis
1528 970 1824 1009 definiuimus.

690 1068 791 1106 DIE
812 1068 926 1106 XIII.
950 1068 1308 1107 NOVEMBRIS.

255 1130 296 1168 D
320 1130 439 1168 hunc
461 1130 577 1168 diem
600 1129 638 1168 &
661 1129 818 1168 horam
842 1130 990 1168 datam
1013 1142 1066 1168 ex
1088 1131 1321 1178 praemissis,
1347 1132 1601 1168 inuenimus
1625 1130 1823 1168 Cometae

292 1183 611 1231 longitudinem
631 1185 677 1221 in
697 1183 808 1221 Part.
830 1184 865 1222 7.
888 1184 1000 1221 Min.
1018 1184 1058 1221 15
1084 1189 1128 1227 z,
1150 1195 1250 1221 cum
1271 1183 1499 1222 latitudine
1515 1184 1558 1221 P.
1575 1184 1611 1222 8.
1629 1183 1692 1221 M.
1709 1184 1760 1222 59
1777 1184 1822 1221 B.

177 1248 367 1284 quarum
383 1236 478 1275 haec
494 1236 627 1284 [ignat
639 1237 806 1274 Arcum
819 1236 914 1280 CK,
932 1237 1007 1275 illa
1018 1248 1123 1274 vero
1139 1237 1301 1275 indicat
1316 1236 1527 1284 punctum
1539 1237 1590 1281 K,
1608 1242 1824 1284 quantum

176 1290 375 1328 videlicet
390 1302 417 1328 a
432 1290 620 1337 Tropico
640 1289 838 1338 hyberno
859 1290 892 1327 F
911 1295 1204 1328 remoueatur.
1227 1290 1377 1337 Quare
1398 1292 1590 1337 primum
1610 1292 1656 1328 in
1671 1290 1823 1328 Trian-

176 1343 278 1391 gulo
289 1343 417 1388 PBG,
427 1343 499 1381 vbi
506 1343 708 1391 Angulus
720 1343 776 1381 ad
789 1343 831 1381 G
843 1343 898 1381 est
910 1342 1076 1387 Rectus,
1093 1343 1287 1391 procedit
1298 1345 1415 1381 enim
1428 1355 1455 1381 a
1466 1343 1572 1381 Polo
1580 1344 1722 1382 Arcus
1733 1343 1823 1387 PG,

177 1396 310 1434 Latus
324 1396 405 1435 BG
422 1396 477 1434 est
492 1402 659 1439 notum,
677 1396 732 1434 est
749 1398 866 1434 enim
883 1396 1255 1444 complementum
1267 1396 1587 1435 Declinationis
1602 1399 1823 1440 maximae‚

177 1461 312 1497 quam
332 1461 414 1487 nos
434 1449 506 1487 hic
526 1449 906 1497 praesupponimus
922 1450 984 1488 23.
1003 1450 1058 1488 G.
1075 1450 1125 1488 27
1141 1452 1295 1488 minut.
1318 1449 1467 1496 Quare
1483 1451 1626 1488 Arcus
1642 1449 1727 1488 BG
1746 1452 1824 1488 erit

176 1503 219 1541 P.
232 1503 294 1541 66.
307 1503 371 1541 M.
384 1503 447 1547 33,
464 1502 666 1551 Angulus
682 1514 787 1541 vero
803 1503 927 1541 PBG
943 1503 1180 1547 innotescit,
1197 1515 1274 1551 per
1290 1504 1457 1541 Arcum
1473 1503 1563 1547 KF,
1580 1503 1825 1541 distantiam

177 1555 376 1594 Cometae
397 1568 424 1594 a
442 1555 643 1604 Tropico,
673 1555 769 1594 haec
797 1558 915 1594 enim
943 1556 1068 1594 illum
1095 1559 1270 1594 metitur
1290 1556 1530 1604 Angulum,
1557 1556 1700 1603 estque
1723 1557 1766 1594 P.
1787 1557 1823 1595 7.

177 1609 241 1647 M.
265 1610 318 1648 15.
346 1609 458 1657 Ergo
480 1621 558 1657 per
579 1609 920 1657 Triangulorum
945 1609 1072 1657 leges,
1099 1610 1270 1648 dabitur
1296 1610 1429 1648 Latus
1453 1609 1545 1653 GP,
1571 1610 1765 1648 Partium
1787 1610 1823 1647 6.

177 1663 338 1701 Minut.
356 1662 418 1700 39.
441 1662 491 1700 Et
511 1674 588 1709 per
608 1662 780 1700 easdem
799 1662 956 1700 euadet
972 1663 1057 1705 PB.
1080 1659 1094 1713 ΙΙ
1115 1663 1157 1701 Ρ.
1176 1663 1238 1701 66.
1256 1663 1319 1701 Μ.
1335 1663 1399 1700 43.
1421 1663 1594 1701 Deinde
1610 1665 1656 1700 in
1671 1662 1824 1701 Trian-

177 1715 279 1764 gulo
296 1715 433 1754 altero
449 1717 611 1753 minori
627 1715 768 1759 HPC,
791 1718 866 1763 qui
885 1718 1017 1754 etiam
1033 1715 1164 1754 habet
1180 1716 1408 1764 Angulum
1425 1716 1479 1754 ad
1497 1716 1541 1754 H
1560 1715 1750 1759 Rectum,
1772 1727 1824 1754 eo

177 1769 295 1816 quod
307 1769 401 1807 AH
418 1769 625 1816 procedat
643 1780 669 1807 a
687 1769 794 1806 Polo
810 1770 952 1807 Arcus
969 1769 1065 1813 ΗΡ,
1082 1769 1285 1817 Angulus
1301 1781 1406 1807 vero
1423 1769 1552 1808 HPC
1569 1769 1625 1807 est
1640 1769 1825 1816 aequalis

177 1822 355 1870 Angulo
377 1822 512 1866 BPG,
536 1822 610 1860 fibi
631 1822 919 1869 contrapofito
944 1822 981 1860 &
1004 1825 1125 1870 prius
1145 1825 1340 1867 inuento,
1364 1822 1581 1870 Latusque
1601 1822 1678 1860 PC
1699 1823 1826 1860 datur

178 1887 231 1913 ex
250 1873 539 1913 subtrac‘tione
559 1875 632 1913 PB
653 1877 773 1922 prius
794 1877 975 1918 inuenti,
997 1887 1024 1913 a
1044 1875 1123 1914 BC
1140 1876 1463 1923 complemento
1483 1875 1723 1914 latitudinis
1740 1875 1824 1914 Co-

177 1934 319 1972 metae‚
335 1933 378 1966 vt
394 1928 440 1966 fit
455 1928 531 1966 PC
545 1928 616 1966 hic
626 1928 669 1966 P.
682 1929 735 1966 14.
749 1928 812 1966 M.
826 1928 879 1966 18.
898 1928 1047 1975 Quare
1064 1940 1117 1966 ex
1134 1931 1389 1976 operatione
1406 1929 1563 1967 euadet
1575 1929 1709 1967 Latus
1720 1928 1824 1972 HC,

177 1982 220 2020 P.
238 1982 291 2019 14.
309 1981 372 2019 M.
390 1982 443 2025 17,
461 1981 499 2019 &
516 1982 649 2020 Latus
666 1981 762 2025 ΗΡ,
780 1981 822 2019 Ρ.
835 1981 871 2019 Ο.
890 1982 952 2019 Μ.
965 1982 1028 2020 44.
1046 1982 1112 2020 Est
1128 1987 1277 2020 autem
1293 1982 1384 2020 HC
1401 1983 1543 2020 Arcus
1560 1984 1635 2030 qui
1651 1984 1826 2020 metitur

179 2034 377 2073 Cometae
398 2034 737 2073 declinationem
754 2034 1011 2079 Australem,
1030 2035 1069 2073 &
1086 2036 1230 2073 Arcus
1246 2036 1342 2079 HP,
1364 2047 1465 2074 cum
1485 2034 1678 2074 adiectus
1698 2035 1827 2074 fuerit

177 2088 313 2126 Arcui
329 2088 410 2126 PG
426 2090 547 2135 prius
563 2088 677 2131 dato,
695 2087 856 2125 conflat
872 2093 1012 2126 totum
1028 2089 1194 2126 Arcum
1211 2089 1320 2132 HG,
1338 2089 1380 2126 P.
1398 2090 1434 2127 7.
1452 2089 1515 2127 M.
1532 2089 1595 2133 23,
1613 2090 1688 2136 qui
1704 2091 1825 2126 meti-

176 2146 246 2179 tur
261 2141 505 2179 distantiam
522 2140 733 2185 Cometae,
750 2141 988 2179 secundum
999 2141 1254 2189 AEquatoris
1269 2142 1599 2190 longitudinem,
1615 2154 1642 2180 a
1659 2142 1826 2180 Coluro

178 2194 345 2242 Solstitij
361 2194 574 2242 Hyberni.
592 2194 742 2240 Quare
754 2194 783 2231 fi
795 2194 913 2232 hunc
924 2195 1092 2232 Arcum
1107 2195 1440 2233 adiunxerimus
1452 2195 1507 2233 ad
1519 2195 1826 2233 Ascenfionem

178 2246 354 2286 Re&am
365 2249 473 2295 initij
497 2253 521 2288 z
533 2278 541 2291 ,
555 2259 655 2295 quae
669 2247 723 2285 est
734 2254 946 2295 perpetuo
958 2248 1000 2286 P.
1013 2248 1102 2286 270.
1116 2248 1179 2286 M.
1192 2249 1228 2292 Ο,
1245 2248 1507 2286 habebimus
1518 2248 1826 2287 Ascenfionem

178 2298 355 2338 Rectam
370 2300 499 2348 ipfius
516 2300 728 2344 Cometae,
745 2301 788 2338 P.
805 2301 895 2339 277.
913 2301 976 2338 M.
993 2301 1056 2345 23,
1075 2301 1367 2340 declinatione
1384 2303 1478 2339 eius
1494 2304 1614 2349 prius
1630 2304 1824 2345 inuenta,

177 2354 220 2392 P.
238 2353 291 2391 14.
309 2353 372 2391 Μ.
390 2354 444 2396 17,
461 2365 562 2401 quae
578 2354 667 2392 duo
684 2353 1006 2401 quaerebantur.

231 2407 329 2444 Pari
347 2409 516 2445 ratione
533 2409 579 2444 in
594 2406 769 2455 lingulis
786 2406 1036 2445 Obseruatis
1057 2407 1154 2456 alijs
1174 2407 1520 2456 longitudinibus
1537 2407 1574 2445 8(
1590 2408 1825 2446 latitudini-

177 2459 259 2497 bus
280 2459 491 2503 Cometae,
516 2460 854 2498 declinationem
876 2466 1006 2508 atque
1027 2460 1336 2499 Ascenfionem
1356 2460 1532 2499 Rectam
1552 2461 1825 2508 inuestigaui-

178 2524 289 2556 mus,
302 2512 341 2550 8(
352 2515 565 2560 quoniam
576 2515 623 2551 in
634 2511 801 2551 caeteris
813 2513 968 2551 eadem
980 2514 1352 2552 denominationis
1364 2520 1495 2562 atque
1508 2514 1826 2604 supffiitaltiogiis

1640 2572 1679 2604 et
1716 2577 1741 2604 0
1774 2577 1826 2604 us
