2209 3213
533 228 1052 267 RECENTIORIBUS
1073 226 1532 266 PHAENOMENIS
1777 226 1853 265 265

266 334 337 372 Ad
357 333 612 381 praedictum
633 335 749 372 diem
764 334 865 372 XVI
883 335 1163 379 Nouembris,
1185 346 1238 372 ex
1259 334 1465 372 distantiis
1486 334 1539 371 ab
1557 333 1631 371 illo
1648 333 1703 371 ad
1720 333 1856 380 Aqui-

214 387 303 425 lam
320 387 358 425 &
373 388 557 425 Antinoi
577 387 812 425 secundam
832 388 978 425 relatis
1000 388 1127 435 (quas
1147 389 1267 434 prius
1288 387 1497 433 indicaui)
1519 386 1548 424 11
1568 386 1714 424 11111101
1735 386 1857 424 3(1111-

213 441 367 478 beatur
382 442 556 484 trutina,
573 442 777 487 prouenit
793 440 992 478 Cometae
1009 441 1255 489 Longitudo
1271 442 1317 478 in
1333 441 1376 478 P.
1394 441 1446 478 16.
1464 440 1527 477 Μ.
1545 440 1586 478 15
1603 445 1643 483 z,
1661 451 1762 477 cum
1777 439 1858 476 La-

213 493 408 537 titudine,
421 493 463 530 P.
474 493 528 531 13.
539 493 602 530 M.
612 493 675 536 50,
689 504 789 530 cum
801 498 949 531 tamen
960 493 1046 540 ipse
1059 505 1161 531 eum
1172 496 1218 531 in
1230 494 1271 532 18
1285 499 1325 538 z,
1339 505 1438 531 cum
1450 493 1698 531 Latitudine
1710 492 1859 530 saltem

161 560 176 583 5
214 546 255 584 12
266 546 383 594 grad.
397 557 450 584 ex
463 546 609 584 Globo
622 546 683 592 (vt
694 546 800 592 dixi)
813 552 1008 593 reponat.
1027 545 1228 585 Exactior
1243 549 1390 594 itaque
1407 558 1507 584 cum
1522 546 1665 583 nostra
1676 550 1858 583 annota-

213 602 332 637 tione
357 599 403 636 fit
429 599 670 643 consensus,
701 599 730 636 11
759 598 874 637 113116
899 599 1188 646 praecifiorem
1213 600 1490 637 conferemus
1520 599 1859 646 indagationem.

215 652 437 690 Deficiunt
454 654 572 690 enim
588 651 738 690 saltem
750 653 795 689 in
807 652 1097 699 Longitudine
1141 655 1270 690 vnius
1281 653 1452 700 gradus,
1470 652 1508 689 8(
1524 654 1569 689 111
1582 652 1829 690 Latitudine
1842 653 1861 689 ὲν

215 705 421 743 abundat.
434 705 600 742 Verum
616 705 645 742 11
660 704 796 742 solam
813 705 1057 743 distantiam
1073 705 1127 743 ab
1139 706 1316 752 Aquila,
1333 705 1550 753 applicata
1561 717 1649 743 vna
1662 705 1860 742 Cometae

215 760 299 802 via,
320 760 366 795 in
385 758 612 796 confilium
627 757 971 800 adhibuerimus,
993 761 1196 805 prouenit
1212 759 1458 806 Longitudo
1475 761 1520 795 in
1537 758 1579 795 P.
1597 758 1650 795 16.
1668 758 1731 795 M.
1749 757 1799 795 33
1820 762 1860 799 z,

148 824 179 849 lo
216 811 522 849 tantummodo
534 812 557 849 7
569 811 778 858 scrupulis
790 810 933 848 nostra
943 813 1101 855 minor,
1119 811 1156 849 &
1172 813 1219 848 in
1230 812 1477 849 Latitudine
1490 813 1563 848 vix
1574 810 1862 849 abundabunt

215 865 319 902 bina
335 864 547 912 scrupula,
564 864 738 911 prorsus
753 864 837 902 hoc
854 864 951 902 loco
964 864 1234 912 negligenda.
1252 865 1309 902 At
1321 864 1350 901 fi
1362 864 1662 902 Moestliniana
1674 863 1862 901 confide-

216 922 334 955 retur
350 919 480 955 etiarn
498 918 729 965 assignatio,
746 917 972 964 apparebit
987 917 1254 955 manifestius
1270 918 1313 955 id
1330 918 1448 964 quod
1464 918 1667 961 diximus,
1685 928 1787 954 eum
1799 918 1861 953 in-

216 972 322 1018 tegri
342 970 513 1018 gradus,
536 970 671 1017 paulo
691 970 781 1017 post
801 971 1080 1008 medietatem
1101 971 1381 1014 Nouembris,
1403 972 1449 1007 in
1470 970 1760 1017 Longitudine
1779 969 1863 1007 Co-

217 1029 346 1061 metae
367 1024 578 1062 excessum
600 1025 881 1061 committere.
906 1024 1025 1061 Nam
1045 1023 1259 1061 Thaddaei
1281 1023 1539 1061 Obseruatio
1562 1023 1707 1061 adhuc
1729 1022 1864 1069 paulo

150 1091 180 1115 15
218 1079 365 1114 minus
376 1077 519 1114 nostra
529 1077 726 1124 praebuit,
740 1076 778 1114 8(
789 1079 947 1115 11131011
958 1076 1193 1115 111161113Πο
1203 1076 1413 1114 Μο61111111
1422 1087 1631 1114 numeros
1641 1076 1864 1114 antecessit.

271 1130 340 1168 Ab
357 1141 410 1167 eo
427 1130 495 1167 die
511 1130 643 1177 vsque
660 1132 705 1167 in
716 1129 884 1167 XXIIII
897 1130 1178 1174 Nouembris,
1195 1129 1341 1167 nullas
1354 1129 1694 1168 Obseruationes
1711 1141 1737 1166 a
1752 1128 1865 1166 binis

217 1183 287 1221 vel
306 1185 439 1221 ternis
456 1183 585 1226 Fixis,
608 1195 696 1230 quo
717 1183 773 1220 ad
794 1183 1050 1225 distantiam,
1072 1182 1224 1221 nactus
1246 1183 1312 1226 est,
1334 1183 1474 1220 solum
1493 1183 1561 1220 die
1578 1182 1703 1219 XXII
1721 1193 1823 1219 eum
1840 1193 1866 1218 a

219 1236 384 1274 Lucida
398 1236 574 1283 Aquilae
591 1238 811 1274 remoueri
829 1236 884 1274 G.
897 1236 950 1274 lO.
968 1236 1032 1274 M.
1045 1236 1095 1274 48
1111 1235 1413 1283 deprehendit;
1431 1247 1567 1283 quam
1582 1234 1865 1282 intercapedi-

161 1294 181 1325 †
219 1301 322 1327 nem
343 1289 497 1337 Capite
519 1289 662 1333 Sexto,
686 1289 791 1327 dum
814 1289 866 1327 de
887 1289 1189 1327 Parallaxibus
1212 1301 1399 1337 agerem,
1424 1300 1525 1327 cum
1547 1288 1690 1326 nostra
1712 1290 1866 1326 inuen-

149 1356 182 1381 20
220 1345 338 1380 tione
355 1342 603 1390 diligentius
620 1342 797 1380 contuli.

274 1396 358 1433 Die
374 1397 521 1442 itaque
533 1395 700 1433 XXIIII
717 1395 961 1434 distantiam
972 1395 1027 1434 ab
1039 1395 1204 1443 Aquila
1215 1395 1327 1439 facit,
1345 1396 1387 1433 P.
1401 1395 1443 1433 11.
1458 1395 1521 1432 Μ.
1534 1395 1597 1439 43,
1614 1395 1652 1432 8(
1669 1406 1695 1432 3
1711 1399 1867 1441 quarta

131 1456 196 1488 326
222 1449 281 1496 (vt
296 1448 440 1495 vocat)
456 1448 712 1486 informium
730 1451 850 1487 iuxta
861 1449 1073 1496 Aquilam
1084 1449 1127 1486 P.
1140 1449 1176 1486 6.
1189 1449 1253 1486 M.
1266 1449 1328 1487 28.
1344 1450 1491 1496 Atque
1503 1445 1518 1498 ΙΙ
1529 1448 1631 1485 111116
1649 1450 1742 1485 eius
1754 1447 1866 1484 Lon-

220 1503 461 1550 gitudinem
476 1504 522 1539 in
538 1502 589 1539 26
604 1502 788 1549 gradum
809 1508 849 1545 z,
871 1513 972 1540 cum
988 1502 1236 1540 Latitudine
1253 1503 1294 1540 17
1310 1502 1526 1550 graduum
1543 1501 1768 1539 constituit.
1785 1501 1868 1537 Ve-

222 1567 321 1593 rum
336 1555 408 1593 hic
424 1557 562 1592 nimio
574 1555 809 1593 interuallo
821 1567 848 1593 a
858 1555 986 1602 scopo
998 1554 1194 1593 (16666111.
1212 1555 1314 1593 Erat
1327 1557 1444 1592 enim
1457 1566 1613 1592 reuera
1624 1560 1726 1592 tunc
1738 1553 1868 1600 ipfius

150 1622 184 1647 25
222 1608 468 1656 Longitudo
484 1610 529 1645 in
545 1609 662 1656 grad.
677 1609 724 1647 5ss
740 1617 798 1651 ω,
816 1608 854 1645 8(
870 1608 1074 1646 Latitudo
1090 1608 1207 1656 grad.
1220 1608 1279 1647 21}
1301 1608 1454 1646 Borea.
1473 1609 1693 1654 Anticipat
1709 1607 1868 1644 idcirco

222 1662 320 1710 plus
341 1662 485 1699 debito
502 1661 840 1708 Longitudinem
860 1661 907 1701 91}
926 1661 1142 1708 gradibus,
1165 1661 1203 1698 8(
1225 1661 1520 1699 Latitudinem
1535 1661 1652 1708 grad.
1669 1661 1728 1703 41,
1750 1659 1867 1707 quod

223 1715 278 1753 est
294 1714 579 1752 intolerabile.
597 1714 730 1752 Fuisse
747 1720 895 1752 31116111
912 1726 964 1752 60
976 1714 1044 1752 (116
1058 1714 1290 1752 Cometam
1307 1726 1462 1752 reuera
1478 1716 1523 1751 in
1540 1725 1593 1751 eo
1610 1714 1720 1757 loco,
1738 1715 1813 1760 qui
1830 1714 1868 1750 ei

223 1780 250 1806 a
261 1768 388 1806 nobis
400 1768 631 1814 deputatus
643 1767 710 1811 est,
723 1772 815 1805 tum
828 1767 1086 1805 Illustrissimi
1098 1768 1308 1815 Principis
1317 1767 1631 1805 WILHELMI
1644 1765 1869 1804 LANDT-

225 1821 426 1860 GRAVII
443 1820 675 1859 HASSIAE
693 1820 1044 1864 Obseruationes‚
1065 1826 1158 1858 tum
1180 1823 1311 1859 etiam
1330 1820 1541 1858 Moestlini
1561 1822 1870 1858 annotationes

153 1888 187 1913 30
224 1875 322 1913 satis
339 1874 521 1912 euidens
537 1873 852 1912 Testimonium
868 1874 1075 1921 praebent.
1098 1874 1185 1911 Hae
1207 1876 1326 1912 enim
1347 1886 1438 1911 non
1459 1879 1615 1921 quarta
1635 1878 1756 1921 parte
1777 1884 1870 1920 gra—

224 1928 305 1966 dus
326 1940 353 1966 a
374 1927 525 1965 nostris
546 1929 737 1965 inuentis
758 1926 961 1965 dissident.
986 1927 1036 1964 Et
1056 1927 1146 1974 ipsa
1165 1927 1380 1965 Thaddaei
1401 1926 1723 1965 animaduersio
1744 1928 1789 1963 in
1811 1926 1871 1963 di-

224 1981 376 2019 stantia
392 1980 447 2018 ab
463 1980 640 2027 Aquila,
660 1980 689 2017 11
707 1982 747 2018 61
762 1980 1004 2027 applicetur
1020 1980 1219 2018 Cometae
1235 1982 1319 2024 via,
1341 1981 1504 2028 praebet
1521 1980 1871 2027 Longitudinem.

225 2035 268 2072 P.
285 2035 321 2073 5.
340 2034 402 2071 M.
420 2034 470 2071 25
491 2043 550 2077 xx,
572 2033 610 2070 &
632 2034 939 2077 Latitudinem,
960 2033 1003 2071 P.
1020 2033 1074 2071 21.
1097 2033 1160 2071 M.
1177 2034 1240 2077 25,
1263 2034 1381 2080 quod
1402 2036 1475 2071 vix
1496 2035 1642 2080 quinis
1662 2032 1872 2079 scrupulis

226 2099 253 2125 a
275 2087 417 2125 nostra
441 2086 741 2124 constitutione
765 2086 994 2133 vtrobique
1017 2086 1172 2124 deficit.
1200 2086 1479 2134 Quapropter
1502 2098 1602 2124 cum
1627 2086 1787 2124 solicite
1810 2087 1873 2122 in-

155 2154 189 2179 35
227 2143 459 2188 quirerem‚
481 2151 570 2187 qua
591 2139 815 2177 occasione
832 2141 877 2177 in
893 2144 1060 2177 tantam
1076 2140 1375 2178 deuiationem
1395 2140 1479 2177 hoc
1498 2140 1566 2178 die
1583 2138 1794 2178 abductus
1810 2138 1873 2176 fu-

227 2196 305 2231 erit
320 2193 586 2237 Thaddaeus,
608 2195 773 2236 inueni,
796 2204 898 2230 eum
919 2199 1121 2240 quartam
1138 2204 1191 2230 ex
1207 2193 1468 2231 informibus
1484 2193 1674 2240 Aquilae,
1697 2204 1796 2239 quae
1813 2194 1873 2229 vi-

227 2247 380 2285 delicet
392 2246 447 2284 est
459 2248 504 2283 in
516 2246 669 2284 Latere
683 2247 879 2290 Antinoi,
896 2245 1074 2283 sumsisse
1087 2257 1165 2293 pro
1177 2246 1379 2284 Secunda
1396 2258 1496 2293 quae
1512 2248 1558 2284 in
1574 2258 1712 2284 manu
1727 2245 1872 2283 existit.

228 2300 347 2338 Nam
362 2299 392 2337 11
408 2311 461 2337 ex
478 2299 680 2337 Secunda
696 2299 778 2337 hac
795 2300 991 2342 Antinoi,
1010 2298 1047 2336 8(
1062 2299 1240 2346 Aquilae
1256 2299 1413 2343 lucida,
1431 2300 1641 2338 distantiae
1658 2298 1787 2346 ipfius
1804 2309 1874 2335 ex-

227 2353 487 2400 pendantur,
508 2354 712 2400 prouenit
729 2352 928 2390 Cometae
949 2352 1195 2400 Longitudo
1215 2355 1261 2390 in
1283 2352 1337 2391 G.
1355 2354 1390 2391 5.
1409 2353 1472 2390 M.
1489 2353 1540 2390 22
1560 2362 1618 2395 m,
1641 2364 1741 2390 cum
1763 2352 1874 2389 Lati-

157 2419 191 2444 40
227 2407 378 2444 tudine
394 2406 437 2444 Ρ.
454 2406 508 2443 21.
526 2406 589 2443 Μ.
607 2406 670 2449 27,
692 2406 810 2453 quod
831 2405 1127 2443 insensibiliter
1143 2417 1170 2443 a
1185 2405 1327 2444 nostra
1348 2406 1630 2444 denotatione
1649 2404 1803 2443 differt.
1826 2404 1875 2441 Et

229 2459 258 2497 fi
273 2459 363 2497 sola
374 2461 420 2497 in
431 2470 569 2497 manu
580 2460 764 2497 Antinoi
776 2460 860 2496 viae
873 2458 1084 2502 Cometae‚
1101 2461 1147 2496 in
1164 2471 1216 2497 ea
1232 2471 1320 2506 qua
1336 2459 1463 2497 refert
1480 2459 1689 2502 distantia,
1707 2469 1875 2496 accom-

229 2513 443 2556 modetur,
465 2512 652 2550 eandem
675 2512 827 2559 (quam
843 2512 976 2550 modo
993 2512 1099 2558 dixi)
1119 2511 1338 2550 exhibebit
1355 2513 1694 2560 Longitudinem
1710 2511 1748 2549 8(
1764 2511 1876 2548 Lati—

336 2574 368 2599 34
1678 2565 1876 2602 tudinem
