2209 3213
122 825 152 850 10

121 1358 155 1383 20

109 1458 172 1490 29v

123 1625 155 1650 25

124 1892 157 1917 30

127 2159 159 2184 35

129 2426 162 2451 40

439 226 529 264 AD
550 225 862 264 CRAIGUM
883 224 1156 264 SCOTUM
1178 224 1262 262 DE
1283 222 1572 262 COMETIS
1752 222 1829 260 459

240 334 353 372 Haec
368 344 473 371 vero
490 332 544 370 ob
561 332 604 370 id
620 332 750 369 latius
766 331 1002 369 indicanda
1018 332 1135 375 duxi,
1153 330 1268 378 qvod
1284 330 1459 368 videam
1470 334 1510 367 te
1523 328 1674 366 nostris
1689 329 1828 366 anim-

187 385 512 426 adversionibus
524 397 615 433 prae
622 384 902 422 Witichianis
912 386 1018 422 citra
1024 384 1157 433 justas
1169 386 1360 422 rationes
1372 383 1593 430 derogare.
1606 382 1657 419 Et
1667 380 1830 419 etiamsi

188 440 248 479 isti
268 438 532 478 tollerabiles
554 439 691 483 essent,
714 442 760 475 ut
780 449 933 475 revera
953 449 1045 475 non
1064 438 1172 481 sunt,
1194 436 1568 484 qvemadmodum
1587 434 1830 472 luculenter

187 496 233 532 in
248 493 338 541 ipso
354 493 464 531 libro
481 504 508 530 a
523 491 650 529 nobis
665 489 931 538 patefadtum
947 490 1017 528 est:
1040 502 1131 529 non
1147 496 1296 529 tamen
1313 489 1368 527 ob
1384 489 1426 527 id
1443 488 1750 527 demonstratio
1766 487 1829 524 su-

187 544 442 594 perinduc‘ta
457 556 665 593 magnam
677 543 810 582 fidem
821 545 979 581 mereri
991 546 1158 590 poterit,
1176 543 1291 591 qvod
1302 549 1393 581 tam
1405 544 1612 590 exiguum
1623 542 1831 588 temporis

187 599 467 638 intervallum
485 598 599 636 binis
617 597 991 635 observationibus
1009 597 1290 644 interlapsum
1308 596 1627 643 praesupponat‚
1646 599 1693 632 ut
1708 593 1832 632 nulla

187 655 354 691 interea
369 651 463 690 fieri
479 652 607 699 posset
622 662 699 698 per
715 655 885 688 motum
898 649 1096 688 Cometae
1112 652 1339 698 proprium
1355 650 1557 692 variatio;
1574 648 1616 686 id
1632 650 1750 686 enim
1764 646 1831 689 est,

188 705 303 754 qvod
325 706 466 744 dicere
482 704 674 743 volebas.
691 703 857 741 Verum
873 703 979 741 dum
995 705 1203 751 temporis
1222 702 1464 750 intermedij
1485 703 1697 749 exiguitas
1718 700 1832 738 hanc

189 759 543 798 commoditatem
560 757 706 805 largiri
722 757 904 800 videtur,
926 758 971 794 in
992 756 1112 794 aliud
1133 756 1368 795 absurdum
1388 767 1481 794 rem
1497 765 1676 792 omnem
1692 753 1832 801 impli-

189 817 272 857 cat;
302 824 407 850 nam
436 810 667 850 intervallo
697 810 738 848 12
762 812 1037 848 minutorum
1062 812 1282 857 temporis,
1310 809 1509 847 Cometae
1535 807 1717 846 altitudo
1742 818 1833 845 non

188 865 327 904 multo
343 865 442 913 plus
457 864 710 903 variabatur
726 862 812 901 2b¹¹⁵
828 863 1045 910 gradibus,
1063 865 1135 911 qvi
1150 863 1252 901 sane
1269 864 1401 900 etiam
1417 864 1463 900 in
1479 861 1720 899 admodum
1736 872 1832 908 pro-

188 921 352 967 pinqva
368 930 395 957 a
410 920 533 966 terris
549 918 782 956 accessione
798 916 1097 955 Parallaxium
1114 916 1406 955 differentiam
1421 914 1724 962 permodicum
1739 925 1833 951 rnu-

188 976 292 1016 tant,
314 972 425 1010 adeo
446 977 492 1010 ut
512 983 604 1009 non
625 973 832 1018 exiguum
853 975 928 1008 aut
944 970 1179 1018 vulgariter
1198 967 1483 1008 fabrefadtum
1499 968 1738 1015 oportuerit
1757 967 1833 1004 esse

189 1025 538 1068 Instrumentum,
565 1036 650 1072 qvo
675 1029 765 1062 tam
790 1022 952 1062 subtilis
978 1023 1232 1061 diversitatis
1255 1020 1449 1070 aspedtus
1472 1021 1671 1059 alteratio
1694 1019 1834 1058 discri-

188 1081 442 1117 minaretur.
460 1077 528 1117 Sic
539 1080 748 1125 temporis
760 1078 926 1115 assumti
938 1078 1049 1115 inter
1061 1076 1381 1115 observandum
1391 1075 1592 1118 brevitas,
1607 1073 1679 1112 etsi
1690 1078 1835 1111 motus

190 1133 351 1180 proprij
374 1132 688 1179 impedimenta
708 1129 865 1170 rectius
885 1135 1148 1177 praecaveat:
1170 1135 1319 1168 tamen
1340 1140 1439 1166 cum
1460 1127 1712 1166 Parallaxes
1732 1126 1834 1174 ipsae

190 1196 282 1223 non
301 1184 379 1223 nisi
398 1184 640 1233 maJusculo
661 1183 905 1226 intervallo,
929 1189 976 1221 ut
996 1183 1179 1221 altitudo
1201 1183 1400 1221 Cometae
1420 1193 1497 1229 per
1516 1185 1687 1218 motum
1707 1181 1836 1227 primi

190 1238 364 1277 mobilis
388 1238 630 1286 plurimum
654 1242 846 1275 mutetur
871 1236 1096 1284 (siqvidem
1119 1238 1165 1274 in
1188 1235 1398 1274 consimili
1419 1234 1647 1273 altitudine
1669 1233 1837 1271 eaedem

190 1293 455 1340 proveniunt
470 1290 739 1337 Parallaxes)
761 1302 817 1328 ne
838 1302 891 1328 ex
913 1302 1066 1329 earum
1085 1290 1329 1328 discrimine
1345 1287 1549 1326 mensura
1565 1286 1712 1334 aliqva
1727 1297 1836 1334 prae-

191 1345 308 1383 finiri
323 1345 467 1393 potest,
484 1344 580 1383 haec
597 1344 768 1383 cautela
784 1344 882 1392 plus
898 1344 1078 1391 impedit
1095 1355 1227 1391 qvam
1243 1342 1423 1391 prodest,
1440 1347 1486 1379 ut
1502 1342 1721 1379 immerito
1738 1351 1837 1378 eam

192 1399 246 1437 ob
261 1399 447 1437 caussam
457 1397 742 1437 Witichianae
756 1398 1004 1445 probationi
1020 1397 1153 1435 fidem
1168 1401 1337 1435 tantam
1353 1394 1574 1437 attribuas,
1592 1405 1689 1441 qvae
1706 1404 1838 1440 qvam

191 1454 367 1496 incerta,
385 1452 676 1491 discohaerens
688 1449 704 1502 ΙΙ
715 1456 843 1499 atqve
860 1451 1079 1489 erroribus
1095 1451 1227 1498 plena
1243 1450 1300 1494 sit,
1317 1455 1410 1487 tum
1427 1460 1480 1486 ex
1496 1447 1728 1496 praemissis,
1744 1451 1838 1484 tum

193 1517 246 1544 ex
266 1507 331 1554 ijS‚
353 1517 450 1553 qvae
471 1508 517 1544 in
537 1505 648 1544 libro
664 1506 740 1543 illo
757 1505 971 1553 copiosius
987 1505 1266 1547 adduximus,
1287 1502 1462 1541 abunde
1478 1500 1754 1539 manifestum
1771 1499 1837 1537 est.

246 1558 393 1606 Qvare
409 1559 478 1598 his
494 1557 651 1597 relictis
667 1560 723 1598 ad
740 1570 804 1603 ea,
825 1570 922 1606 qvae
938 1570 1017 1606 pro
1035 1557 1311 1596 NOLTHIO
1328 1555 1539 1594 confimili
1556 1554 1608 1592 de
1625 1554 1776 1597 caussa,
1793 1557 1839 1590 ut

192 1614 481 1651 inveteratam
492 1614 606 1651 circa
618 1612 906 1651 Cometarum
918 1612 1247 1660 generationem
1258 1610 1424 1648 salvare
1436 1608 1558 1656 possis
1569 1607 1838 1647 sententiam.

193 1667 239 1703 in
252 1665 371 1704 hunc
382 1667 566 1705 modum
579 1665 759 1714 profers,
776 1677 857 1704 nos
869 1665 1162 1704 conferemus:
1182 1663 1261 1702 Sic
1267 1661 1304 1711 fi
1310 1661 1497 1701 Nolthio
1499 1660 1529 1710 s
1527 1671 1600 1700 uae
1604 1657 1840 1709 sensiones

193 1730 286 1758 non
307 1719 601 1769 denegentur
617 1718 723 1768 (nec
743 1718 965 1768 intelligo,
989 1719 1072 1768 qvi
1086 1716 1241 1757 refelli
1254 1714 1426 1766 possint,
1449 1725 1554 1754 cum
1576 1713 1701 1753 circa
1717 1712 1839 1752 idem

193 1772 295 1812 fere
321 1774 505 1822 tempus
531 1772 791 1822 observatio
816 1771 968 1818 fuerit,
994 1782 1084 1811 nec
1108 1770 1317 1820 operatio
1340 1769 1388 1807 i'n
1414 1767 1661 1817 absurdum
1687 1764 1840 1814 abeat)

194 1826 440 1865 admodum
452 1826 760 1876 probabiliter
773 1825 1008 1865 concludit
1015 1824 1317 1874 sublunarem
1339 1820 1464 1870 fuisse
1483 1821 1732 1861 Cometam.
1755 1819 1840 1858 Sci-

194 1880 292 1918 licet
315 1891 415 1918 cum
440 1892 519 1928 pro
542 1886 582 1918 te
606 1880 644 1918 &
667 1879 906 1918 Aristotelis
932 1879 1207 1927 dogmatibus
1232 1877 1393 1916 faciant
1416 1874 1585 1922 Nolthij
1613 1873 1840 1916 senfiones,

194 1933 292 1971 licet
311 1945 388 1981 per
403 1933 444 1972 se
460 1934 702 1972 admodum
719 1945 929 1977 erroneae,
951 1944 1043 1971 non
1059 1934 1124 1970 vis
1141 1931 1292 1970 oculos
1313 1931 1495 1978 aperire,
1517 1933 1564 1966 ut
1585 1938 1717 1975 qvam
1733 1926 1841 1974 juste

195 1986 461 2031 refellantur,
483 1987 693 2035 dispicias.
716 1987 872 2035 Relege
889 1988 1028 2035 igitur,
1045 1986 1074 2023 fi
1090 1985 1243 2033 placet,
1261 1996 1325 2029 ea,
1345 1982 1501 2031 qvibus
1517 1980 1764 2020 Nolthiana
1779 1981 1841 2017 iri-

195 2045 327 2079 venta
341 2040 450 2079 liber
465 2041 730 2079 transmissus
743 2040 961 2088 improbat
977 2045 1017 2078 et
1033 2039 1202 2083 refutat,
1220 2040 1367 2085 utiqve
1381 2035 1576 2084 (seposito
1588 2036 1708 2082 prius
1720 2034 1843 2072 omni

196 2095 301 2142 praej
306 2094 470 2141 udicio)
482 2095 648 2133 videbis
661 2105 763 2133 eum
775 2105 1054 2141 neqvaqvam
1065 2092 1163 2131 satis
1174 2090 1456 2139 probabiliter
1467 2088 1748 2127 sublunarem
1759 2086 1843 2125 Co-

196 2152 325 2185 metae
341 2147 466 2186 situm
482 2148 755 2192 concludere,
773 2159 878 2185 nam
894 2151 1187 2195 praeterqvam
1204 2144 1318 2193 qvod
1334 2150 1506 2191 tempus
1521 2141 1692 2180 duabus
1705 2139 1843 2179 obser-

196 2201 447 2240 vationibus
463 2200 736 2250 interjeclum
752 2200 850 2239 satis
866 2199 1123 2248 scrupulose,
1140 2203 1270 2247 prout
1285 2200 1331 2236 in
1346 2197 1429 2236 hac
1442 2196 1689 2243 Pragmatia
1704 2195 1843 2241 reqvi-

197 2256 304 2292 ritur
320 2254 411 2301 (ubi
422 2266 666 2303 paucorum
679 2254 969 2293 secundorum
981 2253 1146 2292 nedum
1157 2254 1289 2291 unius
1300 2252 1458 2289 minuti
1470 2249 1687 2288 aberratio
1700 2246 1844 2285 Paral-

197 2307 318 2346 laxin
339 2310 474 2346 errori
495 2308 776 2347 intollerabili
797 2307 1007 2355 implicat)
1030 2318 1122 2345 non
1143 2306 1198 2344 est
1218 2306 1438 2349 assecutus,
1458 2302 1578 2341 velut
1599 2314 1652 2340 ex
1673 2312 1726 2339 eo
1746 2300 1845 2339 satis

198 2361 342 2409 liqvet‚
360 2362 475 2409 qvod
492 2363 604 2401 adeo
621 2362 813 2401 absolute
828 2373 966 2400 unam
977 2360 1135 2399 horam
1146 2358 1426 2406 interlapsam
1437 2356 1667 2405 praefiniat,
1685 2366 1739 2393 ex
1751 2353 1844 2392 Ho-

199 2415 350 2464 rologij
370 2415 556 2464 alicujus
572 2416 714 2454 sonitu
729 2415 799 2453 vel
816 2415 1081 2453 indicatione
1097 2413 1251 2461 procul
1267 2411 1401 2451 dubio
1422 2422 1515 2449 rem
1535 2409 1703 2448 lubrica
1724 2407 1845 2446 inda-

199 2470 296 2516 gine
308 2470 596 2517 perpendens,
610 2469 685 2507 ubi
697 2468 823 2507 facile
834 2470 966 2506 trium
977 2470 1249 2506 minutorum
1262 2477 1382 2504 error
1393 2466 1519 2504 tacite
1531 2463 1730 2509 subrepit,
1748 2472 1845 2508 qvae

200 2521 475 2561 solummodo
496 2523 804 2565 desiderantur,
826 2527 872 2559 ut
888 2520 1128 2560 Parallaxis
1144 2520 1214 2558 vel
1230 2519 1353 2558 nulla
1369 2518 1439 2557 vel
1455 2515 1708 2556 insensibilis
1724 2526 1777 2553 ex
1793 2516 1845 2561 ijs

306 2584 356 2610 58*
1503 2568 1845 2608 Azimuthorum
