2912 4368
290 1524 301 1758 ιιι-ιπε-μ,“ειᾳν
290 1491 299 1497 o

294 1992 301 2128 ,ιιι-η---

297 2547 305 2707 -τ-η-α
295 2285 305 2542 muana-*um

860 778 934 811 330
1353 766 1679 805 DEMUNDI
1702 764 2001 802 AETHEREI

860 881 1001 917 existit.
1023 879 1177 914 videbit
1195 876 1306 915 sane,
1326 875 1362 910 sc
1382 886 1469 910 non
1488 880 1648 909 certam
1667 871 1895 917 Sphaeram
1913 882 2012 907 cum
2026 870 2139 907 Polis
2152 870 2188 906 &
2202 870 2370 906 Axibus
2388 881 2493 915 prze-

859 932 1055 969 definitis,
1070 930 1271 965 omnibus
1286 932 1601 972 competentem
1613 926 1816 971 assignare
1830 924 1950 969 posse.
1966 924 2013 960 In
2024 929 2111 960 tota
2122 926 2239 960 enim
2250 922 2364 960 Coeli
2375 922 2494 958 vasti-

859 993 940 1021 tate
964 984 1119 1028 vbique
1142 988 1403 1027 generantur
1421 980 1631 1017 Comctae.
1654 978 1691 1014 &
1713 977 1883 1013 cursum
1905 976 2137 1013 sortiuntur
2158 977 2211 1013 ab
2230 988 2315 1012 vno
2338 976 2433 1012 loco
2451 977 2495 1011 in

859 1038 1004 1075 alium,
1020 1046 1324 1081 quemcunque
1340 1033 1520 1072 libuerit,
1535 1033 1607 1076 qui
1621 1037 1768 1067 tamen
1779 1030 1832 1067 ab
1843 1031 1961 1066 Arcu
1972 1029 2135 1066 Circuli
2147 1031 2327 1065 maximi
2342 1029 2495 1074 (quan-

859 1099 947 1126 tum
975 1088 1182 1124 hatstcnus
1209 1087 1333 1122 nobis
1356 1085 1597 1122 Obseruare
1624 1083 1758 1127 licuit)
1786 1082 2001 1128 nusquam
2027 1081 2238 1123 deflectat:
2266 1093 2344 1118 nec
2368 1083 2496 1117 vnius
2538 1096 2549 1119 5

860 1144 1053 1179 Cometze
1073 1137 1239 1188 lo-Mcus‚
1263 1141 1334 1184 qui
1354 1138 1519 1183 aliquot
1536 1138 1663 1173 annis
1680 1136 1892 1182 praecessit,
1916 1137 1960 1171 in
1978 1135 2254 1181 sequentibus
2271 1134 2496 1180 quidpiam

861 1196 978 1234 luris,
997 1205 1083 1239 quo
1101 1194 1154 1229 ad
1173 1199 1339 1228 motum
1353 1191 1421 1227 vel
1438 1190 1755 1236 dispositionem
1773 1190 1935 1231 attinet,
1953 1188 2026 1225 fibi
2038 1188 2253 1224 vendicat:
2272 1199 2350 1224 nec
2364 1187 2497 1223 Noua

859 1249 930 1283 illa
958 1250 1075 1283 iuxta
1103 1246 1372 1291 Cassiopeam
1399 1243 1542 1283 Stella,
1574 1243 1627 1279 ad
1655 1242 1862 1279 Cometas
1889 1252 2108 1278 annorum
2134 1240 2497 1287 subsequentium,

860 1301 989 1336 vllam
1008 1300 1262 1335 relationem
1282 1298 1477 1337 obtinuit.
1496 1302 1537 1332 vt
1554 1307 1697 1341 neque
1715 1295 1759 1331 hi
1777 1295 1831 1331 ad
1850 1294 1982 1335 illam,
2001 1293 2077 1330 nisi
2089 1293 2195 1330 forte
2210 1305 2284 1340 per
2298 1294 2497 1330 accidens

858 1354 892 1389 8(
910 1351 1070 1392 coacte:
1089 1352 1274 1397 ideoque
1287 1350 1449 1390 frustra.
1469 1349 1505 1385 8(
1522 1348 1729 1385 curiosius
1742 1359 1876 1393 quam
1890 1359 1999 1393 opus
2013 1347 2078 1388 est,
2096 1348 2201 1383 talia
2213 1346 2497 1393 peruestigare

858 1412 1038 1442 conatur
1053 1405 1283 1441 RoeslinuS.
1303 1403 1384 1440 Sed
1403 1414 1492 1439 non
1510 1402 1671 1443 dubito,
1690 1403 1795 1447 quin
1808 1400 1878 1437 vbi
1896 1400 1991 1437 haec
2004 1402 2198 1446 aequiore
2215 1400 2375 1436 iudicio
2393 1410 2498 1445 pon-

858 1460 1084 1498 derauerit.
1108 1456 1263 1494 retflius
1286 1457 1336 1493 de
1360 1456 1427 1492 his
1444 1455 1714 1492 Sententiam
1735 1453 2002 1490 formaturus
2018 1452 2074 1489 fit.
2098 1453 2291 1499 Apparet
2313 1454 2430 1489 enim
2447 1463 2499 1488 ex

859 1512 985 1558 ipsius
1003 1511 1180 1556 Scripto‚
1204 1510 1357 1546 Virum
1375 1509 1491 1545 hunc
1509 1508 1749 1545 admodum
1771 1506 1985 1553 sagaciter.
2008 1517 2256 1552 magnoque
2279 1505 2498 1546 desiderio,

858 1566 1093 1601 Veritatem
1109 1564 1303 1609 aliquam
1317 1561 1548 1599 abstrusam
1562 1563 1605 1597 in
1619 1560 1685 1597 his
1698 1560 1826 1597 rebus
1840 1560 2058 1606 indagare,
2073 1559 2109 1596 &
2122 1558 2263 1601 altius,
2281 1558 2499 1605 magisque

860 1618 1130 1654 reconditum
1157 1616 1273 1662 quid,
1301 1626 1434 1661 quam
1458 1615 1669 1660 Vulgares
1693 1613 1917 1659 Astrologi,
1942 1615 1986 1649 in
2010 1612 2296 1649 Cometarum
2321 1612 2500 1648 Naturis

860 1670 1169 1716 persentiscere.
1188 1670 1344 1715 Neque
1362 1670 1493 1705 etiam
1508 1668 1693 1713 ambigo,
1712 1666 1739 1702 fi
1757 1664 1929 1703 exactas
1942 1677 2095 1702 eorum
2108 1666 2413 1711 Apparentias,
2431 1664 2500 1701 de-

860 1725 954 1760 bitis
980 1723 1015 1759 &
1039 1725 1219 1759 minime
1243 1722 1468 1758 fallacibus
1494 1721 1680 1767 Organis
1704 1720 1874 1756 coelitus
1897 1724 2107 1765 acceptas,
2135 1730 2210 1765 per
2234 1717 2500 1755 Geometriae

862 1778 993 1823 Leges
1020 1778 1209 1812 inuicem
1235 1777 1456 1820 coaptarit,
1483 1776 1589 1820 quin
1616 1772 1780 1819 aliquid
1808 1772 2005 1819 praeclari
2032 1771 2068 1808 8(
2094 1772 2274 1808 Veritati
2300 1772 2501 1817 penitiori

861 1832 1157 1876 propinquum
1175 1829 1331 1874 assequi
1349 1828 1477 1874 possit.

915 1883 959 1919 ld
978 1883 1179 1928 equidem
1196 1893 1286 1927 prae
1304 1880 1516 1927 plerisque
1534 1880 1642 1926 alijs‚
1661 1881 1791 1916 etiarn
1809 1880 1919 1915 inter
1934 1890 2020 1920 eos,
2039 1880 2113 1924 qui
2127 1878 2313 1924 Organis
2326 1879 2449 1914 certis
2462 1876 2501 1912 se
2541 1891 2554 1914 2

862 1936 1058 1972 Cometae
1077 1935 1376 1971 Phaenomena
1397 1932 1639 1979 scrupulose
1662 1932 1841 1978 adeptos
1861 1932 2166 1978 opinabantur,
2188 1930 2326 1967 multo
2348 1928 2502 1967 redlius

861 1989 992 2028 sensit.
1011 2000 1111 2025 eum
1130 1988 1380 2024 nullatenus
1393 1989 1437 2023 in
1451 1987 1715 2023 Elementari
1729 1985 1918 2031 Regione
1937 1984 2211 2021 constitutum
2227 1983 2354 2025 fuisse,
2373 1982 2440 2019 sed
2458 1985 2503 2019 in

861 2041 948 2087 ipso
961 2041 1151 2082 AEthere‚
1170 2043 1279 2077 inter
1292 2040 1497 2077 Coelestes
1510 2041 1725 2081 circuitus,
1743 2038 1782 2075 se
1799 2036 2078 2084 spectandum
2091 2048 2245 2074 reuera
2257 2036 2501 2073 exhibuisse.

863 2095 906 2131 Id
920 2095 1036 2140 quod
1050 2095 1306 2141 potissimum
1320 2093 1374 2130 est
1387 2104 1552 2134 eorum.
1566 2103 1665 2138 quae
1679 2092 1730 2129 de
1742 2091 1936 2129 Cometis
1948 2090 2212 2137 inquirenda
2225 2089 2501 2136 exponenda-

863 2160 945 2194 que
963 2150 1155 2184 veniunt.

915 2201 1089 2237 Constat
1102 2202 1219 2237 enim
1232 2199 1391 2237 harum
1404 2210 1549 2236 rerum
1561 2200 1719 2245 peritis,
1734 2197 1850 2244 quod
1863 2198 1997 2234 Noua
2008 2197 2138 2234 Stella
2150 2199 2194 2233 in
2207 2196 2295 2243 ipso
2308 2196 2502 2233 altissimo

862 2254 1156 2290 Firmamento
1170 2253 1255 2294 sita,
1268 2253 1527 2289 iamdudum
1537 2250 1774 2298 suspedtum
1785 2251 2016 2288 reddiderit
2026 2250 2410 2297 Peripateticorum
2420 2249 2502 2285 hoc

862 2308 1065 2348 Axioma,
1084 2318 1171 2353 quo
1190 2306 1367 2343 Coelum
1385 2306 1565 2342 Nouam
1582 2305 1777 2351 aliquam
1795 2304 2140 2341 Generationem
2158 2315 2247 2340 non
2264 2303 2501 2343 admittere.

862 2359 929 2396 sed
954 2362 1095 2396 omnis
1119 2360 1387 2396 alterationis
1412 2370 1564 2405 expers
1588 2358 1663 2395 esse
1688 2357 1935 2399 astruentes,
1959 2362 2019 2394 tot
2043 2358 2131 2394 iam
2154 2356 2304 2393 seculis
2324 2355 2502 2392 Veritati

863 2415 950 2448 vim
968 2414 1218 2449 intulerunt.

916 2466 1030 2502 Licet
1048 2477 1150 2502 vero
1169 2465 1400 2506 Roeslinus,
1420 2465 1678 2511 potissimum
1695 2463 1888 2510 Cornelij
1910 2463 2112 2500 Gemmae
2130 2462 2295 2509 placitis
2312 2463 2501 2501 innixus.

864 2519 1094 2555 Cometam
1122 2518 1237 2555 hunc
1264 2518 1591 2564 superlunarem
1618 2517 1780 2559 statuat,
1812 2523 1959 2553 tamen
1990 2515 2027 2553 &
2057 2518 2255 2562 proprias
2281 2514 2501 2561 quasdam.

864 2571 1018 2617 easque
1042 2584 1130 2607 non
1152 2571 1507 2612 contemnendas,
1530 2570 1660 2607 huius
1680 2570 1928 2606 Assertionis
1950 2569 2155 2606 Rationes
2176 2569 2365 2609 adducit:
2388 2568 2501 2604 vide-

864 2625 958 2660 licet
976 2636 1027 2660 ex
1046 2630 1188 2660 motus
1205 2624 1278 2665 sui.
1297 2635 1430 2670 quam
1447 2623 1647 2665 seruauit,
1667 2623 1967 2669 Regularitate.
1986 2623 2358 2669 Proportioneque
2376 2626 2502 2661 certa,

864 2689 962 2722 quae
982 2677 1327 2713 Elementaribus
1344 2678 1535 2723 materijs
1552 2679 1596 2712 in
1614 2677 1727 2713 Aere
1745 2676 1950 2712 volutatis
1972 2680 2216 2721 competere
2238 2686 2327 2711 non
2348 2675 2502 2720 potuit;

865 2736 956 2766 tum
974 2732 1105 2766 etiam
1118 2742 1143 2767 a
1156 2730 1353 2766 Luminis
1366 2730 1642 2775 Proprietate‚
1656 2726 1670 2778 ΙΙ
1684 2740 1782 2775 quae
1800 2728 1969 2766 diuersa
1985 2728 2225 2766 admodum
2243 2732 2369 2764 erata
2382 2726 2502 2763 flam-

865 2795 975 2823 mea,
998 2782 1137 2823 densa.
1162 2783 1197 2819 8(
1220 2783 1345 2819 crassa
1364 2783 1665 2819 Meteororum
1683 2783 1918 2819 Aeriorum
1936 2781 2123 2822 Natura;
2146 2786 2356 2827 praeterea
2373 2781 2504 2816 etiam

865 2848 889 2872 a
908 2836 1202 2872 Diuturnitate
1220 2836 1473 2876 durationis,
1492 2841 1656 2881 quanta
1672 2835 1937 2871 Elementari
1950 2834 2132 2871 Naturae
2150 2845 2240 2870 non
2257 2834 2503 2872 conueniat,

865 2889 1047 2934 idipsum
1065 2889 1233 2934 probat:
1247 2900 1271 2925 a
1285 2894 1427 2924 motus
1441 2888 1612 2933 insuper
1625 2886 1902 2929 Perfedhone,
1921 2899 1972 2924 eo
1986 2887 2102 2933 quod
2118 2888 2244 2933 primi
2257 2886 2430 2922 mobilis
2442 2897 2503 2922 re-

866 2942 1138 2978 uolutionem
1156 2942 1359 2978 diurnam
1376 2941 1611 2978 absolutius
1625 2952 1758 2987 quam
1771 2941 1908 2982 Luna.
1927 2940 2228 2981 aemulabatur,
2247 2943 2504 2985 argumento

866 2994 962 3031 satis
980 2994 1203 3041 probabili,
1222 2994 1335 3030 idem
1354 2995 1588 3035 conuincti:
1607 3005 1694 3039 quo
1713 2996 1843 3031 etiam
1860 3005 1939 3030 nos
1958 2993 2111 3039 Capite
2124 2992 2253 3029 Sexto
2271 2992 2328 3028 vfi
2345 2991 2503 3032 sumus,

866 3048 961 3084 licet
983 3047 1069 3084 alio
1094 3047 1225 3083 modo
1250 3047 1476 3093 proposito.
1502 3047 1585 3083 His
1610 3046 1825 3093 (inquam)
1851 3047 1902 3083 de
1924 3045 2071 3086 caulis.
2096 3045 2224 3091 plane
2247 3044 2504 3081 AEthereum

2390 3097 2504 3134 fuisse

2522 1143 2584 1172 3123

2541 1360 2569 1384 10

2543 1626 2571 1649 15

2541 2422 2574 2446 30

2542 2687 2574 2710 35

2529 2734 2592 2764 314

2544 2951 2575 2975 40
