<?xml version="1.0" encoding="UTF-8"?>
<!DOCTYPE html PUBLIC "-//W3C//DTD XHTML 1.0 Transitional//EN"
    "http://www.w3.org/TR/xhtml1/DTD/xhtml1-transitional.dtd">
<html xmlns="http://www.w3.org/1999/xhtml" xml:lang="en" lang="en">
 <head>
  <title>
</title>
<meta http-equiv="Content-Type" content="text/html;charset=utf-8" />
  <meta name='ocr-system' content='tesseract 3.04.00' />
  <meta name='ocr-capabilities' content='ocr_page ocr_carea ocr_par ocr_line ocrx_word'/>
</head>
<body>
  <div class='ocr_page' id='page_1' title='image "./operaomniaedidit04brahuoft_0336.png"; bbox 0 0 2209 3213; ppageno 0'>
   <div class='ocr_carea' id='block_1_1' title="bbox 349 222 1486 265">
    <p class='ocr_par' dir='ltr' id='par_1_1' title="bbox 349 222 1486 265">
     <span class='ocr_line' id='line_1_1' title="bbox 349 222 1486 265; baseline -0.005 0"><span class='ocrx_word' id='word_1_1' title='bbox 349 230 414 265; x_wconf 82' lang='lat'>318</span> <span class='ocrx_word' id='word_1_2' title='bbox 839 225 919 262; x_wconf 88' lang='lat' dir='ltr'>DE</span> <span class='ocrx_word' id='word_1_3' title='bbox 942 224 1166 261; x_wconf 91' lang='lat' dir='ltr'>MUNDI</span> <span class='ocrx_word' id='word_1_4' title='bbox 1188 222 1486 261; x_wconf 87' lang='lat' dir='ltr'><strong>AETHEREI</strong></span> 
     </span>
    </p>
   </div>
   <div class='ocr_carea' id='block_1_2' title="bbox 343 328 2072 2612">
    <p class='ocr_par' dir='ltr' id='par_1_2' title="bbox 345 328 2072 1014">
     <span class='ocr_line' id='line_1_2' title="bbox 349 328 1982 379; baseline -0.002 -9"><span class='ocrx_word' id='word_1_5' title='bbox 349 338 386 370; x_wconf 77' lang='lat' dir='ltr'>in</span> <span class='ocrx_word' id='word_1_6' title='bbox 405 333 605 379; x_wconf 76' lang='lat' dir='ltr'>gradibus</span> <span class='ocrx_word' id='word_1_7' title='bbox 618 332 867 377; x_wconf 86' lang='lat' dir='ltr'>AEquatoris</span> <span class='ocrx_word' id='word_1_8' title='bbox 885 341 1135 372; x_wconf 86' lang='lat' dir='ltr'>numerans,</span> <span class='ocrx_word' id='word_1_9' title='bbox 1153 334 1258 376; x_wconf 90' lang='lat' dir='ltr'>part.</span> <span class='ocrx_word' id='word_1_10' title='bbox 1273 329 1343 365; x_wconf 89' lang='lat'>114.</span> <span class='ocrx_word' id='word_1_11' title='bbox 1355 330 1460 365; x_wconf 92' lang='lat' dir='ltr'>min.</span> <span class='ocrx_word' id='word_1_12' title='bbox 1473 328 1535 366; x_wconf 92' lang='lat'>48.</span> <span class='ocrx_word' id='word_1_13' title='bbox 1554 328 1725 366; x_wconf 88' lang='lat' dir='ltr'><strong>Deinde</strong></span> <span class='ocrx_word' id='word_1_14' title='bbox 1737 329 1792 367; x_wconf 91' lang='lat' dir='ltr'>ad</span> <span class='ocrx_word' id='word_1_15' title='bbox 1804 329 1982 367; x_wconf 87' lang='lat' dir='ltr'>Stellam</span> 
     </span>
     <span class='ocr_line' id='line_1_3' title="bbox 349 381 1983 429; baseline -0.001 -7"><span class='ocrx_word' id='word_1_16' title='bbox 349 385 640 423; x_wconf 72' lang='lat' dir='ltr'>Andromedae</span> <span class='ocrx_word' id='word_1_17' title='bbox 667 395 746 421; x_wconf 92' lang='lat' dir='ltr'>nos</span> <span class='ocrx_word' id='word_1_18' title='bbox 772 383 1053 425; x_wconf 89' lang='lat' dir='ltr'>conferentes,</span> <span class='ocrx_word' id='word_1_19' title='bbox 1081 385 1292 429; x_wconf 87' lang='lat' dir='ltr'>quoniam</span> <span class='ocrx_word' id='word_1_20' title='bbox 1317 383 1363 418; x_wconf 90' lang='lat' dir='ltr'>in</span> <span class='ocrx_word' id='word_1_21' title='bbox 1387 381 1625 429; x_wconf 90' lang='lat' dir='ltr'>Triangulo</span> <span class='ocrx_word' id='word_1_22' title='bbox 1650 382 1795 426; x_wconf 89' lang='lat' dir='ltr'>ADB,</span> <span class='ocrx_word' id='word_1_23' title='bbox 1827 382 1983 420; x_wconf 86' lang='lat' dir='ltr'>Latera</span> 
     </span>
     <span class='ocr_line' id='line_1_4' title="bbox 348 434 1982 482; baseline -0.001 -8"><span class='ocrx_word' id='word_1_24' title='bbox 348 439 435 475; x_wconf 78' lang='lat' dir='ltr'>AD</span> <span class='ocrx_word' id='word_1_25' title='bbox 454 439 489 474; x_wconf 81' lang='grc'><strong>8(</strong></span> <span class='ocrx_word' id='word_1_26' title='bbox 507 438 587 474; x_wconf 80' lang='grc' dir='ltr'>ΑΒ</span> <span class='ocrx_word' id='word_1_27' title='bbox 605 443 707 474; x_wconf 88' lang='lat' dir='ltr'>nota</span> <span class='ocrx_word' id='word_1_28' title='bbox 724 437 829 477; x_wconf 77' lang='lat' dir='ltr'>sunt,</span> <span class='ocrx_word' id='word_1_29' title='bbox 849 436 931 473; x_wconf 91' lang='lat' dir='ltr'>hoc</span> <span class='ocrx_word' id='word_1_30' title='bbox 948 447 1000 473; x_wconf 88' lang='lat' dir='ltr'>ex</span> <span class='ocrx_word' id='word_1_31' title='bbox 1018 435 1338 482; x_wconf 90' lang='lat' dir='ltr'>complemento</span> <span class='ocrx_word' id='word_1_32' title='bbox 1355 434 1673 473; x_wconf 91' lang='lat' dir='ltr'>Declinationis</span> <span class='ocrx_word' id='word_1_33' title='bbox 1690 435 1847 479; x_wconf 69' lang='lat' dir='ltr'>Stellae,</span> <span class='ocrx_word' id='word_1_34' title='bbox 1865 436 1982 482; x_wconf 92' lang='lat' dir='ltr'>quod</span> 
     </span>
     <span class='ocr_line' id='line_1_5' title="bbox 348 487 1982 536; baseline -0.001 -8"><span class='ocrx_word' id='word_1_35' title='bbox 348 498 435 529; x_wconf 83' lang='lat' dir='ltr'>erat</span> <span class='ocrx_word' id='word_1_36' title='bbox 452 494 571 527; x_wconf 83' lang='lat' dir='ltr'>iuxta</span> <span class='ocrx_word' id='word_1_37' title='bbox 588 490 748 527; x_wconf 83' lang='lat' dir='ltr'>nostras</span> <span class='ocrx_word' id='word_1_38' title='bbox 765 491 954 526; x_wconf 88' lang='lat' dir='ltr'>rationes</span> <span class='ocrx_word' id='word_1_39' title='bbox 971 489 1086 536; x_wconf 87' lang='lat' dir='ltr'>grad.</span> <span class='ocrx_word' id='word_1_40' title='bbox 1104 489 1165 526; x_wconf 88' lang='lat'>49.</span> <span class='ocrx_word' id='word_1_41' title='bbox 1183 490 1287 525; x_wconf 91' lang='lat' dir='ltr'>min.</span> <span class='ocrx_word' id='word_1_42' title='bbox 1304 488 1340 531; x_wconf 99' lang='lat'>9,</span> <span class='ocrx_word' id='word_1_43' title='bbox 1358 487 1465 525; x_wconf 92' lang='lat' dir='ltr'>illud</span> <span class='ocrx_word' id='word_1_44' title='bbox 1481 499 1535 525; x_wconf 86' lang='lat' dir='ltr'>ex</span> <span class='ocrx_word' id='word_1_45' title='bbox 1551 488 1871 535; x_wconf 91' lang='lat' dir='ltr'>complemento</span> <span class='ocrx_word' id='word_1_46' title='bbox 1889 488 1982 526; x_wconf 91' lang='lat' dir='ltr'>Ele-</span> 
     </span>
     <span class='ocr_line' id='line_1_6' title="bbox 347 540 2036 589; baseline -0.002 -8"><span class='ocrx_word' id='word_1_47' title='bbox 347 546 533 581; x_wconf 84' lang='lat' dir='ltr'>uationis</span> <span class='ocrx_word' id='word_1_48' title='bbox 559 543 661 584; x_wconf 76' lang='lat' dir='ltr'>Poli.</span> <span class='ocrx_word' id='word_1_49' title='bbox 690 542 726 579; x_wconf 98' lang='grc'><strong>8(</strong></span> <span class='ocrx_word' id='word_1_50' title='bbox 752 542 952 589; x_wconf 86' lang='lat' dir='ltr'>Angulus</span> <span class='ocrx_word' id='word_1_51' title='bbox 978 541 1315 589; x_wconf 90' lang='lat' dir='ltr'>comprehensus</span> <span class='ocrx_word' id='word_1_52' title='bbox 1340 540 1424 578; x_wconf 94' lang='lat' dir='ltr'>hoc</span> <span class='ocrx_word' id='word_1_53' title='bbox 1448 540 1581 578; x_wconf 92' lang='lat' dir='ltr'>modo</span> <span class='ocrx_word' id='word_1_54' title='bbox 1604 541 1853 585; x_wconf 88' lang='lat' dir='ltr'>innotescat,</span> <span class='ocrx_word' id='word_1_55' title='bbox 1879 544 1983 588; x_wconf 90' lang='lat' dir='ltr'>quia</span> <span class='ocrx_word' id='word_1_56' title='bbox 2021 554 2036 578; x_wconf 85' lang='lat'><em>5</em></span> 
     </span>
     <span class='ocr_line' id='line_1_7' title="bbox 346 593 1983 644; baseline -0.001 -11"><span class='ocrx_word' id='word_1_57' title='bbox 346 600 463 644; x_wconf 89' lang='lat' dir='ltr'>prius</span> <span class='ocrx_word' id='word_1_58' title='bbox 484 598 619 643; x_wconf 87' lang='lat' dir='ltr'>patuit</span> <span class='ocrx_word' id='word_1_59' title='bbox 640 601 752 633; x_wconf 84' lang='lat' dir='ltr'>totus</span> <span class='ocrx_word' id='word_1_60' title='bbox 770 595 906 637; x_wconf 85' lang='lat' dir='ltr'>DAC,</span> <span class='ocrx_word' id='word_1_61' title='bbox 928 595 1094 632; x_wconf 87' lang='lat' dir='ltr'>sublata</span> <span class='ocrx_word' id='word_1_62' title='bbox 1113 595 1167 632; x_wconf 87' lang='lat' dir='ltr'>ab</span> <span class='ocrx_word' id='word_1_63' title='bbox 1188 594 1272 632; x_wconf 91' lang='lat' dir='ltr'>hoc</span> <span class='ocrx_word' id='word_1_64' title='bbox 1293 593 1537 632; x_wconf 83' lang='lat' dir='ltr'>differentia</span> <span class='ocrx_word' id='word_1_65' title='bbox 1553 594 1825 632; x_wconf 83' lang='lat' dir='ltr'>Ascenfionis</span> <span class='ocrx_word' id='word_1_66' title='bbox 1842 593 1983 632; x_wconf 69' lang='lat' dir='ltr'>Rectae</span> 
     </span>
     <span class='ocr_line' id='line_1_8' title="bbox 347 647 1982 695; baseline 0 -9"><span class='ocrx_word' id='word_1_67' title='bbox 347 650 541 687; x_wconf 85' lang='lat' dir='ltr'>Cometae</span> <span class='ocrx_word' id='word_1_68' title='bbox 559 649 595 685; x_wconf 88' lang='grc'><strong>8(</strong></span> <span class='ocrx_word' id='word_1_69' title='bbox 612 648 768 690; x_wconf 80' lang='lat' dir='ltr'>Stellae,</span> <span class='ocrx_word' id='word_1_70' title='bbox 790 659 889 694; x_wconf 88' lang='lat' dir='ltr'>quae</span> <span class='ocrx_word' id='word_1_71' title='bbox 911 648 965 685; x_wconf 85' lang='lat' dir='ltr'>est</span> <span class='ocrx_word' id='word_1_72' title='bbox 986 659 1008 685; x_wconf 91' lang='lat' dir='ltr'>e</span> <span class='ocrx_word' id='word_1_73' title='bbox 1029 648 1170 686; x_wconf 89' lang='lat' dir='ltr'>nostra</span> <span class='ocrx_word' id='word_1_74' title='bbox 1190 649 1496 685; x_wconf 85' lang='lat' dir='ltr'>numeratione</span> <span class='ocrx_word' id='word_1_75' title='bbox 1514 647 1710 694; x_wconf 88' lang='lat' dir='ltr'>superius</span> <span class='ocrx_word' id='word_1_76' title='bbox 1728 647 1982 695; x_wconf 90' lang='lat' dir='ltr'>colligenda,</span> 
     </span>
     <span class='ocr_line' id='line_1_9' title="bbox 345 700 1983 749; baseline -0.001 -10"><span class='ocrx_word' id='word_1_77' title='bbox 345 703 458 749; x_wconf 83' lang='lat' dir='ltr'>grad.</span> <span class='ocrx_word' id='word_1_78' title='bbox 473 702 524 739; x_wconf 89' lang='lat'>18.</span> <span class='ocrx_word' id='word_1_79' title='bbox 537 704 688 738; x_wconf 88' lang='lat' dir='ltr'>minut.</span> <span class='ocrx_word' id='word_1_80' title='bbox 702 701 763 743; x_wconf 82' lang='lat'>38,</span> <span class='ocrx_word' id='word_1_81' title='bbox 781 713 914 748; x_wconf 89' lang='lat' dir='ltr'>quam</span> <span class='ocrx_word' id='word_1_82' title='bbox 931 701 1206 748; x_wconf 75' lang='lat' dir='ltr'>repraesentat</span> <span class='ocrx_word' id='word_1_83' title='bbox 1222 700 1424 748; x_wconf 88' lang='lat' dir='ltr'>Angulus</span> <span class='ocrx_word' id='word_1_84' title='bbox 1441 700 1580 744; x_wconf 90' lang='lat' dir='ltr'>CAB,</span> <span class='ocrx_word' id='word_1_85' title='bbox 1598 700 1770 738; x_wconf 90' lang='lat' dir='ltr'>resultat</span> <span class='ocrx_word' id='word_1_86' title='bbox 1781 701 1983 748; x_wconf 87' lang='lat' dir='ltr'>Angulus</span> 
     </span>
     <span class='ocr_line' id='line_1_10' title="bbox 346 753 1984 802; baseline 0.001 -11"><span class='ocrx_word' id='word_1_87' title='bbox 346 755 545 802; x_wconf 85' lang='lat' dir='ltr'>quaelitus</span> <span class='ocrx_word' id='word_1_88' title='bbox 563 755 647 791; x_wconf 86' lang='lat' dir='ltr'>DA</span> <span class='ocrx_word' id='word_1_89' title='bbox 656 755 701 797; x_wconf 82' lang='lat' dir='ltr'>B,</span> <span class='ocrx_word' id='word_1_90' title='bbox 723 760 828 801; x_wconf 89' lang='lat' dir='ltr'>part.</span> <span class='ocrx_word' id='word_1_91' title='bbox 846 754 908 792; x_wconf 92' lang='lat'>96.</span> <span class='ocrx_word' id='word_1_92' title='bbox 926 756 1030 791; x_wconf 91' lang='lat' dir='ltr'>min.</span> <span class='ocrx_word' id='word_1_93' title='bbox 1048 755 1100 792; x_wconf 95' lang='lat'>10.</span> <span class='ocrx_word' id='word_1_94' title='bbox 1123 754 1254 791; x_wconf 93' lang='lat' dir='ltr'>Nunc</span> <span class='ocrx_word' id='word_1_95' title='bbox 1275 765 1328 791; x_wconf 82' lang='lat' dir='ltr'>ex</span> <span class='ocrx_word' id='word_1_96' title='bbox 1346 753 1431 791; x_wconf 94' lang='lat' dir='ltr'>hoc</span> <span class='ocrx_word' id='word_1_97' title='bbox 1446 753 1624 801; x_wconf 87' lang='lat' dir='ltr'>Angulo</span> <span class='ocrx_word' id='word_1_98' title='bbox 1641 765 1741 791; x_wconf 93' lang='lat' dir='ltr'>cum</span> <span class='ocrx_word' id='word_1_99' title='bbox 1757 754 1984 792; x_wconf 91' lang='lat' dir='ltr'>Lateribus</span> 
     </span>
     <span class='ocr_line' id='line_1_11' title="bbox 345 804 2072 857; baseline -0.001 -12"><span class='ocrx_word' id='word_1_100' title='bbox 345 804 669 857; x_wconf 74' lang='lat' dir='ltr'>ambien-Htibus</span> <span class='ocrx_word' id='word_1_101' title='bbox 687 809 856 854; x_wconf 88' lang='lat' dir='ltr'>cognito</span> <span class='ocrx_word' id='word_1_102' title='bbox 873 807 1213 845; x_wconf 76' lang='lat' dir='ltr'>manifestabitur</span> <span class='ocrx_word' id='word_1_103' title='bbox 1225 807 1357 845; x_wconf 89' lang='lat' dir='ltr'>Latus</span> <span class='ocrx_word' id='word_1_104' title='bbox 1373 808 1548 844; x_wconf 89' lang='lat' dir='ltr'>tertium</span> <span class='ocrx_word' id='word_1_105' title='bbox 1559 806 1656 851; x_wconf 91' lang='lat' dir='ltr'>DB,</span> <span class='ocrx_word' id='word_1_106' title='bbox 1673 807 1790 854; x_wconf 88' lang='lat' dir='ltr'>grad.</span> <span class='ocrx_word' id='word_1_107' title='bbox 1802 807 1864 845; x_wconf 91' lang='lat'>62.</span> <span class='ocrx_word' id='word_1_108' title='bbox 1877 809 1981 845; x_wconf 90' lang='lat' dir='ltr'>min.</span> <span class='ocrx_word' id='word_1_109' title='bbox 2007 812 2072 844; x_wconf 86' lang='lat'>399</span> 
     </span>
     <span class='ocr_line' id='line_1_12' title="bbox 345 859 1982 908; baseline -0.001 -9"><span class='ocrx_word' id='word_1_110' title='bbox 345 862 405 903; x_wconf 81' lang='lat'>58,</span> <span class='ocrx_word' id='word_1_111' title='bbox 435 861 471 898; x_wconf 87' lang='lat'>&amp;</span> <span class='ocrx_word' id='word_1_112' title='bbox 500 873 551 898; x_wconf 86' lang='lat' dir='ltr'>ex</span> <span class='ocrx_word' id='word_1_113' title='bbox 579 860 712 898; x_wconf 84' lang='lat' dir='ltr'>tribus</span> <span class='ocrx_word' id='word_1_114' title='bbox 738 861 869 898; x_wconf 92' lang='lat' dir='ltr'>modo</span> <span class='ocrx_word' id='word_1_115' title='bbox 896 863 1075 908; x_wconf 76' lang='lat' dir='ltr'>cognitis</span> <span class='ocrx_word' id='word_1_116' title='bbox 1102 860 1327 898; x_wconf 90' lang='lat' dir='ltr'>Lateribus</span> <span class='ocrx_word' id='word_1_117' title='bbox 1352 859 1586 898; x_wconf 83' lang='lat' dir='ltr'>innotescet</span> <span class='ocrx_word' id='word_1_118' title='bbox 1610 860 1812 907; x_wconf 86' lang='lat' dir='ltr'>Angulus</span> <span class='ocrx_word' id='word_1_119' title='bbox 1837 860 1982 904; x_wconf 85' lang='lat' dir='ltr'>ADB,</span> 
     </span>
     <span class='ocr_line' id='line_1_13' title="bbox 345 913 1982 961; baseline -0.001 -9"><span class='ocrx_word' id='word_1_120' title='bbox 345 920 448 961; x_wconf 91' lang='lat' dir='ltr'>part.</span> <span class='ocrx_word' id='word_1_121' title='bbox 467 915 527 952; x_wconf 88' lang='grc'>57.</span> <span class='ocrx_word' id='word_1_122' title='bbox 545 916 649 951; x_wconf 91' lang='lat' dir='ltr'>min.</span> <span class='ocrx_word' id='word_1_123' title='bbox 667 914 728 955; x_wconf 83' lang='lat'>36,</span> <span class='ocrx_word' id='word_1_124' title='bbox 748 916 822 960; x_wconf 86' lang='lat' dir='ltr'>qui</span> <span class='ocrx_word' id='word_1_125' title='bbox 838 915 1012 951; x_wconf 90' lang='lat' dir='ltr'>metitur</span> <span class='ocrx_word' id='word_1_126' title='bbox 1028 913 1270 952; x_wconf 84' lang='lat' dir='ltr'>distantiam</span> <span class='ocrx_word' id='word_1_127' title='bbox 1287 913 1624 951; x_wconf 86' lang='lat' dir='ltr'>Horizontalem</span> <span class='ocrx_word' id='word_1_128' title='bbox 1640 914 1666 950; x_wconf 75' lang='lat' dir='ltr'>a</span> <span class='ocrx_word' id='word_1_129' title='bbox 1682 913 1982 961; x_wconf 91' lang='lat' dir='ltr'>Septentrione</span> 
     </span>
     <span class='ocr_line' id='line_1_14' title="bbox 346 966 1982 1014; baseline 0.001 -10"><span class='ocrx_word' id='word_1_130' title='bbox 346 970 437 1004; x_wconf 91' lang='lat' dir='ltr'>eius</span> <span class='ocrx_word' id='word_1_131' title='bbox 454 966 667 1004; x_wconf 85' lang='lat' dir='ltr'>verticalis</span> <span class='ocrx_word' id='word_1_132' title='bbox 685 967 859 1010; x_wconf 88' lang='lat' dir='ltr'>Circuli,</span> <span class='ocrx_word' id='word_1_133' title='bbox 877 969 951 1014; x_wconf 90' lang='lat' dir='ltr'>qui</span> <span class='ocrx_word' id='word_1_134' title='bbox 968 978 1044 1014; x_wconf 90' lang='lat' dir='ltr'>per</span> <span class='ocrx_word' id='word_1_135' title='bbox 1057 967 1355 1004; x_wconf 88' lang='lat' dir='ltr'>Andromedae</span> <span class='ocrx_word' id='word_1_136' title='bbox 1372 966 1599 1005; x_wconf 85' lang='lat' dir='ltr'>Stellulam</span> <span class='ocrx_word' id='word_1_137' title='bbox 1614 966 1828 1010; x_wconf 89' lang='lat' dir='ltr'>tranfibat,</span> <span class='ocrx_word' id='word_1_138' title='bbox 1846 979 1982 1014; x_wconf 88' lang='lat' dir='ltr'>quan-</span> 
     </span>
    </p>

    <p class='ocr_par' dir='ltr' id='par_1_3' title="bbox 343 1019 2054 1281">
     <span class='ocr_line' id='line_1_15' title="bbox 345 1019 1982 1068; baseline 0.001 -11"><span class='ocrx_word' id='word_1_139' title='bbox 345 1021 399 1057; x_wconf 95' lang='lat' dir='ltr'>do</span> <span class='ocrx_word' id='word_1_140' title='bbox 415 1020 599 1058; x_wconf 89' lang='lat' dir='ltr'>Cometa</span> <span class='ocrx_word' id='word_1_141' title='bbox 615 1020 826 1057; x_wconf 92' lang='lat' dir='ltr'>occubuit.</span> <span class='ocrx_word' id='word_1_142' title='bbox 844 1020 939 1057; x_wconf 90' lang='lat' dir='ltr'>Fuit</span> <span class='ocrx_word' id='word_1_143' title='bbox 954 1023 1101 1067; x_wconf 90' lang='lat' dir='ltr'>itaque</span> <span class='ocrx_word' id='word_1_144' title='bbox 1118 1025 1210 1058; x_wconf 92' lang='lat' dir='ltr'>tum</span> <span class='ocrx_word' id='word_1_145' title='bbox 1227 1020 1359 1058; x_wconf 82' lang='lat' dir='ltr'>Stella</span> <span class='ocrx_word' id='word_1_146' title='bbox 1374 1019 1450 1057; x_wconf 92' lang='lat' dir='ltr'>illa</span> <span class='ocrx_word' id='word_1_147' title='bbox 1465 1021 1510 1057; x_wconf 92' lang='lat' dir='ltr'>in</span> <span class='ocrx_word' id='word_1_148' title='bbox 1521 1020 1774 1064; x_wconf 91' lang='lat' dir='ltr'>Azimutho,</span> <span class='ocrx_word' id='word_1_149' title='bbox 1791 1020 1907 1068; x_wconf 88' lang='lat' dir='ltr'>grad.</span> <span class='ocrx_word' id='word_1_150' title='bbox 1919 1021 1982 1058; x_wconf 91' lang='lat'>57.</span> 
     </span>
     <span class='ocr_line' id='line_1_16' title="bbox 343 1073 2054 1120; baseline 0 -10"><span class='ocrx_word' id='word_1_151' title='bbox 343 1076 445 1110; x_wconf 91' lang='lat' dir='ltr'>min.</span> <span class='ocrx_word' id='word_1_152' title='bbox 467 1073 529 1116; x_wconf 85' lang='lat'>36,</span> <span class='ocrx_word' id='word_1_153' title='bbox 554 1085 579 1110; x_wconf 90' lang='lat' dir='ltr'>a</span> <span class='ocrx_word' id='word_1_154' title='bbox 603 1073 903 1120; x_wconf 88' lang='lat' dir='ltr'>Septentrione</span> <span class='ocrx_word' id='word_1_155' title='bbox 924 1073 1070 1111; x_wconf 88' lang='lat' dir='ltr'>versus</span> <span class='ocrx_word' id='word_1_156' title='bbox 1091 1073 1316 1112; x_wconf 91' lang='lat' dir='ltr'>Occasum.</span> <span class='ocrx_word' id='word_1_157' title='bbox 1340 1074 1398 1110; x_wconf 89' lang='lat' dir='ltr'>At</span> <span class='ocrx_word' id='word_1_158' title='bbox 1419 1073 1652 1111; x_wconf 89' lang='lat' dir='ltr'>Cometam</span> <span class='ocrx_word' id='word_1_159' title='bbox 1671 1075 1717 1111; x_wconf 92' lang='lat' dir='ltr'>in</span> <span class='ocrx_word' id='word_1_160' title='bbox 1738 1073 1982 1111; x_wconf 91' lang='lat' dir='ltr'>Horizonte</span> <span class='ocrx_word' id='word_1_161' title='bbox 2024 1085 2054 1109; x_wconf 85' lang='lat'>15</span> 
     </span>
     <span class='ocr_line' id='line_1_17' title="bbox 345 1126 1983 1174; baseline 0.001 -11"><span class='ocrx_word' id='word_1_162' title='bbox 345 1126 591 1164; x_wconf 85' lang='lat' dir='ltr'>existentem</span> <span class='ocrx_word' id='word_1_163' title='bbox 613 1126 900 1164; x_wconf 89' lang='lat' dir='ltr'>Azimuthum</span> <span class='ocrx_word' id='word_1_164' title='bbox 922 1129 1016 1174; x_wconf 87' lang='lat' dir='ltr'>pari</span> <span class='ocrx_word' id='word_1_165' title='bbox 1036 1129 1204 1165; x_wconf 90' lang='lat' dir='ltr'>ratione</span> <span class='ocrx_word' id='word_1_166' title='bbox 1226 1127 1460 1171; x_wconf 89' lang='lat' dir='ltr'>obtinuisse‚</span> <span class='ocrx_word' id='word_1_167' title='bbox 1481 1131 1588 1174; x_wconf 88' lang='lat' dir='ltr'>part.</span> <span class='ocrx_word' id='word_1_168' title='bbox 1605 1127 1668 1165; x_wconf 89' lang='lat'>59.</span> <span class='ocrx_word' id='word_1_169' title='bbox 1684 1129 1789 1165; x_wconf 92' lang='lat' dir='ltr'>min.</span> <span class='ocrx_word' id='word_1_170' title='bbox 1806 1127 1843 1171; x_wconf 91' lang='lat'>9,</span> <span class='ocrx_word' id='word_1_171' title='bbox 1863 1129 1983 1174; x_wconf 90' lang='lat' dir='ltr'>prius</span> 
     </span>
     <span class='ocr_line' id='line_1_18' title="bbox 344 1179 1983 1218; baseline 0.001 -2"><span class='ocrx_word' id='word_1_172' title='bbox 344 1181 664 1217; x_wconf 85' lang='lat' dir='ltr'>adinuenimuS.</span> <span class='ocrx_word' id='word_1_173' title='bbox 675 1180 799 1217; x_wconf 93' lang='lat' dir='ltr'>Vnde</span> <span class='ocrx_word' id='word_1_174' title='bbox 812 1179 1055 1218; x_wconf 87' lang='lat' dir='ltr'>differentia</span> <span class='ocrx_word' id='word_1_175' title='bbox 1067 1180 1338 1218; x_wconf 90' lang='lat' dir='ltr'>verticalium</span> <span class='ocrx_word' id='word_1_176' title='bbox 1350 1179 1496 1218; x_wconf 88' lang='lat' dir='ltr'>Stellae</span> <span class='ocrx_word' id='word_1_177' title='bbox 1509 1179 1547 1218; x_wconf 87' lang='grc'><strong>8(</strong></span> <span class='ocrx_word' id='word_1_178' title='bbox 1559 1179 1757 1218; x_wconf 85' lang='lat' dir='ltr'>Cometae</span> <span class='ocrx_word' id='word_1_179' title='bbox 1769 1185 1871 1218; x_wconf 90' lang='lat' dir='ltr'>tune</span> <span class='ocrx_word' id='word_1_180' title='bbox 1883 1191 1983 1218; x_wconf 92' lang='lat' dir='ltr'>con-</span> 
     </span>
     <span class='ocr_line' id='line_1_19' title="bbox 344 1233 1368 1281; baseline 0.001 -11"><span class='ocrx_word' id='word_1_181' title='bbox 344 1233 542 1280; x_wconf 87' lang='lat' dir='ltr'>tingebat,</span> <span class='ocrx_word' id='word_1_182' title='bbox 560 1233 601 1270; x_wconf 84' lang='lat' dir='ltr'>P.</span> <span class='ocrx_word' id='word_1_183' title='bbox 620 1234 645 1269; x_wconf 94' lang='lat' dir='ltr'>l.</span> <span class='ocrx_word' id='word_1_184' title='bbox 664 1233 726 1270; x_wconf 93' lang='lat' dir='ltr'>M.</span> <span class='ocrx_word' id='word_1_185' title='bbox 743 1233 806 1277; x_wconf 87' lang='lat'>33,</span> <span class='ocrx_word' id='word_1_186' title='bbox 824 1233 941 1280; x_wconf 92' lang='lat' dir='ltr'>quod</span> <span class='ocrx_word' id='word_1_187' title='bbox 958 1233 1178 1272; x_wconf 91' lang='lat' dir='ltr'>ostendere</span> <span class='ocrx_word' id='word_1_188' title='bbox 1195 1233 1368 1281; x_wconf 86' lang='lat' dir='ltr'>placuit.</span> 
     </span>
    </p>

    <p class='ocr_par' dir='ltr' id='par_1_4' title="bbox 344 1286 2056 1653">
     <span class='ocr_line' id='line_1_20' title="bbox 398 1286 1983 1333; baseline 0.001 -10"><span class='ocrx_word' id='word_1_189' title='bbox 398 1286 686 1333; x_wconf 85' lang='lat' dir='ltr'>Quapropter,</span> <span class='ocrx_word' id='word_1_190' title='bbox 711 1298 810 1323; x_wconf 91' lang='lat' dir='ltr'>cum</span> <span class='ocrx_word' id='word_1_191' title='bbox 831 1292 930 1324; x_wconf 92' lang='lat' dir='ltr'>ante</span> <span class='ocrx_word' id='word_1_192' title='bbox 951 1287 1073 1324; x_wconf 88' lang='lat' dir='ltr'>suam</span> <span class='ocrx_word' id='word_1_193' title='bbox 1094 1286 1207 1325; x_wconf 89' lang='lat' dir='ltr'>infra</span> <span class='ocrx_word' id='word_1_194' title='bbox 1227 1287 1521 1324; x_wconf 91' lang='lat' dir='ltr'>Horizontem</span> <span class='ocrx_word' id='word_1_195' title='bbox 1541 1286 1877 1330; x_wconf 90' lang='lat' dir='ltr'>absconfionem,</span> <span class='ocrx_word' id='word_1_196' title='bbox 1900 1287 1983 1325; x_wconf 93' lang='lat' dir='ltr'>Co-</span> 
     </span>
     <span class='ocr_line' id='line_1_21' title="bbox 344 1339 2056 1387; baseline 0.001 -11"><span class='ocrx_word' id='word_1_197' title='bbox 344 1345 459 1376; x_wconf 90' lang='lat' dir='ltr'>meta</span> <span class='ocrx_word' id='word_1_198' title='bbox 475 1340 673 1376; x_wconf 91' lang='lat' dir='ltr'>nondum</span> <span class='ocrx_word' id='word_1_199' title='bbox 689 1340 939 1377; x_wconf 89' lang='lat' dir='ltr'>verticalem</span> <span class='ocrx_word' id='word_1_200' title='bbox 955 1340 1080 1378; x_wconf 91' lang='lat' dir='ltr'>illum</span> <span class='ocrx_word' id='word_1_201' title='bbox 1097 1342 1172 1387; x_wconf 91' lang='lat' dir='ltr'>qui</span> <span class='ocrx_word' id='word_1_202' title='bbox 1187 1352 1264 1387; x_wconf 90' lang='lat' dir='ltr'>per</span> <span class='ocrx_word' id='word_1_203' title='bbox 1275 1340 1455 1379; x_wconf 91' lang='lat' dir='ltr'>Stellam</span> <span class='ocrx_word' id='word_1_204' title='bbox 1469 1339 1686 1384; x_wconf 83' lang='lat' dir='ltr'>tranfibat‚</span> <span class='ocrx_word' id='word_1_205' title='bbox 1703 1341 1910 1378; x_wconf 88' lang='lat' dir='ltr'>assecutus</span> <span class='ocrx_word' id='word_1_206' title='bbox 1926 1339 1983 1384; x_wconf 88' lang='lat' dir='ltr'>fit,</span> <span class='ocrx_word' id='word_1_207' title='bbox 2022 1351 2056 1376; x_wconf 86' lang='lat'>20</span> 
     </span>
     <span class='ocr_line' id='line_1_22' title="bbox 344 1391 1984 1442; baseline 0.001 -13"><span class='ocrx_word' id='word_1_208' title='bbox 344 1391 586 1430; x_wconf 83' lang='lat' dir='ltr'>differentia</span> <span class='ocrx_word' id='word_1_209' title='bbox 603 1392 802 1430; x_wconf 81' lang='lat' dir='ltr'>existente</span> <span class='ocrx_word' id='word_1_210' title='bbox 820 1395 865 1430; x_wconf 91' lang='lat' dir='ltr'>in</span> <span class='ocrx_word' id='word_1_211' title='bbox 880 1393 969 1440; x_wconf 87' lang='lat' dir='ltr'>ipso</span> <span class='ocrx_word' id='word_1_212' title='bbox 984 1393 1137 1431; x_wconf 92' lang='lat' dir='ltr'>occasu</span> <span class='ocrx_word' id='word_1_213' title='bbox 1149 1393 1343 1437; x_wconf 74' lang='lat' dir='ltr'>Crinitae,</span> <span class='ocrx_word' id='word_1_214' title='bbox 1360 1395 1528 1431; x_wconf 88' lang='lat' dir='ltr'>maiore</span> <span class='ocrx_word' id='word_1_215' title='bbox 1544 1393 1819 1440; x_wconf 88' lang='lat' dir='ltr'>sesquialtero</span> <span class='ocrx_word' id='word_1_216' title='bbox 1835 1393 1984 1442; x_wconf 87' lang='lat' dir='ltr'>gradu,</span> 
     </span>
     <span class='ocr_line' id='line_1_23' title="bbox 345 1446 1985 1494; baseline 0.001 -12"><span class='ocrx_word' id='word_1_217' title='bbox 345 1457 443 1492; x_wconf 82' lang='lat' dir='ltr'>quae</span> <span class='ocrx_word' id='word_1_218' title='bbox 456 1447 575 1492; x_wconf 90' lang='lat' dir='ltr'>prius</span> <span class='ocrx_word' id='word_1_219' title='bbox 587 1447 630 1483; x_wconf 93' lang='lat' dir='ltr'>in</span> <span class='ocrx_word' id='word_1_220' title='bbox 643 1446 884 1484; x_wconf 89' lang='lat' dir='ltr'>Altitudine</span> <span class='ocrx_word' id='word_1_221' title='bbox 897 1446 1087 1484; x_wconf 89' lang='lat' dir='ltr'>eiusdem</span> <span class='ocrx_word' id='word_1_222' title='bbox 1099 1449 1264 1485; x_wconf 90' lang='lat' dir='ltr'>circiter</span> <span class='ocrx_word' id='word_1_223' title='bbox 1275 1446 1326 1485; x_wconf 88' lang='lat'>30</span> <span class='ocrx_word' id='word_1_224' title='bbox 1336 1452 1444 1494; x_wconf 87' lang='lat' dir='ltr'>part.</span> <span class='ocrx_word' id='word_1_225' title='bbox 1457 1452 1548 1485; x_wconf 90' lang='lat' dir='ltr'>erat</span> <span class='ocrx_word' id='word_1_226' title='bbox 1559 1447 1675 1494; x_wconf 88' lang='lat' dir='ltr'>grad.</span> <span class='ocrx_word' id='word_1_227' title='bbox 1687 1447 1746 1491; x_wconf 68' lang='lat'>7},</span> <span class='ocrx_word' id='word_1_228' title='bbox 1763 1459 1854 1485; x_wconf 92' lang='lat' dir='ltr'>non</span> <span class='ocrx_word' id='word_1_229' title='bbox 1865 1449 1985 1494; x_wconf 91' lang='lat' dir='ltr'>prius</span> 
     </span>
     <span class='ocr_line' id='line_1_24' title="bbox 344 1499 1985 1547; baseline 0.002 -12"><span class='ocrx_word' id='word_1_230' title='bbox 344 1501 449 1535; x_wconf 93' lang='lat' dir='ltr'>vniti</span> <span class='ocrx_word' id='word_1_231' title='bbox 479 1504 600 1536; x_wconf 90' lang='lat' dir='ltr'>erant</span> <span class='ocrx_word' id='word_1_232' title='bbox 630 1499 760 1536; x_wconf 88' lang='lat' dir='ltr'>ambo</span> <span class='ocrx_word' id='word_1_233' title='bbox 790 1500 1015 1538; x_wconf 89' lang='lat' dir='ltr'>verticales</span> <span class='ocrx_word' id='word_1_234' title='bbox 1043 1512 1120 1547; x_wconf 91' lang='lat' dir='ltr'>per</span> <span class='ocrx_word' id='word_1_235' title='bbox 1149 1500 1381 1538; x_wconf 90' lang='lat' dir='ltr'>Cometam</span> <span class='ocrx_word' id='word_1_236' title='bbox 1411 1500 1449 1538; x_wconf 86' lang='lat'>&amp;</span> <span class='ocrx_word' id='word_1_237' title='bbox 1479 1500 1658 1538; x_wconf 92' lang='lat' dir='ltr'>Stellam</span> <span class='ocrx_word' id='word_1_238' title='bbox 1687 1500 1985 1538; x_wconf 89' lang='lat' dir='ltr'>Andromedae</span> 
     </span>
     <span class='ocr_line' id='line_1_25' title="bbox 344 1551 1984 1601; baseline 0.001 -12"><span class='ocrx_word' id='word_1_239' title='bbox 344 1551 622 1595; x_wconf 88' lang='lat' dir='ltr'>transeuntes,</span> <span class='ocrx_word' id='word_1_240' title='bbox 645 1552 713 1590; x_wconf 86' lang='lat' dir='ltr'>sed</span> <span class='ocrx_word' id='word_1_241' title='bbox 730 1553 772 1590; x_wconf 92' lang='lat' dir='ltr'>id</span> <span class='ocrx_word' id='word_1_242' title='bbox 788 1555 979 1600; x_wconf 92' lang='lat' dir='ltr'>primum</span> <span class='ocrx_word' id='word_1_243' title='bbox 995 1552 1137 1597; x_wconf 84' lang='lat' dir='ltr'>fiebat,</span> <span class='ocrx_word' id='word_1_244' title='bbox 1158 1553 1345 1592; x_wconf 90' lang='lat' dir='ltr'>Cometa</span> <span class='ocrx_word' id='word_1_245' title='bbox 1360 1553 1474 1591; x_wconf 86' lang='lat' dir='ltr'>infra</span> <span class='ocrx_word' id='word_1_246' title='bbox 1490 1553 1782 1592; x_wconf 90' lang='lat' dir='ltr'>Horizontem</span> <span class='ocrx_word' id='word_1_247' title='bbox 1798 1553 1984 1601; x_wconf 89' lang='lat' dir='ltr'>delapso,</span> 
     </span>
     <span class='ocr_line' id='line_1_26' title="bbox 344 1605 2056 1653; baseline 0 -11"><span class='ocrx_word' id='word_1_248' title='bbox 344 1610 387 1642; x_wconf 91' lang='lat' dir='ltr'>vt</span> <span class='ocrx_word' id='word_1_249' title='bbox 403 1610 531 1642; x_wconf 87' lang='lat' dir='ltr'>antea</span> <span class='ocrx_word' id='word_1_250' title='bbox 548 1606 712 1649; x_wconf 87' lang='lat' dir='ltr'>asserui;</span> <span class='ocrx_word' id='word_1_251' title='bbox 731 1605 768 1642; x_wconf 90' lang='grc'><strong>8(</strong></span> <span class='ocrx_word' id='word_1_252' title='bbox 785 1608 872 1653; x_wconf 83' lang='lat' dir='ltr'>qui,</span> <span class='ocrx_word' id='word_1_253' title='bbox 891 1606 1049 1653; x_wconf 86' lang='lat' dir='ltr'>quaeso,</span> <span class='ocrx_word' id='word_1_254' title='bbox 1066 1612 1168 1645; x_wconf 91' lang='lat' dir='ltr'>tunc</span> <span class='ocrx_word' id='word_1_255' title='bbox 1184 1606 1293 1645; x_wconf 91' lang='lat' dir='ltr'>foret</span> <span class='ocrx_word' id='word_1_256' title='bbox 1309 1605 1618 1645; x_wconf 76' lang='lat' dir='ltr'>obseruabilis?</span> <span class='ocrx_word' id='word_1_257' title='bbox 2023 1618 2056 1642; x_wconf 87' lang='lat'>25</span> 
     </span>
    </p>

    <p class='ocr_par' dir='ltr' id='par_1_5' title="bbox 344 1658 2071 2558">
     <span class='ocr_line' id='line_1_27' title="bbox 398 1658 1984 1708; baseline 0.001 -12"><span class='ocrx_word' id='word_1_258' title='bbox 398 1658 441 1696; x_wconf 91' lang='lat' dir='ltr'>Si</span> <span class='ocrx_word' id='word_1_259' title='bbox 457 1670 560 1695; x_wconf 91' lang='lat' dir='ltr'>vero</span> <span class='ocrx_word' id='word_1_260' title='bbox 582 1660 677 1705; x_wconf 93' lang='lat' dir='ltr'>quis</span> <span class='ocrx_word' id='word_1_261' title='bbox 698 1658 856 1697; x_wconf 89' lang='lat' dir='ltr'>inferre</span> <span class='ocrx_word' id='word_1_262' title='bbox 877 1660 990 1704; x_wconf 86' lang='lat' dir='ltr'>velit,</span> <span class='ocrx_word' id='word_1_263' title='bbox 1012 1671 1083 1697; x_wconf 92' lang='lat' dir='ltr'>me</span> <span class='ocrx_word' id='word_1_264' title='bbox 1103 1663 1280 1708; x_wconf 90' lang='lat' dir='ltr'>proprio</span> <span class='ocrx_word' id='word_1_265' title='bbox 1301 1660 1399 1698; x_wconf 93' lang='lat' dir='ltr'>loco</span> <span class='ocrx_word' id='word_1_266' title='bbox 1416 1660 1626 1705; x_wconf 89' lang='lat' dir='ltr'>Cometae,</span> <span class='ocrx_word' id='word_1_267' title='bbox 1649 1660 1825 1707; x_wconf 89' lang='lat' dir='ltr'>eiusque</span> <span class='ocrx_word' id='word_1_268' title='bbox 1842 1660 1984 1698; x_wconf 91' lang='lat' dir='ltr'>Decli-</span> 
     </span>
     <span class='ocr_line' id='line_1_28' title="bbox 346 1708 1985 1761; baseline 0.002 -14"><span class='ocrx_word' id='word_1_269' title='bbox 346 1713 521 1748; x_wconf 87' lang='lat' dir='ltr'>natione</span> <span class='ocrx_word' id='word_1_270' title='bbox 535 1711 571 1748; x_wconf 90' lang='grc'>8(</span> <span class='ocrx_word' id='word_1_271' title='bbox 584 1711 842 1750; x_wconf 85' lang='lat' dir='ltr'>Ascenfione</span> <span class='ocrx_word' id='word_1_272' title='bbox 855 1712 983 1751; x_wconf 68' lang='lat' dir='ltr'>Recta</span> <span class='ocrx_word' id='word_1_273' title='bbox 995 1725 1021 1751; x_wconf 92' lang='lat' dir='ltr'>a</span> <span class='ocrx_word' id='word_1_274' title='bbox 1032 1713 1195 1761; x_wconf 90' lang='lat' dir='ltr'>meipso</span> <span class='ocrx_word' id='word_1_275' title='bbox 1212 1708 1437 1752; x_wconf 78' lang='lat' dir='ltr'>constituta</span> <span class='ocrx_word' id='word_1_276' title='bbox 1452 1715 1524 1758; x_wconf 92' lang='lat' dir='ltr'>vti,</span> <span class='ocrx_word' id='word_1_277' title='bbox 1542 1725 1642 1752; x_wconf 91' lang='lat' dir='ltr'>cum</span> <span class='ocrx_word' id='word_1_278' title='bbox 1653 1715 1798 1761; x_wconf 91' lang='lat' dir='ltr'>potius</span> <span class='ocrx_word' id='word_1_279' title='bbox 1809 1713 1985 1752; x_wconf 89' lang='lat' dir='ltr'>Sculteti</span> 
     </span>
     <span class='ocr_line' id='line_1_29' title="bbox 345 1764 1985 1814; baseline 0.002 -13"><span class='ocrx_word' id='word_1_280' title='bbox 345 1764 465 1801; x_wconf 89' lang='lat' dir='ltr'>locus</span> <span class='ocrx_word' id='word_1_281' title='bbox 489 1776 588 1802; x_wconf 93' lang='lat' dir='ltr'>cum</span> <span class='ocrx_word' id='word_1_282' title='bbox 610 1765 739 1812; x_wconf 88' lang='lat' dir='ltr'>ipfius</span> <span class='ocrx_word' id='word_1_283' title='bbox 761 1765 928 1812; x_wconf 90' lang='lat' dir='ltr'>placitis</span> <span class='ocrx_word' id='word_1_284' title='bbox 951 1766 1241 1805; x_wconf 90' lang='lat' dir='ltr'>conferendus</span> <span class='ocrx_word' id='word_1_285' title='bbox 1264 1768 1369 1811; x_wconf 90' lang='lat' dir='ltr'>esset,</span> <span class='ocrx_word' id='word_1_286' title='bbox 1395 1766 1471 1805; x_wconf 91' lang='lat' dir='ltr'>fiat</span> <span class='ocrx_word' id='word_1_287' title='bbox 1493 1769 1640 1814; x_wconf 92' lang='lat' dir='ltr'>vtique</span> <span class='ocrx_word' id='word_1_288' title='bbox 1664 1766 1909 1814; x_wconf 89' lang='lat' dir='ltr'>periculum</span> <span class='ocrx_word' id='word_1_289' title='bbox 1932 1778 1985 1804; x_wconf 89' lang='lat' dir='ltr'>ex</span> 
     </span>
     <span class='ocr_line' id='line_1_30' title="bbox 346 1817 1981 1868; baseline 0.002 -14"><span class='ocrx_word' id='word_1_290' title='bbox 346 1818 530 1854; x_wconf 86' lang='lat' dir='ltr'>assumtis</span> <span class='ocrx_word' id='word_1_291' title='bbox 547 1817 722 1855; x_wconf 87' lang='lat' dir='ltr'>Sculteti</span> <span class='ocrx_word' id='word_1_292' title='bbox 738 1821 944 1861; x_wconf 76' lang='lat' dir='ltr'>numeris.</span> <span class='ocrx_word' id='word_1_293' title='bbox 967 1819 1004 1857; x_wconf 89' lang='grc'><strong>8(</strong></span> <span class='ocrx_word' id='word_1_294' title='bbox 1025 1820 1196 1867; x_wconf 87' lang='lat' dir='ltr'>patebit,</span> <span class='ocrx_word' id='word_1_295' title='bbox 1219 1821 1337 1868; x_wconf 93' lang='lat' dir='ltr'>quod</span> <span class='ocrx_word' id='word_1_296' title='bbox 1353 1820 1576 1858; x_wconf 90' lang='lat' dir='ltr'>modicum</span> <span class='ocrx_word' id='word_1_297' title='bbox 1596 1819 1679 1858; x_wconf 92' lang='lat' dir='ltr'>hac</span> <span class='ocrx_word' id='word_1_298' title='bbox 1699 1822 1867 1858; x_wconf 90' lang='lat' dir='ltr'>ratione</span> <span class='ocrx_word' id='word_1_299' title='bbox 1885 1831 1981 1867; x_wconf 91' lang='lat' dir='ltr'>pro-</span> 
     </span>
     <span class='ocr_line' id='line_1_31' title="bbox 345 1870 2053 1921; baseline 0.002 -15"><span class='ocrx_word' id='word_1_300' title='bbox 345 1870 524 1907; x_wconf 88' lang='lat' dir='ltr'>ficiatur.</span> <span class='ocrx_word' id='word_1_301' title='bbox 541 1870 664 1908; x_wconf 91' lang='lat' dir='ltr'>Tunc</span> <span class='ocrx_word' id='word_1_302' title='bbox 681 1874 798 1909; x_wconf 91' lang='lat' dir='ltr'>enim</span> <span class='ocrx_word' id='word_1_303' title='bbox 814 1872 1037 1911; x_wconf 89' lang='lat' dir='ltr'>habebunt</span> <span class='ocrx_word' id='word_1_304' title='bbox 1052 1873 1091 1911; x_wconf 91' lang='lat' dir='ltr'>se</span> <span class='ocrx_word' id='word_1_305' title='bbox 1109 1876 1259 1911; x_wconf 90' lang='lat' dir='ltr'>omnia</span> <span class='ocrx_word' id='word_1_306' title='bbox 1271 1876 1392 1912; x_wconf 84' lang='lat' dir='ltr'>iuxta</span> <span class='ocrx_word' id='word_1_307' title='bbox 1403 1873 1722 1921; x_wconf 67' lang='lat' dir='ltr'>praecedentem</span> <span class='ocrx_word' id='word_1_308' title='bbox 1734 1873 1981 1921; x_wconf 90' lang='lat' dir='ltr'>processum,</span> <span class='ocrx_word' id='word_1_309' title='bbox 2020 1883 2053 1909; x_wconf 89' lang='lat'>30</span> 
     </span>
     <span class='ocr_line' id='line_1_32' title="bbox 344 1923 1982 1974; baseline 0.003 -15"><span class='ocrx_word' id='word_1_310' title='bbox 344 1925 388 1960; x_wconf 89' lang='lat' dir='ltr'>in</span> <span class='ocrx_word' id='word_1_311' title='bbox 404 1923 521 1960; x_wconf 92' lang='lat' dir='ltr'>hunc</span> <span class='ocrx_word' id='word_1_312' title='bbox 537 1924 735 1962; x_wconf 92' lang='lat' dir='ltr'>modum:</span> <span class='ocrx_word' id='word_1_313' title='bbox 753 1925 801 1962; x_wconf 92' lang='lat' dir='ltr'>In</span> <span class='ocrx_word' id='word_1_314' title='bbox 817 1925 1055 1973; x_wconf 87' lang='lat' dir='ltr'>Triangulo</span> <span class='ocrx_word' id='word_1_315' title='bbox 1072 1926 1219 1970; x_wconf 79' lang='lat' dir='ltr'>ADC,</span> <span class='ocrx_word' id='word_1_316' title='bbox 1236 1927 1369 1965; x_wconf 90' lang='lat' dir='ltr'>Latus</span> <span class='ocrx_word' id='word_1_317' title='bbox 1380 1927 1462 1965; x_wconf 91' lang='lat' dir='ltr'>AC</span> <span class='ocrx_word' id='word_1_318' title='bbox 1478 1926 1549 1965; x_wconf 85' lang='lat' dir='ltr'>hic</span> <span class='ocrx_word' id='word_1_319' title='bbox 1565 1926 1914 1974; x_wconf 85' lang='lat' dir='ltr'>praesupponitur</span> <span class='ocrx_word' id='word_1_320' title='bbox 1929 1937 1982 1964; x_wconf 87' lang='lat' dir='ltr'>ex</span> 
     </span>
     <span class='ocr_line' id='line_1_33' title="bbox 345 1976 1982 2028; baseline 0.003 -16"><span class='ocrx_word' id='word_1_321' title='bbox 345 1976 664 2023; x_wconf 90' lang='lat' dir='ltr'>complemento</span> <span class='ocrx_word' id='word_1_322' title='bbox 690 1977 1007 2016; x_wconf 90' lang='lat' dir='ltr'>Declinationis</span> <span class='ocrx_word' id='word_1_323' title='bbox 1033 1979 1221 2023; x_wconf 88' lang='lat' dir='ltr'>Sculteti,</span> <span class='ocrx_word' id='word_1_324' title='bbox 1247 1981 1364 2028; x_wconf 91' lang='lat' dir='ltr'>grad.</span> <span class='ocrx_word' id='word_1_325' title='bbox 1390 1981 1452 2019; x_wconf 91' lang='lat'>70.</span> <span class='ocrx_word' id='word_1_326' title='bbox 1478 1982 1583 2018; x_wconf 89' lang='lat' dir='ltr'>min.</span> <span class='ocrx_word' id='word_1_327' title='bbox 1609 1980 1672 2024; x_wconf 86' lang='lat'>38,</span> <span class='ocrx_word' id='word_1_328' title='bbox 1698 1979 1736 2017; x_wconf 87' lang='grc'><strong>8(</strong></span> <span class='ocrx_word' id='word_1_329' title='bbox 1761 1984 1918 2018; x_wconf 86' lang='lat' dir='ltr'>caetera</span> <span class='ocrx_word' id='word_1_330' title='bbox 1941 1979 1982 2017; x_wconf 92' lang='lat' dir='ltr'>se</span> 
     </span>
     <span class='ocr_line' id='line_1_34' title="bbox 345 2029 1982 2080; baseline 0.004 -15"><span class='ocrx_word' id='word_1_331' title='bbox 345 2029 517 2072; x_wconf 85' lang='lat' dir='ltr'>habent,</span> <span class='ocrx_word' id='word_1_332' title='bbox 539 2035 581 2066; x_wconf 91' lang='lat' dir='ltr'>vt</span> <span class='ocrx_word' id='word_1_333' title='bbox 601 2032 732 2076; x_wconf 88' lang='lat' dir='ltr'>prius,</span> <span class='ocrx_word' id='word_1_334' title='bbox 754 2032 987 2078; x_wconf 89' lang='lat' dir='ltr'>euaditque</span> <span class='ocrx_word' id='word_1_335' title='bbox 1008 2033 1209 2080; x_wconf 82' lang='lat' dir='ltr'>Angulus</span> <span class='ocrx_word' id='word_1_336' title='bbox 1229 2033 1524 2071; x_wconf 90' lang='lat' dir='ltr'>Azimuthalis</span> <span class='ocrx_word' id='word_1_337' title='bbox 1546 2033 1743 2071; x_wconf 88' lang='lat' dir='ltr'>Cometae</span> <span class='ocrx_word' id='word_1_338' title='bbox 1763 2035 1853 2071; x_wconf 91' lang='lat' dir='ltr'>iam</span> <span class='ocrx_word' id='word_1_339' title='bbox 1873 2035 1982 2071; x_wconf 92' lang='lat' dir='ltr'>occi-</span> 
     </span>
     <span class='ocr_line' id='line_1_35' title="bbox 346 2082 1982 2133; baseline 0.003 -15"><span class='ocrx_word' id='word_1_340' title='bbox 346 2082 495 2125; x_wconf 87' lang='lat' dir='ltr'>dentis,</span> <span class='ocrx_word' id='word_1_341' title='bbox 518 2082 571 2120; x_wconf 89' lang='lat' dir='ltr'>G.</span> <span class='ocrx_word' id='word_1_342' title='bbox 589 2083 650 2120; x_wconf 92' lang='lat'>58.</span> <span class='ocrx_word' id='word_1_343' title='bbox 674 2083 735 2120; x_wconf 89' lang='lat' dir='ltr'>M.</span> <span class='ocrx_word' id='word_1_344' title='bbox 753 2084 815 2127; x_wconf 85' lang='lat'>27,</span> <span class='ocrx_word' id='word_1_345' title='bbox 837 2085 1120 2133; x_wconf 86' lang='lat' dir='ltr'>Angulusque</span> <span class='ocrx_word' id='word_1_346' title='bbox 1142 2086 1281 2130; x_wconf 88' lang='lat' dir='ltr'>DAC,</span> <span class='ocrx_word' id='word_1_347' title='bbox 1303 2087 1345 2125; x_wconf 91' lang='lat' dir='ltr'>P.</span> <span class='ocrx_word' id='word_1_348' title='bbox 1368 2088 1438 2125; x_wconf 91' lang='lat'>115.</span> <span class='ocrx_word' id='word_1_349' title='bbox 1460 2087 1523 2124; x_wconf 90' lang='lat' dir='ltr'>M.</span> <span class='ocrx_word' id='word_1_350' title='bbox 1542 2087 1605 2130; x_wconf 91' lang='lat'>24,</span> <span class='ocrx_word' id='word_1_351' title='bbox 1627 2085 1888 2125; x_wconf 86' lang='lat' dir='ltr'>Differentia</span> <span class='ocrx_word' id='word_1_352' title='bbox 1907 2085 1982 2123; x_wconf 89' lang='lat' dir='ltr'>As-</span> 
     </span>
     <span class='ocr_line' id='line_1_36' title="bbox 346 2134 2053 2186; baseline 0.002 -15"><span class='ocrx_word' id='word_1_353' title='bbox 346 2135 555 2172; x_wconf 87' lang='lat' dir='ltr'>cenfionis</span> <span class='ocrx_word' id='word_1_354' title='bbox 573 2134 724 2180; x_wconf 64' lang='lat' dir='ltr'>Rediae,</span> <span class='ocrx_word' id='word_1_355' title='bbox 748 2136 801 2174; x_wconf 91' lang='lat' dir='ltr'>G.</span> <span class='ocrx_word' id='word_1_356' title='bbox 820 2137 871 2175; x_wconf 86' lang='lat'>18.</span> <span class='ocrx_word' id='word_1_357' title='bbox 890 2138 952 2175; x_wconf 92' lang='lat' dir='ltr'>M.</span> <span class='ocrx_word' id='word_1_358' title='bbox 970 2138 1032 2182; x_wconf 92' lang='lat'>25,</span> <span class='ocrx_word' id='word_1_359' title='bbox 1054 2139 1240 2186; x_wconf 82' lang='lat' dir='ltr'>ideoque</span> <span class='ocrx_word' id='word_1_360' title='bbox 1262 2140 1407 2184; x_wconf 88' lang='lat' dir='ltr'>BAD,</span> <span class='ocrx_word' id='word_1_361' title='bbox 1429 2140 1471 2178; x_wconf 93' lang='lat' dir='ltr'>P.</span> <span class='ocrx_word' id='word_1_362' title='bbox 1489 2140 1550 2178; x_wconf 92' lang='lat'>96.</span> <span class='ocrx_word' id='word_1_363' title='bbox 1569 2139 1632 2178; x_wconf 90' lang='lat' dir='ltr'>M.</span> <span class='ocrx_word' id='word_1_364' title='bbox 1648 2140 1712 2184; x_wconf 91' lang='lat'>59,</span> <span class='ocrx_word' id='word_1_365' title='bbox 1733 2140 1866 2177; x_wconf 87' lang='lat' dir='ltr'>Latus</span> <span class='ocrx_word' id='word_1_366' title='bbox 1887 2139 1981 2183; x_wconf 90' lang='lat' dir='ltr'>BA,</span> <span class='ocrx_word' id='word_1_367' title='bbox 2020 2150 2053 2175; x_wconf 88' lang='lat'>35</span> 
     </span>
     <span class='ocr_line' id='line_1_37' title="bbox 346 2187 1982 2241; baseline 0.004 -17"><span class='ocrx_word' id='word_1_368' title='bbox 346 2187 387 2224; x_wconf 89' lang='lat' dir='ltr'>P.</span> <span class='ocrx_word' id='word_1_369' title='bbox 405 2188 466 2225; x_wconf 86' lang='lat'>49.</span> <span class='ocrx_word' id='word_1_370' title='bbox 484 2188 546 2225; x_wconf 91' lang='lat' dir='ltr'>M.</span> <span class='ocrx_word' id='word_1_371' title='bbox 564 2189 599 2231; x_wconf 93' lang='lat'>9,</span> <span class='ocrx_word' id='word_1_372' title='bbox 621 2195 663 2226; x_wconf 92' lang='lat' dir='ltr'>vt</span> <span class='ocrx_word' id='word_1_373' title='bbox 680 2191 810 2235; x_wconf 90' lang='lat' dir='ltr'>prius.</span> <span class='ocrx_word' id='word_1_374' title='bbox 833 2190 951 2228; x_wconf 90' lang='lat' dir='ltr'>Hinc</span> <span class='ocrx_word' id='word_1_375' title='bbox 968 2191 1063 2235; x_wconf 88' lang='lat' dir='ltr'>DB,</span> <span class='ocrx_word' id='word_1_376' title='bbox 1086 2192 1127 2229; x_wconf 90' lang='lat' dir='ltr'>P.</span> <span class='ocrx_word' id='word_1_377' title='bbox 1145 2193 1207 2230; x_wconf 85' lang='lat'>63.</span> <span class='ocrx_word' id='word_1_378' title='bbox 1226 2193 1288 2230; x_wconf 93' lang='lat' dir='ltr'>M.</span> <span class='ocrx_word' id='word_1_379' title='bbox 1305 2193 1390 2236; x_wconf 61' lang='lat'>2423,</span> <span class='ocrx_word' id='word_1_380' title='bbox 1413 2193 1451 2230; x_wconf 89' lang='grc'><strong>8(</strong></span> <span class='ocrx_word' id='word_1_381' title='bbox 1470 2192 1672 2241; x_wconf 88' lang='lat' dir='ltr'>Angulus</span> <span class='ocrx_word' id='word_1_382' title='bbox 1689 2192 1982 2230; x_wconf 91' lang='lat' dir='ltr'>Azimuthalis</span> 
     </span>
     <span class='ocr_line' id='line_1_38' title="bbox 346 2240 1983 2293; baseline 0.004 -17"><span class='ocrx_word' id='word_1_383' title='bbox 346 2240 501 2283; x_wconf 85' lang='lat' dir='ltr'>Stellae,</span> <span class='ocrx_word' id='word_1_384' title='bbox 526 2241 641 2287; x_wconf 86' lang='lat' dir='ltr'>grad.</span> <span class='ocrx_word' id='word_1_385' title='bbox 663 2243 724 2279; x_wconf 90' lang='lat'>57.</span> <span class='ocrx_word' id='word_1_386' title='bbox 746 2245 850 2280; x_wconf 87' lang='lat' dir='ltr'>min.</span> <span class='ocrx_word' id='word_1_387' title='bbox 872 2243 907 2284; x_wconf 81' lang='lat'>6,</span> <span class='ocrx_word' id='word_1_388' title='bbox 932 2246 1006 2290; x_wconf 91' lang='lat' dir='ltr'>qui</span> <span class='ocrx_word' id='word_1_389' title='bbox 1026 2247 1170 2283; x_wconf 91' lang='lat' dir='ltr'>minor</span> <span class='ocrx_word' id='word_1_390' title='bbox 1194 2246 1248 2283; x_wconf 90' lang='lat' dir='ltr'>est</span> <span class='ocrx_word' id='word_1_391' title='bbox 1271 2258 1336 2290; x_wconf 90' lang='lat' dir='ltr'>eo,</span> <span class='ocrx_word' id='word_1_392' title='bbox 1361 2257 1492 2293; x_wconf 92' lang='lat' dir='ltr'>quem</span> <span class='ocrx_word' id='word_1_393' title='bbox 1514 2246 1700 2284; x_wconf 89' lang='lat' dir='ltr'>Cometa</span> <span class='ocrx_word' id='word_1_394' title='bbox 1721 2245 1983 2283; x_wconf 90' lang='lat' dir='ltr'>descendens</span> 
     </span>
     <span class='ocr_line' id='line_1_39' title="bbox 345 2292 2071 2349; baseline 0.003 -20"><span class='ocrx_word' id='word_1_395' title='bbox 345 2292 453 2335; x_wconf 85' lang='lat' dir='ltr'>fecit,</span> <span class='ocrx_word' id='word_1_396' title='bbox 471 2294 512 2330; x_wconf 89' lang='lat' dir='ltr'>P.</span> <span class='ocrx_word' id='word_1_397' title='bbox 527 2295 552 2330; x_wconf 93' lang='lat' dir='ltr'>l.</span> <span class='ocrx_word' id='word_1_398' title='bbox 567 2294 628 2331; x_wconf 92' lang='lat' dir='ltr'>M.</span> <span class='ocrx_word' id='word_1_399' title='bbox 642 2294 695 2337; x_wconf 91' lang='lat'>21,</span> <span class='ocrx_word' id='word_1_400' title='bbox 713 2296 829 2341; x_wconf 91' lang='lat' dir='ltr'>quod</span> <span class='ocrx_word' id='word_1_401' title='bbox 846 2296 1119 2335; x_wconf 83' lang='lat' dir='ltr'>solummodo</span> <span class='ocrx_word' id='word_1_402' title='bbox 1137 2299 1177 2336; x_wconf 90' lang='lat'>12</span> <span class='ocrx_word' id='word_1_403' title='bbox 1193 2299 1402 2347; x_wconf 88' lang='lat' dir='ltr'>scrupulis</span> <span class='ocrx_word' id='word_1_404' title='bbox 1415 2299 1557 2337; x_wconf 91' lang='lat' dir='ltr'>deficit</span> <span class='ocrx_word' id='word_1_405' title='bbox 1568 2295 1583 2349; x_wconf 90' lang='grc' dir='ltr'>ΙΙ</span> <span class='ocrx_word' id='word_1_406' title='bbox 1595 2299 1649 2337; x_wconf 93' lang='lat' dir='ltr'>ab</span> <span class='ocrx_word' id='word_1_407' title='bbox 1662 2310 1714 2336; x_wconf 91' lang='lat' dir='ltr'>ea</span> <span class='ocrx_word' id='word_1_408' title='bbox 1725 2298 1981 2342; x_wconf 87' lang='lat' dir='ltr'>differentia,</span> <span class='ocrx_word' id='word_1_409' title='bbox 2006 2303 2071 2335; x_wconf 91' lang='grc'>400</span> 
     </span>
     <span class='ocr_line' id='line_1_40' title="bbox 347 2348 1982 2399; baseline 0.005 -17"><span class='ocrx_word' id='word_1_410' title='bbox 347 2357 479 2392; x_wconf 91' lang='lat' dir='ltr'>quam</span> <span class='ocrx_word' id='word_1_411' title='bbox 501 2358 523 2383; x_wconf 91' lang='lat' dir='ltr'>e</span> <span class='ocrx_word' id='word_1_412' title='bbox 544 2349 728 2395; x_wconf 89' lang='lat' dir='ltr'>proprijs</span> <span class='ocrx_word' id='word_1_413' title='bbox 745 2348 941 2387; x_wconf 84' lang='lat' dir='ltr'>Cometae</span> <span class='ocrx_word' id='word_1_414' title='bbox 962 2350 1067 2387; x_wconf 91' lang='lat' dir='ltr'>locis</span> <span class='ocrx_word' id='word_1_415' title='bbox 1087 2352 1220 2389; x_wconf 92' lang='lat' dir='ltr'>modo</span> <span class='ocrx_word' id='word_1_416' title='bbox 1239 2353 1563 2390; x_wconf 91' lang='lat' dir='ltr'>adinuenimus.</span> <span class='ocrx_word' id='word_1_417' title='bbox 1579 2352 1705 2390; x_wconf 92' lang='lat' dir='ltr'>Vnde</span> <span class='ocrx_word' id='word_1_418' title='bbox 1721 2351 1819 2390; x_wconf 86' lang='lat' dir='ltr'>satis</span> <span class='ocrx_word' id='word_1_419' title='bbox 1834 2351 1982 2399; x_wconf 86' lang='lat' dir='ltr'>liquet,</span> 
     </span>
     <span class='ocr_line' id='line_1_41' title="bbox 346 2398 2054 2452; baseline 0.004 -17"><span class='ocrx_word' id='word_1_420' title='bbox 346 2398 519 2436; x_wconf 88' lang='lat' dir='ltr'>Sculteti</span> <span class='ocrx_word' id='word_1_421' title='bbox 545 2411 752 2438; x_wconf 89' lang='lat' dir='ltr'>numeros</span> <span class='ocrx_word' id='word_1_422' title='bbox 777 2401 890 2439; x_wconf 91' lang='lat' dir='ltr'>hanc</span> <span class='ocrx_word' id='word_1_423' title='bbox 916 2404 1320 2443; x_wconf 89' lang='lat' dir='ltr'>inconuenientiam</span> <span class='ocrx_word' id='word_1_424' title='bbox 1345 2417 1436 2443; x_wconf 91' lang='lat' dir='ltr'>non</span> <span class='ocrx_word' id='word_1_425' title='bbox 1462 2405 1680 2449; x_wconf 86' lang='lat' dir='ltr'>excusare;</span> <span class='ocrx_word' id='word_1_426' title='bbox 1707 2405 1839 2452; x_wconf 81' lang='lat' dir='ltr'>idque</span> <span class='ocrx_word' id='word_1_427' title='bbox 1865 2404 1983 2452; x_wconf 94' lang='lat' dir='ltr'>quod</span> <span class='ocrx_word' id='word_1_428' title='bbox 2020 2415 2054 2441; x_wconf 87' lang='lat'>40</span> 
     </span>
     <span class='ocr_line' id='line_1_42' title="bbox 345 2452 1982 2502; baseline 0.004 -14"><span class='ocrx_word' id='word_1_429' title='bbox 345 2452 565 2498; x_wconf 89' lang='lat' dir='ltr'>proposuit</span> <span class='ocrx_word' id='word_1_430' title='bbox 582 2453 633 2490; x_wconf 90' lang='lat' dir='ltr'>de</span> <span class='ocrx_word' id='word_1_431' title='bbox 651 2453 847 2491; x_wconf 86' lang='lat' dir='ltr'>Cometae</span> <span class='ocrx_word' id='word_1_432' title='bbox 860 2454 897 2491; x_wconf 88' lang='lat'>&amp;</span> <span class='ocrx_word' id='word_1_433' title='bbox 911 2455 1055 2494; x_wconf 87' lang='lat' dir='ltr'>Stellae</span> <span class='ocrx_word' id='word_1_434' title='bbox 1071 2458 1116 2494; x_wconf 91' lang='lat' dir='ltr'>in</span> <span class='ocrx_word' id='word_1_435' title='bbox 1133 2458 1288 2495; x_wconf 90' lang='lat' dir='ltr'>eodem</span> <span class='ocrx_word' id='word_1_436' title='bbox 1304 2458 1499 2497; x_wconf 89' lang='lat' dir='ltr'>verticali</span> <span class='ocrx_word' id='word_1_437' title='bbox 1516 2458 1828 2502; x_wconf 88' lang='lat' dir='ltr'>constitutione,</span> <span class='ocrx_word' id='word_1_438' title='bbox 1845 2469 1898 2495; x_wconf 92' lang='lat' dir='ltr'>eo</span> <span class='ocrx_word' id='word_1_439' title='bbox 1914 2458 1982 2496; x_wconf 93' lang='lat' dir='ltr'>die</span> 
     </span>
     <span class='ocr_line' id='line_1_43' title="bbox 345 2507 1983 2558; baseline 0.005 -17"><span class='ocrx_word' id='word_1_440' title='bbox 345 2515 627 2551; x_wconf 86' lang='lat' dir='ltr'>nequaquam</span> <span class='ocrx_word' id='word_1_441' title='bbox 644 2512 743 2544; x_wconf 88' lang='lat' dir='ltr'>ante</span> <span class='ocrx_word' id='word_1_442' title='bbox 761 2507 888 2554; x_wconf 86' lang='lat' dir='ltr'>ipfius</span> <span class='ocrx_word' id='word_1_443' title='bbox 905 2508 1102 2547; x_wconf 86' lang='lat' dir='ltr'>Cometae</span> <span class='ocrx_word' id='word_1_444' title='bbox 1120 2510 1344 2555; x_wconf 81' lang='lat' dir='ltr'>Occasum,</span> <span class='ocrx_word' id='word_1_445' title='bbox 1366 2511 1512 2549; x_wconf 91' lang='lat' dir='ltr'>locum</span> <span class='ocrx_word' id='word_1_446' title='bbox 1532 2513 1706 2555; x_wconf 88' lang='lat' dir='ltr'>mereri;</span> <span class='ocrx_word' id='word_1_447' title='bbox 1728 2511 1766 2549; x_wconf 90' lang='grc'><strong>8(</strong></span> <span class='ocrx_word' id='word_1_448' title='bbox 1785 2522 1862 2558; x_wconf 89' lang='lat' dir='ltr'>per</span> <span class='ocrx_word' id='word_1_449' title='bbox 1883 2522 1983 2548; x_wconf 90' lang='lat' dir='ltr'>con-</span> 
     </span>
    </p>

    <p class='ocr_par' dir='ltr' id='par_1_6' title="bbox 1787 2564 1982 2612">
     <span class='ocr_line' id='line_1_44' title="bbox 1787 2564 1982 2612; baseline -0.005 -10"><span class='ocrx_word' id='word_1_450' title='bbox 1787 2564 1982 2612; x_wconf 91' lang='lat' dir='ltr'>sequens,</span> 
     </span>
    </p>
   </div>
  </div>
 </body>
</html>
