2209 3213
371 237 411 274 18
862 234 944 270 DE
966 233 1190 271 MUNDI
1211 231 1512 270 AETHEREI

856 382 1032 420 ANNO
1054 382 1159 420 1578.
1185 381 1514 427 JANVARIVS.

370 446 527 536 DIE
544 446 572 482 I.
591 445 718 482 Circa
735 444 890 481 horam
907 443 1080 487 sextam,
1098 446 1208 481 inter
1224 443 1380 481 Scheat
1397 442 1434 480 &
1452 443 1695 486 Cometam,
1713 442 1755 479 P.
1772 442 1816 479 11.
1834 441 1898 479 Μ.
1915 441 1977 479 35.
1991 437 2005 491 ΙΙ
2043 445 2063 476 †

487 498 599 535 Inter
616 500 802 544 primam
819 497 918 534 colli
934 496 971 534 8(
989 497 1233 540 Cometam,
1251 496 1293 533 P.
1311 497 1355 533 11.
1373 495 1436 534 M.
1453 496 1515 533 24.
2042 501 2076 532 11

422 551 535 588 Inter
551 562 598 587 os
616 550 758 597 Pegasi
775 549 812 587 &
829 550 1073 593 Cometam,
1090 549 1132 586 P.
1150 550 1202 586 14.
1221 549 1284 587 M.
1300 549 1363 587 25.

421 604 519 640 DIE
536 603 586 640 II.
608 603 721 640 Inter
738 603 893 640 Scheat
909 602 1053 650 Pegasi
1069 602 1107 639 &
1124 602 1368 646 Cometam,
1388 601 1499 640 hora
1514 601 1602 639 fere
1619 601 1747 645 sexta,
1764 601 1806 638 P.
1825 601 1868 638 11.
1887 600 1949 638 M.
1967 600 2003 638 8.
2043 613 2058 638 5

420 657 534 693 Inter
550 658 737 703 primam
753 656 851 693 colli
869 655 906 692 &
923 656 1124 699 eundem,
1142 655 1184 693 P.
1202 656 1246 692 ll.
1263 655 1327 692 M.
1344 655 1397 692 10.

420 709 545 746 Hora
561 708 649 746 fere
666 709 701 752 9,
718 711 828 746 inter
844 708 1001 746 Scheat
1016 708 1054 745 8(
1071 708 1314 751 Cometam,
1332 708 1374 746 P.
1392 709 1436 745 11.
1454 708 1517 745 Μ.
1534 708 1570 746 5.

420 762 519 799 DIE
535 762 584 799 V.
607 761 735 799 Circa
754 761 912 799 horam
931 761 1106 805 sextam,
1127 763 1239 798 inter
1255 761 1411 799 Scheat
1428 760 1465 798 8(
1483 761 1727 803 Cometam,
1747 760 1789 797 P.
1806 760 1842 797 9.
1861 759 1923 797 M.
1941 759 2003 798 50.
2042 763 2062 794 r

419 815 533 852 Inter
548 816 735 861 primam
752 814 850 852 colli
867 814 905 851 8(
922 814 1166 857 Cometam,
1182 814 1225 852 P.
1243 814 1296 851 10.
1314 814 1377 851 M.
1394 814 1456 851 34.

419 868 514 905 Fuit
530 872 677 905 autem
694 867 879 905 Cometa
895 867 1136 905 admodum
1152 869 1306 911 tenuis,
1325 866 1362 904 8(
1378 867 1524 905 radios
1542 868 1720 913 proiecit
1737 865 1943 912 exquifite
1959 867 2004 903 in
2045 878 2076 903 10

365 920 615 958 inferiorem
631 920 818 958 duarum
835 922 880 958 in
897 920 1008 958 collo
1025 920 1181 968 Pegafi,
1197 920 1269 958 vbi
1286 922 1417 958 etiam
1433 921 1657 957 terminari
1673 918 1945 957 videbantur.

418 974 517 1011 DIE
530 974 601 1011 IX.
612 973 711 1011 Vidi
724 973 955 1011 Cometam
967 974 1207 1011 admodum
1218 978 1408 1017 tenuem,
1422 973 1460 1010 8(
1472 978 1563 1010 erat
1574 984 1709 1020 prope
1722 972 1832 1009 duas
1842 983 2005 1019 paruas

365 1026 518 1064 Stellas
534 1029 579 1063 in
595 1026 832 1074 Triangulo
849 1026 904 1064 ad
920 1027 1051 1074 pedes
1068 1026 1223 1074 Pegasi,
1240 1028 1299 1064 ita
1314 1031 1359 1063 vt
1374 1026 1560 1064 caudam
1578 1025 1784 1072 exquifite
1800 1024 1944 1062 finiret
1959 1027 2005 1062 in

364 1079 432 1117 his
452 1079 548 1126 ipfis
565 1079 717 1123 Stellis,
738 1079 974 1126 praesertim
994 1081 1040 1117 in
1061 1091 1125 1123 ea,
1147 1091 1246 1126 quae
1268 1079 1322 1117 est
1341 1078 1678 1116 Meridionalior
1694 1078 1732 1116 &
1749 1078 2003 1116 Occidenta-

364 1132 457 1176 lior,
481 1132 662 1170 tendens
684 1134 863 1179 propius
883 1132 1028 1170 versus
1051 1138 1192 1180 caput,
1215 1132 1418 1179 hancque
1441 1131 1539 1170 satis
1562 1131 1768 1179 exquisite
1789 1131 1930 1168 cauda
1950 1130 2005 1168 est
2046 1144 2075 1169 15

362 1185 451 1223 visa
467 1187 687 1232 attingere.

422 1238 614 1275 Distabat
634 1243 794 1281 autern,
815 1238 948 1285 paulo
968 1238 1056 1285 post
1077 1237 1251 1281 sextam,
1272 1250 1299 1276 a
1319 1237 1475 1276 Scheat
1495 1237 1639 1285 Pegafi
1659 1241 1788 1284 caput
1807 1236 2004 1275 Cometae
2042 1241 2062 1272 r

420 1344 489 1381 Ab
510 1343 586 1381 illa
606 1355 722 1388 vero,
746 1355 846 1391 quae
867 1343 922 1382 est
943 1344 1128 1382 lucidior
1147 1346 1193 1381 in
1212 1344 1451 1392 Triangulo
1474 1344 1530 1381 ad
1552 1343 1684 1391 pedes
1704 1343 1860 1391 Pegafi.
1883 1345 2005 1381 iuxta

368 1396 536 1441 Scheat,
553 1396 595 1434 P.
613 1397 648 1434 7.
666 1397 729 1434 M.
746 1397 808 1434 40.
2042 1410 2076 1435 20

420 1449 548 1487 Hora
566 1450 623 1488 7⁷3..
645 1449 821 1487 distabat
842 1455 971 1497 caput
992 1449 1189 1490 Cometae
1209 1450 1264 1488 ab
1286 1462 1338 1488 ea
1358 1449 1546 1498 paruula
1566 1451 1611 1488 in
1631 1449 1883 1497 Triangulo,
1904 1460 2005 1496 quae

370 1502 441 1540 [ibi
457 1507 547 1540 erat
563 1504 775 1549 proxima,
793 1504 838 1540 in
854 1514 989 1550 quam
1004 1503 1093 1540 dixi
1109 1503 1296 1541 caudam
1308 1503 1512 1547 definere,
1528 1503 1571 1540 P.
1584 1503 1620 1540 2.
1634 1503 1696 1540 M.
1709 1503 1771 1541 45.
1788 1503 1857 1540 Ab
1869 1502 2006 1540 altera

370 1566 470 1592 vero
487 1555 674 1602 paruula
688 1555 920 1602 superiore,
936 1556 979 1594 P.
997 1556 1032 1593 3.
1051 1556 1113 1593 Μ.
1130 1556 1192 1594 50.
1209 1556 1353 1603 idque,
1375 1561 1591 1603 quantum
1606 1567 1697 1603 prae
1714 1555 1903 1594 exilitate
1921 1555 2004 1594 Co-

367 1614 507 1652 metae‚
525 1607 563 1645 8(
578 1610 792 1655 paruitate
808 1608 1053 1652 Stellarum,
1071 1609 1300 1647 obseruare
1316 1609 1448 1647 licuit.

419 1661 519 1698 DIE
535 1661 629 1698 XII.
642 1661 753 1705 Vidi,
768 1662 885 1708 quod
899 1662 1084 1700 Cometa
1095 1662 1337 1700 admodum
1347 1664 1503 1706 tenuis,
1519 1664 1697 1709 propior
1709 1667 1799 1700 erat
1810 1661 2005 1699 inferiori
2043 1675 2076 1700 25

367 1713 558 1751 Stellulae
580 1714 767 1752 duarum
788 1716 833 1752 In
853 1714 1024 1762 pectore
1041 1714 1197 1762 Pegafi,
1219 1727 1354 1762 quam
1374 1717 1506 1763 prius,
1527 1715 1684 1753 distans
1705 1715 1759 1753 ab
1780 1715 1855 1753 illa
1870 1714 2004 1762 paulo

366 1767 463 1813 plus
480 1778 613 1813 quam
630 1766 684 1804 est
700 1768 978 1815 intercapedo
994 1768 1225 1806 ambarum
1241 1780 1494 1816 paruarum,
1510 1768 1696 1816 fecitque
1713 1768 1913 1806 cumillis
1928 1779 2004 1806 an-

367 1819 517 1867 gulum
534 1819 745 1863 obtusum,
762 1832 896 1867 prope
912 1820 1165 1859 inferiorem
1180 1821 1327 1859 fixam.

419 1872 575 1911 Cauda
595 1884 699 1910 vero
719 1873 863 1911 adhuc
883 1874 1110 1912 videbatur
1130 1875 1306 1912 tendere
1326 1874 1473 1912 versus
1490 1874 1804 1912 Australiorern
1825 1885 1878 1912 ex
1899 1874 2003 1912 dua-

366 1925 445 1962 bus
465 1925 672 1972 paruulis.
696 1926 796 1964 Erat
817 1932 964 1964 autem
984 1927 1181 1965 distantia
1198 1928 1395 1966 Cometae
1411 1939 1438 1965 a
1453 1926 1566 1966 dieta
1581 1924 1596 1977 ss
1612 1927 1757 1971 Stella,
1779 1927 1898 1974 quafi
1915 1927 1958 1965 P.
1976 1927 2003 1965 1.
2041 1934 2079 1965 12

366 1977 428 2015 M.
445 1978 507 2016 40.
525 1979 658 2025 paulo
674 1981 827 2023 maior,
845 1991 980 2026 quarn
996 1980 1051 2017 est
1066 1980 1263 2018 distantia
1279 1980 1467 2019 duarum
1483 1983 1529 2018 in
1545 1992 1682 2018 cornu
1700 1986 1760 2021 V.

418 2031 547 2069 Circa
569 2031 725 2069 horam
747 2044 851 2070 vero
874 2032 1037 2071 sextam
1060 2033 1237 2071 distabat
1260 2033 1458 2072 Cometae
1481 2040 1610 2081 caput
1632 2045 1659 2071 a
1681 2033 1837 2072 Scheat
1859 2032 2004 2080 Pegafi
2041 2037 2061 2068 †

364 2083 406 2121 P.
424 2084 459 2121 7.
478 2084 540 2121 M.
557 2085 593 2122 5.
610 2085 651 2121 A
667 2084 812 2123 lucida
827 2085 1052 2133 Trianguli
1068 2086 1123 2124 ad
1140 2087 1271 2133 pedes
1287 2086 1432 2134 Pegafi
1447 2087 1490 2124 P.
1507 2087 1543 2125 6.
1561 2087 1624 2124 M.
1640 2087 1703 2124 55.

418 2136 517 2174 DIE
532 2137 646 2175 XIII.
670 2137 798 2175 Circa
818 2138 976 2176 horam
995 2138 1169 2183 sextam,
1191 2139 1336 2186 aspexi
1357 2139 1590 2177 Cometam
1609 2141 1682 2177 vix
1702 2145 1850 2177 tamen
1870 2150 2002 2186 appa-

364 2194 542 2233 rentem,
559 2190 873 2238 videbaturque
890 2197 1018 2238 caput
1034 2192 1163 2238 ipfius
1179 2192 1330 2230 distare
1347 2193 1400 2230 ab
1417 2192 1612 2230 inferiori
1627 2192 1815 2230 duarum
1831 2194 1878 2229 in
1893 2192 2002 2239 pede
2040 2205 2073 2230 35

364 2242 419 2279 ad
434 2241 721 2290 Triangulum
737 2243 893 2291 Pegasi,
911 2244 1065 2282 eadem
1080 2244 1168 2282 fere
1185 2245 1393 2289 distantia,
1411 2257 1510 2292 quae
1527 2245 1582 2283 est
1598 2245 1839 2283 earundem
1854 2244 2002 2282 amba-

362 2306 473 2338 rum,
494 2295 563 2333 vel
579 2295 722 2333 adhuc
739 2298 870 2334 etiarn
886 2297 1019 2344 paulo
1036 2298 1250 2345 ampliori,
1272 2310 1363 2336 non
1382 2304 1531 2336 tamen
1546 2300 1591 2336 in
1607 2303 1729 2336 tanta
1744 2297 2001 2341 differentia,

363 2353 527 2394 quanta
542 2347 636 2386 heri
652 2349 827 2396 vesperi,
849 2349 1067 2388 distantias
1082 2362 1187 2388 vero
1203 2351 1348 2389 nullas
1364 2351 1606 2395 obseruaui,
1627 2356 1802 2398 propter
1817 2352 2001 2388 nimiam

363 2400 599 2439 exilitatem
615 2401 824 2440 Cometae.

414 2453 582 2491 Diebus
604 2454 770 2501 aliquot
790 2454 1066 2502 sequentibus
1089 2467 1179 2494 non
1202 2459 1404 2504 apparuit
1425 2456 1623 2501 Cometa,
1646 2458 1804 2504 partim
1826 2461 2001 2504 propter
2038 2469 2072 2494 40

361 2508 592 2544 continuas
612 2509 725 2545 a'eris
745 2507 1033 2553 obscuritates,
1057 2511 1215 2556 partim
1235 2515 1409 2558 propter
1430 2510 1568 2548 Lunae
1589 2509 1876 2556 praesentiam,
1900 2521 2000 2556 quae

1908 2573 2001 2600 eius
