2209 3213
595 209 1110 249 ANNOTATIONES
1132 211 1433 251 EDITORIS
1763 214 1831 251 517

193 314 305 346 disse.
330 314 379 346 At
398 314 491 346 nihil
514 314 658 346 horum
679 323 817 346 verum
841 318 909 346 est.
934 315 1094 356 Craigus
1114 325 1332 356 numquam
1354 317 1523 348 Daniam
1546 317 1654 353 adiit;
1679 317 1832 349 etiamsi

192 376 287 399 vero
313 376 382 407 per
404 367 648 399 Wittichium
672 368 720 399 de
743 367 1079 407 prosthaphaeresi
1104 369 1248 400 certior
1272 369 1400 401 factus
1425 372 1538 407 esset,
1565 370 1652 401 haec
1677 370 1832 410 Nepero

192 420 333 452 inutilis
356 420 503 452 fuisset.
530 421 723 452 Praeterea
748 429 905 452 summa
930 421 1092 453 rationis
1116 422 1509 462 prosthaphaereticae
1530 423 1614 463 jam
1640 432 1674 454 a.
1702 423 1784 455 1588
1809 433 1831 455 a

192 474 375 505 Raimaro
393 473 496 505 Urso
512 474 667 514 publice
683 476 777 505 nota
794 474 945 505 reddita
961 477 1056 505 erat.

243 527 357 558 Anno
381 526 464 558 1589
479 527 650 567 Craigus‚
673 535 765 558 cum
785 527 883 558 liber
897 527 1094 566 Tychonis
1116 528 1220 559 dono
1242 528 1276 559 ei
1298 528 1439 560 missus
1460 532 1574 567 esset,
1596 538 1665 569 per
1685 530 1832 562 litteras

189 579 241 611 illi
258 580 402 620 gratias
418 579 493 620 egit
508 582 546 611 et
559 580 652 611 data
664 579 876 612 occasione
888 583 1027 611 contra
1039 581 1273 612 sententiam
1285 582 1493 621 Tychonis,
1512 583 1575 622 qui
1588 591 1636 614 ex
1649 583 1833 615 observa-

189 633 359 665 tionibus
374 633 469 664 satis
485 633 800 664 demonstratum
817 641 902 664 esse
919 634 1187 668 asseverabat,
1209 635 1357 665 nullam
1373 635 1595 667 sensibilem
1613 637 1832 676 parallaxin

189 686 354 718 cometis
371 686 522 723 adesse,
540 694 662 725 quare
679 686 802 717 multo
820 686 970 726 longius
987 696 1107 726 quam
1121 687 1276 718 Lunam
1288 697 1310 718 a
1322 688 1441 719 Terra
1457 688 1542 720 illos
1558 689 1703 720 distare
1720 698 1832 729 opor-

188 741 297 777 teret,
319 739 443 771 tribus
463 739 637 779 epistulis
658 739 899 779 objectiones
920 739 1069 779 aliquot
1087 740 1223 771 attulit.
1248 740 1399 780 Nempe
1415 741 1623 773 veritatem
1639 743 1830 774 doctrinae

188 791 405 823 Aristotelis
421 792 580 832 Craigus
601 792 925 832 amplectebatur,
947 795 1126 824 cometas
1146 793 1184 824 in
1205 795 1296 824 aere
1312 794 1473 825 Terram
1491 794 1751 827 circumdanti
1768 805 1831 836 ap-

187 853 338 885 parere.
360 845 409 876 At
424 845 559 885 Tycho
576 846 763 877 continuo
783 844 1113 884 »Apologeticam
1132 845 1485 885 Responsionem«
1503 848 1708 887 copiosam
1726 857 1831 880 com-

187 898 317 938 posuit
336 898 440 940 (quae
462 907 564 930 nunc
586 898 758 938 primum
781 898 817 929 in
838 898 1039 938 publicum
1060 899 1262 939 emittitur)
1285 902 1322 931 et
1344 908 1434 931 cum
1458 901 1623 940 epistula
1643 902 1678 932 d.
1701 902 1754 932 25.
1777 911 1828 933 m.

187 951 272 983 Oet.
291 961 325 983 a.
347 951 430 983 1589
446 952 539 983 data
556 951 693 991 Craigo
710 951 814 983 misit
829 951 892 991 (cf.
911 952 1031 983 etiam
1047 954 1142 983 tom.
1161 952 1211 983 VI
1228 962 1264 992 p.
1282 953 1410 995 335‚2s).
1433 954 1492 985 Ad
1508 954 1658 994 singula
1674 963 1831 995 respon-

187 1005 263 1043 det,
290 1014 379 1044 quae
403 1005 562 1045 Craigus
587 1006 782 1041 attulerat,
805 1005 915 1045 cujus
938 1013 985 1036 ex
1009 1005 1194 1045 epistulis,
1217 1015 1462 1046 quamquam
1484 1016 1575 1038 curn
1599 1008 1739 1039 ceteris
1761 1008 1831 1048 Ty-

186 1058 324 1090 chonis
341 1060 378 1089 et
394 1058 444 1089 ad
461 1067 552 1089 eum
573 1058 674 1089 datis
691 1067 713 1089 a
729 1058 842 1090 nobis
863 1059 1039 1092 edentur,
1061 1058 1123 1090 hic
1140 1059 1224 1099 jam
1246 1068 1292 1090 ea
1314 1059 1540 1098 afferemus,
1563 1069 1652 1100 quae
1673 1061 1831 1101 respicit

185 1111 333 1151 Tych0‚
359 1111 391 1142 si
415 1111 453 1142 in
478 1111 750 1152 redarguendo
775 1119 854 1143 non
874 1111 959 1151 ipsa
980 1111 1101 1142 verba
1121 1111 1221 1143 illius
1243 1112 1379 1143 attulit.
1406 1113 1530 1153 Craigi
1552 1114 1738 1153 epistulas
1759 1114 1831 1153 pri-

186 1173 296 1195 mum
320 1164 439 1195 edidit
462 1164 499 1195 R.
520 1165 563 1195 A.
587 1164 790 1196 Noltenius
812 1163 1127 1204 (Commercium
1152 1164 1389 1196 litterarium
1414 1166 1613 1197 clarorum
1641 1166 1827 1198 virorum.

186 1217 411 1257 Brunsvigae
431 1218 524 1249 1737.
543 1218 558 1248 I
575 1226 610 1258 p.
631 1218 643 1248 l
663 1219 774 1258 sqq.)‚
793 1218 857 1257 qui
873 1218 997 1248 multa
1013 1220 1147 1249 tamen
1163 1219 1426 1258 praetermisit.

239 1270 495 1310 Apologiam,
514 1280 635 1310 quam
651 1270 789 1311 Craigo
805 1270 991 1310 privatim
1007 1271 1142 1310 Tycho
1160 1271 1332 1307 miserat,
1350 1272 1464 1303 simul
1482 1281 1574 1303 curn
1591 1273 1763 1312 epistulis
1779 1273 1828 1304 ab

185 1324 250 1356 illo
267 1324 396 1355 missis
412 1323 531 1356 etiam
547 1323 801 1364 publicijuris
816 1324 949 1355 facere
966 1324 1176 1359 constituit,
1199 1326 1316 1364 atque
1334 1325 1386 1355 ita
1404 1325 1574 1364 quidem,
1597 1329 1637 1356 ut
1658 1326 1757 1358 libro
1774 1335 1830 1358 se-

186 1377 316 1409 cundo
341 1376 403 1408 De
428 1376 574 1408 Mundi
598 1376 782 1408 AEtherei
807 1376 1102 1408 recentioribus
1127 1376 1419 1409 Phaenomem's
1449 1379 1708 1419 subjungeret.
1741 1379 1828 1411 Hoc

186 1430 392 1463 consilium
413 1439 506 1462 cum
526 1430 618 1462 viris
641 1430 768 1462 doctis
789 1430 1071 1470 compluribus,
1097 1430 1237 1470 quibus
1257 1429 1500 1470 Apologiam
1526 1432 1698 1469 miserat,
1723 1441 1829 1464 corn-

185 1483 413 1521 municavit‚
432 1486 475 1515 ut
488 1483 691 1515 Thaddaeo
710 1483 884 1524 Hagecio
900 1484 949 1522 (d.
967 1484 1009 1514 25
1025 1493 1076 1514 m.
1091 1483 1176 1521 Jan.
1195 1486 1231 1515 et
1248 1484 1283 1515 d.
1301 1484 1343 1515 23
1359 1494 1410 1515 m.
1430 1484 1537 1516 Febr.
1557 1494 1590 1515 a.
1612 1485 1719 1525 1590),
1741 1486 1829 1516 Cas-

185 1545 282 1577 paro
299 1537 470 1569 Peucero
486 1538 534 1578 (a.
556 1536 639 1568 1590
655 1537 715 1568 vel
736 1537 844 1577 1591),
861 1537 933 1577 ipsi
950 1537 1087 1577 Craigo
1103 1537 1153 1576 (d.
1174 1537 1213 1568 14
1229 1547 1280 1568 m.
1300 1538 1398 1569 Nov.
1417 1547 1450 1568 a.
1473 1537 1583 1579 1591);
1607 1546 1653 1569 ac
1675 1547 1717 1569 re
1732 1547 1828 1570 vera

185 1599 219 1621 a.
240 1590 319 1621 1591
340 1590 576 1630 Uraniburgi
591 1590 695 1630 typis
711 1590 907 1630 descripta
924 1592 992 1621 est.
1010 1590 1086 1621 Sed
1101 1599 1149 1621 ne
1165 1600 1288 1621 unum
1305 1590 1464 1630 quidem
1481 1591 1706 1630 exemplum
1718 1589 1829 1631 Apo-

183 1642 304 1682 logiae
323 1643 427 1683 typis
447 1643 688 1683 descriptum
710 1644 760 1674 ad
780 1646 959 1675 nostram
979 1646 1139 1674 aetatem
1160 1644 1385 1683 pervenisse
1402 1643 1570 1681 videtur;
1593 1646 1709 1683 atque
1727 1652 1828 1675 unus

183 1697 462 1728 tantummodo
478 1697 538 1727 vir
553 1697 693 1728 doctus
709 1697 852 1728 librum
868 1696 972 1737 typis
988 1696 1229 1736 descriptum
1248 1705 1334 1728 sese
1354 1697 1574 1736 possedisse
1596 1697 1770 1728 affirmat
1790 1699 1828 1728 et

183 1751 294 1782 locos
309 1750 399 1782 inde
415 1750 646 1790 desumptos
662 1750 789 1785 affert,
808 1750 994 1781 Erasmus
1011 1750 1270 1787 Barthfflinus,
1289 1751 1353 1789 qui
1368 1750 1407 1781 in
1423 1750 1552 1781 libello
1568 1749 1629 1780 De
1647 1749 1827 1781 Cometis

183 1803 282 1835 anni
295 1802 554 1835 MDCLXIV
567 1803 602 1835 8(
618 1802 857 1835 MDCLXV
868 1802 1041 1844 (Hafniae
1061 1802 1157 1843 1665)
1173 1813 1208 1843 p.
1226 1803 1268 1834 49
1285 1804 1332 1835 de
1348 1803 1596 1843 inquisitione
1617 1803 1829 1842 parallaxis

183 1859 433 1889 cometarum
444 1857 568 1888 verba
578 1856 777 1896 Tychonis
792 1856 830 1887 in
846 1856 950 1888 hunc
968 1856 1132 1888 modum
1149 1856 1280 1888 affert:
1302 1856 1378 1887 »Ita
1395 1856 1498 1887 enim
1516 1856 1658 1888 diserte
1670 1857 1708 1887 in
1718 1855 1830 1895 Apo-

182 1909 356 1950 logetica
376 1909 667 1950 Responsione
688 1910 738 1941 ad
759 1910 966 1951 quusdam
986 1909 1229 1949 Peripatetici
1249 1910 1287 1940 in
1308 1909 1440 1941 Scotia
1463 1909 1593 1947 dubia,
1619 1918 1738 1949 quarn
1761 1909 1830 1941 im-

183 1972 362 2003 pressam
377 1963 507 1995 habeo
526 1963 762 2003 Uraniburgi
777 1964 890 1995 Anno
911 1962 989 1994 1591
1013 1963 1153 2003 (neque
1174 1965 1216 1993 ut
1235 1965 1347 2002 putat
1365 1962 1531 1994 eximius
1549 1962 1774 1994 Gassendus
1790 1963 1828 1993 in

188 2015 276 2048 Vita
297 2015 505 2056 Tychonis
525 2016 574 2058 [p.
591 2016 656 2047 240
671 2016 731 2048 ed.
749 2016 846 2058 Par.]
867 2015 1137 2055 manuscripta
1156 2018 1310 2047 tantum
1332 2018 1534 2047 reservata
1555 2018 1613 2047 est
1634 2025 1657 2047 a
1679 2016 1829 2056 Longo-

182 2072 373 2102 montano
385 2070 415 2101 &
427 2069 660 2111 Frommio).
676 2094 682 2100 .
698 2082 726 2101 .«
740 2069 866 2100 Affert
878 2071 1012 2100 autem
1024 2072 1211 2108 quattuor
1222 2070 1332 2101 locos
1344 2078 1393 2100 ex
1403 2068 1605 2108 Apologia
1618 2068 1827 2109 Tychonis,

183 2123 248 2163 qui
264 2131 403 2154 omnes
418 2122 456 2154 in
472 2124 607 2154 nostro
624 2122 762 2154 codice
779 2122 1036 2162 reperiuntur.
1059 2123 1292 2163 Exemplum
1310 2122 1521 2154 Bartholini
1537 2122 1643 2153 idem
1659 2121 1828 2153 fortasse

182 2178 251 2213 est,
269 2175 379 2216 cujus
395 2175 637 2208 mentionem
653 2175 747 2207 facit
764 2176 946 2207 Resenius
961 2175 1000 2206 in
1015 2174 1354 2215 InscrIptionibus
1370 2174 1682 2206 Haffniensibus
1698 2184 1733 2215 p.
1751 2174 1827 2212 391,

183 2228 248 2260 ubi
270 2229 308 2260 in
330 2229 608 2260 enumerandis
631 2229 816 2269 operibus
838 2229 1036 2268 Tychonis
1057 2227 1368 2268 Apologeticam
1393 2227 1724 2268 Responsionem
1749 2237 1828 2259 una

182 2290 274 2313 cum
299 2281 391 2313 dicti
415 2281 522 2314 Scoti
546 2282 717 2322 Epistola
743 2282 772 2313 8(
800 2281 1071 2321 Capnuraniae
1096 2281 1378 2313 Restinctione
1409 2282 1638 2322 adjunctam
1663 2289 1749 2312 esse
1775 2281 1828 2312 ait

181 2335 280 2367 libro
301 2334 476 2367 secundo
497 2334 911 2375 progymnasmatum
935 2335 1171 2375 Uraniburgi
1196 2335 1278 2366 1588
1298 2335 1336 2366 in
1357 2336 1487 2366 lucem
1508 2334 1670 2371 emisso;
1693 2343 1828 2374 quam-

182 2395 304 2427 quam
319 2387 423 2427 typis
438 2387 523 2418 illas
540 2387 757 2428 descriptas
774 2396 859 2420 esse
875 2397 955 2420 non
971 2388 1124 2420 disertis
1141 2388 1270 2420 verbis
1287 2388 1473 2419 affirmat.

234 2438 478 2479 Apologiam
501 2439 565 2471 hic
586 2440 739 2471 edimus
756 2449 776 2471 e
793 2441 931 2472 codice
952 2449 1073 2471 manu
1089 2441 1235 2480 scripto
1252 2441 1289 2471 in
1306 2440 1545 2473 bibliotheca
1562 2440 1666 2480 regia
1684 2439 1827 2470 Hauni-

182 2492 265 2524 ensi
281 2495 485 2525 asservato
501 2492 615 2534 (Nov.
629 2493 722 2525 Coll.
737 2494 822 2534 Reg.
835 2493 899 2525 93b
910 2493 948 2524 in
959 2493 1025 2534 2⁰),
1043 2493 1107 2533 qui
1123 2501 1203 2525 non
1218 2494 1342 2525 multo
1359 2496 1446 2533 post
1457 2493 1655 2532 Tychonis
1666 2495 1827 2524 aetatem
