<?xml version="1.0" encoding="UTF-8"?>
<!DOCTYPE html PUBLIC "-//W3C//DTD XHTML 1.0 Transitional//EN"
    "http://www.w3.org/TR/xhtml1/DTD/xhtml1-transitional.dtd">
<html xmlns="http://www.w3.org/1999/xhtml" xml:lang="en" lang="en">
 <head>
  <title>
</title>
<meta http-equiv="Content-Type" content="text/html;charset=utf-8" />
  <meta name='ocr-system' content='tesseract 3.04.00' />
  <meta name='ocr-capabilities' content='ocr_page ocr_carea ocr_par ocr_line ocrx_word'/>
</head>
<body>
  <div class='ocr_page' id='page_1' title='image "./operaomniaedidit04brahuoft_0147.png"; bbox 0 0 2209 3213; ppageno 0'>
   <div class='ocr_carea' id='block_1_1' title="bbox 542 311 1471 379">
    <p class='ocr_par' dir='ltr' id='par_1_1' title="bbox 542 311 1471 379">
     <span class='ocr_line' id='line_1_1' title="bbox 542 311 1471 379; baseline -0.001 0"><span class='ocrx_word' id='word_1_1' title='bbox 542 311 879 379; x_wconf 86' lang='lat' dir='ltr'><strong>CAPVT</strong></span> <span class='ocrx_word' id='word_1_2' title='bbox 910 311 1471 379; x_wconf 89' lang='lat' dir='ltr'>SEPTIMVM.</span> 
     </span>
    </p>
   </div>
   <div class='ocr_carea' id='block_1_2' title="bbox 128 403 1766 638">
    <p class='ocr_par' dir='ltr' id='par_1_2' title="bbox 128 403 1766 638">
     <span class='ocr_line' id='line_1_2' title="bbox 251 403 1766 458; baseline -0.003 -6"><span class='ocrx_word' id='word_1_3' title='bbox 251 407 343 452; x_wconf 91' lang='lat' dir='ltr'>DE</span> <span class='ocrx_word' id='word_1_4' title='bbox 366 405 677 451; x_wconf 89' lang='lat' dir='ltr'><strong>COMETAE</strong></span> <span class='ocrx_word' id='word_1_5' title='bbox 699 405 962 457; x_wconf 88' lang='lat' dir='ltr'>CAUDA,</span> <span class='ocrx_word' id='word_1_6' title='bbox 990 404 1292 458; x_wconf 90' lang='lat' dir='ltr'>EIUSQUE</span> <span class='ocrx_word' id='word_1_7' title='bbox 1314 403 1766 448; x_wconf 83' lang='lat' dir='ltr'>APPARENTIAE</span> 
     </span>
     <span class='ocr_line' id='line_1_3' title="bbox 409 472 1606 517; baseline -0.002 -5"><span class='ocrx_word' id='word_1_8' title='bbox 409 472 780 517; x_wconf 90' lang='lat' dir='ltr'>RATIONIBUS,</span> <span class='ocrx_word' id='word_1_9' title='bbox 803 473 881 511; x_wconf 93' lang='lat' dir='ltr'>EX</span> <span class='ocrx_word' id='word_1_10' title='bbox 902 472 1354 511; x_wconf 88' lang='lat' dir='ltr'>OBSERUATIONE</span> <span class='ocrx_word' id='word_1_11' title='bbox 1376 472 1606 510; x_wconf 83' lang='lat' dir='ltr'><strong>CREBRA</strong></span> 
     </span>
     <span class='ocr_line' id='line_1_4' title="bbox 579 533 1434 580; baseline -0.001 -7"><span class='ocrx_word' id='word_1_12' title='bbox 579 534 894 580; x_wconf 88' lang='lat' dir='ltr'>DEDUCTIS,</span> <span class='ocrx_word' id='word_1_13' title='bbox 917 533 1434 580; x_wconf 88' lang='lat' dir='ltr'>GEOMETRICEQUE</span> 
     </span>
     <span class='ocr_line' id='line_1_5' title="bbox 128 596 1246 638; baseline -0.004 0"><span class='ocrx_word' id='word_1_14' title='bbox 128 613 143 638; x_wconf 88' lang='grc'><strong><em>5</em></strong></span> <span class='ocrx_word' id='word_1_15' title='bbox 769 596 1246 635; x_wconf 90' lang='lat' dir='ltr'>DEMONSTRATIS.</span> 
     </span>
    </p>
   </div>
   <div class='ocr_carea' id='block_1_3' title="bbox 104 680 1839 2542">
    <p class='ocr_par' dir='ltr' id='par_1_3' title="bbox 446 680 1829 728">
     <span class='ocr_line' id='line_1_6' title="bbox 446 680 1829 728; baseline -0.001 -8"><span class='ocrx_word' id='word_1_16' title='bbox 446 685 448 687; x_wconf 83' lang='grc'><strong>’</strong></span> <span class='ocrx_word' id='word_1_17' title='bbox 473 722 475 724; x_wconf 60' lang='grc'><strong>,</strong></span> <span class='ocrx_word' id='word_1_18' title='bbox 513 681 774 720; x_wconf 90' lang='lat' dir='ltr'>XPOSITIS</span> <span class='ocrx_word' id='word_1_19' title='bbox 794 683 840 718; x_wconf 93' lang='lat' dir='ltr'>in</span> <span class='ocrx_word' id='word_1_20' title='bbox 860 680 978 718; x_wconf 91' lang='lat' dir='ltr'>hunc</span> <span class='ocrx_word' id='word_1_21' title='bbox 997 680 1192 725; x_wconf 89' lang='lat' dir='ltr'>modum,</span> <span class='ocrx_word' id='word_1_22' title='bbox 1210 680 1248 718; x_wconf 87' lang='lat'>&amp;</span> <span class='ocrx_word' id='word_1_23' title='bbox 1265 691 1287 717; x_wconf 92' lang='lat' dir='ltr'>e</span> <span class='ocrx_word' id='word_1_24' title='bbox 1304 682 1429 718; x_wconf 92' lang='lat' dir='ltr'>certis</span> <span class='ocrx_word' id='word_1_25' title='bbox 1445 680 1725 728; x_wconf 84' lang='lat' dir='ltr'>pluribusque</span> <span class='ocrx_word' id='word_1_26' title='bbox 1743 681 1829 719; x_wconf 94' lang='lat' dir='ltr'>Ob-</span> 
     </span>
    </p>

    <p class='ocr_par' dir='ltr' id='par_1_4' title="bbox 350 732 1830 835">
     <span class='ocr_line' id='line_1_7' title="bbox 350 733 1829 786; baseline -0.001 -13"><span class='ocrx_word' id='word_1_27' title='bbox 350 736 355 743; x_wconf 92' lang='lat'><strong><em>‘</em></strong></span> <span class='ocrx_word' id='word_1_28' title='bbox 394 774 413 786; x_wconf 36' lang='lat'>‘-</span> <span class='ocrx_word' id='word_1_29' title='bbox 431 740 434 742; x_wconf 78' lang='grc'><strong>’</strong></span> <span class='ocrx_word' id='word_1_30' title='bbox 513 735 844 778; x_wconf 89' lang='lat' dir='ltr'>seruationibus‚</span> <span class='ocrx_word' id='word_1_31' title='bbox 865 734 1206 781; x_wconf 88' lang='lat' dir='ltr'>Triangulorum</span> <span class='ocrx_word' id='word_1_32' title='bbox 1223 733 1614 780; x_wconf 75' lang='lat' dir='ltr'>Numerorsimque</span> <span class='ocrx_word' id='word_1_33' title='bbox 1631 734 1829 782; x_wconf 83' lang='lat' dir='ltr'>Legibus,</span> 
     </span>
     <span class='ocr_line' id='line_1_8' title="bbox 381 785 1830 835; baseline 0 -9"><span class='ocrx_word' id='word_1_34' title='bbox 381 788 418 819; x_wconf 63' lang='lat' dir='ltr'>Is</span> <span class='ocrx_word' id='word_1_35' title='bbox 447 785 449 787; x_wconf 61' lang='grc'><strong><em>’</em></strong></span> <span class='ocrx_word' id='word_1_36' title='bbox 504 788 823 826; x_wconf 70' lang='grc' dir='ltr'>ἐιιίᾱεῐιῐίβίηιε</span> <span class='ocrx_word' id='word_1_37' title='bbox 840 787 1133 834; x_wconf 89' lang='lat' dir='ltr'>comprobatis</span> <span class='ocrx_word' id='word_1_38' title='bbox 1152 788 1217 834; x_wconf 76' lang='lat' dir='ltr'>ijs,</span> <span class='ocrx_word' id='word_1_39' title='bbox 1239 798 1339 833; x_wconf 86' lang='lat' dir='ltr'>quae</span> <span class='ocrx_word' id='word_1_40' title='bbox 1357 788 1470 824; x_wconf 91' lang='lat' dir='ltr'>circa</span> <span class='ocrx_word' id='word_1_41' title='bbox 1486 786 1684 825; x_wconf 89' lang='lat' dir='ltr'>Cometae</span> <span class='ocrx_word' id='word_1_42' title='bbox 1701 793 1830 835; x_wconf 91' lang='lat' dir='ltr'>caput</span> 
     </span>
    </p>

    <p class='ocr_par' dir='ltr' id='par_1_5' title="bbox 187 838 1833 1105">
     <span class='ocr_line' id='line_1_9' title="bbox 445 838 1830 888; baseline 0 -9"><span class='ocrx_word' id='word_1_43' title='bbox 445 838 448 839; x_wconf 45' lang='lat'><em>⁷</em></span> <span class='ocrx_word' id='word_1_44' title='bbox 486 838 488 840; x_wconf 71' lang='grc'><strong>’</strong></span> <span class='ocrx_word' id='word_1_45' title='bbox 515 841 827 879; x_wconf 86' lang='lat' dir='ltr'>consideranda</span> <span class='ocrx_word' id='word_1_46' title='bbox 839 840 1216 888; x_wconf 88' lang='lat' dir='ltr'>expendendaque</span> <span class='ocrx_word' id='word_1_47' title='bbox 1229 839 1366 877; x_wconf 80' lang='lat' dir='ltr'>fuere:</span> <span class='ocrx_word' id='word_1_48' title='bbox 1382 840 1505 877; x_wconf 85' lang='lat' dir='ltr'>restat</span> <span class='ocrx_word' id='word_1_49' title='bbox 1516 852 1647 885; x_wconf 85' lang='lat' dir='ltr'>nunc,</span> <span class='ocrx_word' id='word_1_50' title='bbox 1659 845 1702 878; x_wconf 90' lang='lat' dir='ltr'>vt</span> <span class='ocrx_word' id='word_1_51' title='bbox 1714 841 1830 879; x_wconf 88' lang='lat' dir='ltr'>Cau-</span> 
     </span>
     <span class='ocr_line' id='line_1_10' title="bbox 486 892 1832 942; baseline 0.002 -13"><span class='ocrx_word' id='word_1_52' title='bbox 486 927 488 929; x_wconf 87' lang='lat'>.</span> <span class='ocrx_word' id='word_1_53' title='bbox 515 895 583 933; x_wconf 90' lang='lat' dir='ltr'>dae</span> <span class='ocrx_word' id='word_1_54' title='bbox 605 896 748 939; x_wconf 94' lang='lat' dir='ltr'>etiam,</span> <span class='ocrx_word' id='word_1_55' title='bbox 770 905 859 941; x_wconf 93' lang='lat' dir='ltr'>quo</span> <span class='ocrx_word' id='word_1_56' title='bbox 875 894 931 931; x_wconf 91' lang='lat' dir='ltr'>ad</span> <span class='ocrx_word' id='word_1_57' title='bbox 948 895 1042 931; x_wconf 90' lang='lat' dir='ltr'>eius</span> <span class='ocrx_word' id='word_1_58' title='bbox 1057 892 1182 930; x_wconf 88' lang='lat' dir='ltr'>fitum</span> <span class='ocrx_word' id='word_1_59' title='bbox 1198 897 1469 940; x_wconf 89' lang='lat' dir='ltr'>motumque,</span> <span class='ocrx_word' id='word_1_60' title='bbox 1491 905 1545 930; x_wconf 89' lang='lat' dir='ltr'>ex</span> <span class='ocrx_word' id='word_1_61' title='bbox 1565 896 1832 942; x_wconf 88' lang='lat' dir='ltr'>apparentijs</span> 
     </span>
     <span class='ocr_line' id='line_1_11' title="bbox 417 945 1831 996; baseline 0.001 -13"><span class='ocrx_word' id='word_1_62' title='bbox 417 981 419 983; x_wconf 85' lang='grc'><em>,</em></span> <span class='ocrx_word' id='word_1_63' title='bbox 515 959 592 996; x_wconf 91' lang='lat' dir='ltr'>per</span> <span class='ocrx_word' id='word_1_64' title='bbox 599 947 938 986; x_wconf 90' lang='lat' dir='ltr'>Obseruationes</span> <span class='ocrx_word' id='word_1_65' title='bbox 950 946 1121 984; x_wconf 91' lang='lat' dir='ltr'>crebras</span> <span class='ocrx_word' id='word_1_66' title='bbox 1133 945 1459 990; x_wconf 85' lang='lat' dir='ltr'>animaduersis,</span> <span class='ocrx_word' id='word_1_67' title='bbox 1472 945 1750 985; x_wconf 83' lang='lat' dir='ltr'>habitudines</span> <span class='ocrx_word' id='word_1_68' title='bbox 1761 959 1831 985; x_wconf 89' lang='lat' dir='ltr'>ex-</span> 
     </span>
     <span class='ocr_line' id='line_1_12' title="bbox 187 998 1831 1052; baseline -0.002 -10"><span class='ocrx_word' id='word_1_69' title='bbox 187 1004 412 1052; x_wconf 89' lang='lat' dir='ltr'>plicemus,</span> <span class='ocrx_word' id='word_1_70' title='bbox 422 999 861 1047; x_wconf 81' lang='lat' dir='ltr'>demonstremusque.</span> <span class='ocrx_word' id='word_1_71' title='bbox 873 999 1098 1046; x_wconf 89' lang='lat' dir='ltr'>Siquidem</span> <span class='ocrx_word' id='word_1_72' title='bbox 1108 999 1261 1043; x_wconf 88' lang='lat' dir='ltr'>cauda,</span> <span class='ocrx_word' id='word_1_73' title='bbox 1272 998 1391 1046; x_wconf 86' lang='lat' dir='ltr'>quasi</span> <span class='ocrx_word' id='word_1_74' title='bbox 1401 1000 1610 1046; x_wconf 90' lang='lat' dir='ltr'>potissima</span> <span class='ocrx_word' id='word_1_75' title='bbox 1619 1002 1831 1039; x_wconf 90' lang='lat' dir='ltr'>maxima-</span> 
     </span>
     <span class='ocr_line' id='line_1_13' title="bbox 188 1052 1833 1105; baseline -0.002 -10"><span class='ocrx_word' id='word_1_76' title='bbox 188 1068 274 1105; x_wconf 93' lang='lat' dir='ltr'>que</span> <span class='ocrx_word' id='word_1_77' title='bbox 294 1055 424 1103; x_wconf 87' lang='lat' dir='ltr'>ipfius</span> <span class='ocrx_word' id='word_1_78' title='bbox 443 1066 544 1102; x_wconf 87' lang='lat' dir='ltr'>pars</span> <span class='ocrx_word' id='word_1_79' title='bbox 563 1058 786 1101; x_wconf 86' lang='lat' dir='ltr'>appareat,</span> <span class='ocrx_word' id='word_1_80' title='bbox 808 1064 908 1100; x_wconf 89' lang='lat' dir='ltr'>quae</span> <span class='ocrx_word' id='word_1_81' title='bbox 924 1052 1166 1100; x_wconf 91' lang='lat' dir='ltr'>plurimum</span> <span class='ocrx_word' id='word_1_82' title='bbox 1183 1053 1315 1090; x_wconf 87' lang='lat' dir='ltr'>etiam</span> <span class='ocrx_word' id='word_1_83' title='bbox 1331 1054 1376 1089; x_wconf 93' lang='lat' dir='ltr'>in</span> <span class='ocrx_word' id='word_1_84' title='bbox 1392 1052 1544 1090; x_wconf 94' lang='lat' dir='ltr'>oculos</span> <span class='ocrx_word' id='word_1_85' title='bbox 1560 1054 1768 1097; x_wconf 90' lang='lat' dir='ltr'>incurrat;</span> <span class='ocrx_word' id='word_1_86' title='bbox 1789 1059 1833 1091; x_wconf 93' lang='lat' dir='ltr'>vt</span> 
     </span>
    </p>

    <p class='ocr_par' dir='ltr' id='par_1_6' title="bbox 188 1105 1832 1151">
     <span class='ocr_line' id='line_1_14' title="bbox 188 1105 1832 1151; baseline -0.002 -3"><span class='ocrx_word' id='word_1_87' title='bbox 188 1110 243 1148; x_wconf 92' lang='lat' dir='ltr'>ob</span> <span class='ocrx_word' id='word_1_88' title='bbox 264 1109 307 1148; x_wconf 94' lang='lat' dir='ltr'>id</span> <span class='ocrx_word' id='word_1_89' title='bbox 327 1108 398 1147; x_wconf 84' lang='lat' dir='ltr'>hae</span> <span class='ocrx_word' id='word_1_90' title='bbox 419 1107 700 1151; x_wconf 85' lang='lat' dir='ltr'>secundariae,</span> <span class='ocrx_word' id='word_1_91' title='bbox 720 1106 808 1144; x_wconf 88' lang='lat' dir='ltr'>siue</span> <span class='ocrx_word' id='word_1_92' title='bbox 829 1105 979 1144; x_wconf 88' lang='lat' dir='ltr'>nothae</span> <span class='ocrx_word' id='word_1_93' title='bbox 1000 1105 1158 1149; x_wconf 86' lang='lat' dir='ltr'>Stellae,</span> <span class='ocrx_word' id='word_1_94' title='bbox 1180 1105 1451 1144; x_wconf 90' lang='lat' dir='ltr'>Crinitarum</span> <span class='ocrx_word' id='word_1_95' title='bbox 1470 1105 1832 1145; x_wconf 91' lang='lat' dir='ltr'>Caudatarumue</span> 
     </span>
    </p>

    <p class='ocr_par' dir='ltr' id='par_1_7' title="bbox 122 1158 1835 1424">
     <span class='ocr_line' id='line_1_15' title="bbox 122 1158 1832 1209; baseline -0.002 -7"><span class='ocrx_word' id='word_1_96' title='bbox 122 1177 152 1202; x_wconf 87' lang='grc' dir='ltr'>ι5</span> <span class='ocrx_word' id='word_1_97' title='bbox 189 1164 369 1202; x_wconf 90' lang='lat' dir='ltr'>nomine</span> <span class='ocrx_word' id='word_1_98' title='bbox 394 1160 681 1209; x_wconf 88' lang='lat' dir='ltr'>appellentur,</span> <span class='ocrx_word' id='word_1_99' title='bbox 707 1159 826 1207; x_wconf 93' lang='lat' dir='ltr'>quod</span> <span class='ocrx_word' id='word_1_100' title='bbox 850 1159 1111 1207; x_wconf 89' lang='lat' dir='ltr'>plerumque</span> <span class='ocrx_word' id='word_1_101' title='bbox 1136 1158 1325 1196; x_wconf 92' lang='lat' dir='ltr'>caudam</span> <span class='ocrx_word' id='word_1_102' title='bbox 1349 1158 1547 1206; x_wconf 91' lang='lat' dir='ltr'>aliquam</span> <span class='ocrx_word' id='word_1_103' title='bbox 1571 1161 1617 1197; x_wconf 93' lang='lat' dir='ltr'>in</span> <span class='ocrx_word' id='word_1_104' title='bbox 1639 1159 1832 1208; x_wconf 88' lang='lat' dir='ltr'>longum,</span> 
     </span>
     <span class='ocr_line' id='line_1_16' title="bbox 189 1212 1832 1261; baseline -0.002 -6"><span class='ocrx_word' id='word_1_105' title='bbox 189 1218 377 1255; x_wconf 92' lang='lat' dir='ltr'>crinium</span> <span class='ocrx_word' id='word_1_106' title='bbox 398 1225 521 1253; x_wconf 91' lang='lat' dir='ltr'>more</span> <span class='ocrx_word' id='word_1_107' title='bbox 544 1213 787 1261; x_wconf 81' lang='lat' dir='ltr'>dispersam,</span> <span class='ocrx_word' id='word_1_108' title='bbox 810 1212 1084 1261; x_wconf 90' lang='lat' dir='ltr'>protendant,</span> <span class='ocrx_word' id='word_1_109' title='bbox 1107 1223 1188 1250; x_wconf 92' lang='lat' dir='ltr'>nec</span> <span class='ocrx_word' id='word_1_110' title='bbox 1211 1213 1566 1259; x_wconf 87' lang='lat' dir='ltr'>circumquaque,</span> <span class='ocrx_word' id='word_1_111' title='bbox 1587 1218 1630 1250; x_wconf 94' lang='lat' dir='ltr'>vt</span> <span class='ocrx_word' id='word_1_112' title='bbox 1650 1213 1832 1261; x_wconf 87' lang='lat' dir='ltr'>reliquae</span> 
     </span>
     <span class='ocr_line' id='line_1_17' title="bbox 188 1265 1834 1314; baseline -0.002 -6"><span class='ocrx_word' id='word_1_113' title='bbox 188 1269 346 1313; x_wconf 89' lang='lat' dir='ltr'>Stellae,</span> <span class='ocrx_word' id='word_1_114' title='bbox 363 1267 565 1307; x_wconf 86' lang='lat' dir='ltr'>rotundae</span> <span class='ocrx_word' id='word_1_115' title='bbox 581 1266 912 1314; x_wconf 87' lang='lat' dir='ltr'>conspiciantur.</span> <span class='ocrx_word' id='word_1_116' title='bbox 930 1265 1150 1312; x_wconf 91' lang='lat' dir='ltr'>Quamuis</span> <span class='ocrx_word' id='word_1_117' title='bbox 1162 1270 1291 1313; x_wconf 89' lang='lat' dir='ltr'>caput</span> <span class='ocrx_word' id='word_1_118' title='bbox 1303 1265 1443 1313; x_wconf 91' lang='lat' dir='ltr'>ipsum</span> <span class='ocrx_word' id='word_1_119' title='bbox 1454 1277 1531 1313; x_wconf 90' lang='lat' dir='ltr'>per</span> <span class='ocrx_word' id='word_1_120' title='bbox 1542 1265 1582 1304; x_wconf 89' lang='lat' dir='ltr'>se</span> <span class='ocrx_word' id='word_1_121' title='bbox 1594 1266 1834 1305; x_wconf 85' lang='lat' dir='ltr'>considera-</span> 
     </span>
     <span class='ocr_line' id='line_1_18' title="bbox 188 1317 1835 1367; baseline -0.002 -6"><span class='ocrx_word' id='word_1_122' title='bbox 188 1328 294 1367; x_wconf 91' lang='lat' dir='ltr'>tum,</span> <span class='ocrx_word' id='word_1_123' title='bbox 311 1321 409 1360; x_wconf 92' lang='lat' dir='ltr'>satis</span> <span class='ocrx_word' id='word_1_124' title='bbox 420 1321 659 1360; x_wconf 91' lang='lat' dir='ltr'>rotundum</span> <span class='ocrx_word' id='word_1_125' title='bbox 672 1319 830 1363; x_wconf 87' lang='lat' dir='ltr'>existat,</span> <span class='ocrx_word' id='word_1_126' title='bbox 843 1319 881 1357; x_wconf 94' lang='grc'>8(</span> <span class='ocrx_word' id='word_1_127' title='bbox 893 1317 1174 1366; x_wconf 73' lang='lat' dir='ltr'>compacliori</span> <span class='ocrx_word' id='word_1_128' title='bbox 1186 1330 1380 1366; x_wconf 86' lang='lat' dir='ltr'>corpore,</span> <span class='ocrx_word' id='word_1_129' title='bbox 1393 1319 1649 1367; x_wconf 92' lang='lat' dir='ltr'>lumineque</span> <span class='ocrx_word' id='word_1_130' title='bbox 1662 1320 1835 1358; x_wconf 89' lang='lat' dir='ltr'>clariori</span> 
     </span>
     <span class='ocr_line' id='line_1_19' title="bbox 187 1371 1834 1424; baseline -0.001 -10"><span class='ocrx_word' id='word_1_131' title='bbox 187 1376 421 1424; x_wconf 86' lang='lat' dir='ltr'>praeditum</span> <span class='ocrx_word' id='word_1_132' title='bbox 438 1379 652 1418; x_wconf 89' lang='lat' dir='ltr'>cernatur,</span> <span class='ocrx_word' id='word_1_133' title='bbox 674 1373 816 1411; x_wconf 92' lang='lat' dir='ltr'>cauda</span> <span class='ocrx_word' id='word_1_134' title='bbox 831 1372 907 1410; x_wconf 91' lang='lat' dir='ltr'>illa</span> <span class='ocrx_word' id='word_1_135' title='bbox 922 1372 1161 1410; x_wconf 90' lang='lat' dir='ltr'>rarioribus</span> <span class='ocrx_word' id='word_1_136' title='bbox 1177 1372 1322 1420; x_wconf 91' lang='lat' dir='ltr'>radijs,</span> <span class='ocrx_word' id='word_1_137' title='bbox 1340 1371 1378 1409; x_wconf 87' lang='lat'>&amp;</span> <span class='ocrx_word' id='word_1_138' title='bbox 1394 1372 1514 1419; x_wconf 88' lang='lat' dir='ltr'>quafi</span> <span class='ocrx_word' id='word_1_139' title='bbox 1530 1373 1834 1421; x_wconf 90' lang='lat' dir='ltr'>transparenti-</span> 
     </span>
    </p>

    <p class='ocr_par' dir='ltr' id='par_1_8' title="bbox 118 1425 1835 1526">
     <span class='ocr_line' id='line_1_20' title="bbox 118 1425 1835 1476; baseline -0.002 -8"><span class='ocrx_word' id='word_1_140' title='bbox 118 1441 152 1468; x_wconf 88' lang='lat'>20</span> <span class='ocrx_word' id='word_1_141' title='bbox 188 1430 286 1474; x_wconf 89' lang='lat' dir='ltr'>bus;</span> <span class='ocrx_word' id='word_1_142' title='bbox 312 1428 549 1476; x_wconf 86' lang='lat' dir='ltr'>praesertim</span> <span class='ocrx_word' id='word_1_143' title='bbox 574 1438 663 1475; x_wconf 93' lang='lat' dir='ltr'>quo</span> <span class='ocrx_word' id='word_1_144' title='bbox 688 1426 766 1464; x_wconf 91' lang='lat' dir='ltr'>fini</span> <span class='ocrx_word' id='word_1_145' title='bbox 791 1428 970 1474; x_wconf 89' lang='lat' dir='ltr'>propior</span> <span class='ocrx_word' id='word_1_146' title='bbox 995 1425 1129 1463; x_wconf 86' lang='lat' dir='ltr'>existit</span> <span class='ocrx_word' id='word_1_147' title='bbox 1151 1437 1178 1463; x_wconf 90' lang='lat' dir='ltr'>a</span> <span class='ocrx_word' id='word_1_148' title='bbox 1201 1427 1339 1473; x_wconf 91' lang='lat' dir='ltr'>capite</span> <span class='ocrx_word' id='word_1_149' title='bbox 1363 1427 1652 1473; x_wconf 89' lang='lat' dir='ltr'>prominente.</span> <span class='ocrx_word' id='word_1_150' title='bbox 1679 1426 1835 1473; x_wconf 89' lang='lat' dir='ltr'>Qualis</span> 
     </span>
     <span class='ocr_line' id='line_1_21' title="bbox 189 1478 1834 1526; baseline -0.001 -5"><span class='ocrx_word' id='word_1_151' title='bbox 189 1488 338 1522; x_wconf 89' lang='lat' dir='ltr'>autem</span> <span class='ocrx_word' id='word_1_152' title='bbox 353 1481 481 1520; x_wconf 89' lang='lat' dir='ltr'>fuerit</span> <span class='ocrx_word' id='word_1_153' title='bbox 497 1480 600 1519; x_wconf 93' lang='lat' dir='ltr'>huic</span> <span class='ocrx_word' id='word_1_154' title='bbox 612 1480 823 1524; x_wconf 88' lang='lat' dir='ltr'>Cometae,</span> <span class='ocrx_word' id='word_1_155' title='bbox 841 1491 929 1526; x_wconf 92' lang='lat' dir='ltr'>quo</span> <span class='ocrx_word' id='word_1_156' title='bbox 941 1479 997 1517; x_wconf 89' lang='lat' dir='ltr'>ad</span> <span class='ocrx_word' id='word_1_157' title='bbox 1009 1479 1209 1523; x_wconf 89' lang='lat' dir='ltr'>caudam,</span> <span class='ocrx_word' id='word_1_158' title='bbox 1226 1478 1380 1522; x_wconf 86' lang='lat' dir='ltr'>forma,</span> <span class='ocrx_word' id='word_1_159' title='bbox 1398 1481 1631 1526; x_wconf 88' lang='lat' dir='ltr'>quantitas,</span> <span class='ocrx_word' id='word_1_160' title='bbox 1648 1479 1686 1517; x_wconf 87' lang='lat'>&amp;</span> <span class='ocrx_word' id='word_1_161' title='bbox 1703 1480 1834 1525; x_wconf 94' lang='lat' dir='ltr'>color,</span> 
     </span>
    </p>

    <p class='ocr_par' dir='ltr' id='par_1_9' title="bbox 104 1528 1835 1636">
     <span class='ocr_line' id='line_1_22' title="bbox 104 1528 1834 1582; baseline -0.002 -7"><span class='ocrx_word' id='word_1_162' title='bbox 104 1542 165 1575; x_wconf 89' lang='lat'>159</span> <span class='ocrx_word' id='word_1_163' title='bbox 189 1536 244 1575; x_wconf 91' lang='lat' dir='ltr'>ab</span> <span class='ocrx_word' id='word_1_164' title='bbox 260 1537 398 1580; x_wconf 86' lang='lat' dir='ltr'>initio,</span> <span class='ocrx_word' id='word_1_165' title='bbox 418 1540 512 1573; x_wconf 91' lang='lat' dir='ltr'>turn</span> <span class='ocrx_word' id='word_1_166' title='bbox 528 1536 573 1572; x_wconf 92' lang='lat' dir='ltr'>in</span> <span class='ocrx_word' id='word_1_167' title='bbox 589 1534 824 1577; x_wconf 90' lang='lat' dir='ltr'>Prooemio,</span> <span class='ocrx_word' id='word_1_168' title='bbox 845 1537 939 1570; x_wconf 91' lang='lat' dir='ltr'>tum</span> <span class='ocrx_word' id='word_1_169' title='bbox 955 1534 1087 1570; x_wconf 91' lang='lat' dir='ltr'>etiam</span> <span class='ocrx_word' id='word_1_170' title='bbox 1104 1532 1258 1579; x_wconf 88' lang='lat' dir='ltr'>Capite</span> <span class='ocrx_word' id='word_1_171' title='bbox 1275 1528 1465 1582; x_wconf 72' lang='lat' dir='ltr'>pri-nmo,</span> <span class='ocrx_word' id='word_1_172' title='bbox 1486 1534 1598 1570; x_wconf 91' lang='lat' dir='ltr'>inter</span> <span class='ocrx_word' id='word_1_173' title='bbox 1613 1533 1834 1572; x_wconf 89' lang='lat' dir='ltr'>recensen-</span> 
     </span>
     <span class='ocr_line' id='line_1_23' title="bbox 190 1585 1835 1636; baseline -0.001 -9"><span class='ocrx_word' id='word_1_174' title='bbox 190 1590 297 1628; x_wconf 89' lang='lat' dir='ltr'>dum</span> <span class='ocrx_word' id='word_1_175' title='bbox 316 1588 446 1636; x_wconf 87' lang='lat' dir='ltr'>ipsius</span> <span class='ocrx_word' id='word_1_176' title='bbox 466 1588 758 1635; x_wconf 87' lang='lat' dir='ltr'>apparentias,</span> <span class='ocrx_word' id='word_1_177' title='bbox 779 1585 1039 1624; x_wconf 88' lang='lat' dir='ltr'>sufficienter</span> <span class='ocrx_word' id='word_1_178' title='bbox 1059 1586 1366 1623; x_wconf 80' lang='lat' dir='ltr'>iudicauimus.</span> <span class='ocrx_word' id='word_1_179' title='bbox 1388 1585 1525 1623; x_wconf 84' lang='lat' dir='ltr'>Restat</span> <span class='ocrx_word' id='word_1_180' title='bbox 1541 1588 1687 1634; x_wconf 88' lang='lat' dir='ltr'>itaque</span> <span class='ocrx_word' id='word_1_181' title='bbox 1704 1599 1835 1631; x_wconf 92' lang='lat' dir='ltr'>nunc,</span> 
     </span>
    </p>

    <p class='ocr_par' dir='ltr' id='par_1_10' title="bbox 190 1638 1836 1687">
     <span class='ocr_line' id='line_1_24' title="bbox 190 1638 1836 1687; baseline -0.001 -6"><span class='ocrx_word' id='word_1_182' title='bbox 190 1648 233 1681; x_wconf 90' lang='lat' dir='ltr'>vt</span> <span class='ocrx_word' id='word_1_183' title='bbox 250 1641 402 1681; x_wconf 75' lang='lat' dir='ltr'>ductus</span> <span class='ocrx_word' id='word_1_184' title='bbox 419 1641 572 1679; x_wconf 87' lang='lat' dir='ltr'>caudae</span> <span class='ocrx_word' id='word_1_185' title='bbox 589 1642 781 1678; x_wconf 89' lang='lat' dir='ltr'>rationes</span> <span class='ocrx_word' id='word_1_186' title='bbox 796 1638 1120 1687; x_wconf 88' lang='lat' dir='ltr'>inuestigemus;</span> <span class='ocrx_word' id='word_1_187' title='bbox 1137 1650 1213 1676; x_wconf 93' lang='lat' dir='ltr'>cur</span> <span class='ocrx_word' id='word_1_188' title='bbox 1226 1638 1426 1676; x_wconf 89' lang='lat' dir='ltr'>videlicet</span> <span class='ocrx_word' id='word_1_189' title='bbox 1441 1640 1487 1676; x_wconf 92' lang='lat' dir='ltr'>in</span> <span class='ocrx_word' id='word_1_190' title='bbox 1502 1638 1630 1684; x_wconf 90' lang='lat' dir='ltr'>hanc,</span> <span class='ocrx_word' id='word_1_191' title='bbox 1648 1652 1737 1687; x_wconf 88' lang='lat' dir='ltr'>qua</span> <span class='ocrx_word' id='word_1_192' title='bbox 1747 1640 1836 1679; x_wconf 86' lang='lat' dir='ltr'>visa</span> 
     </span>
    </p>

    <p class='ocr_par' dir='ltr' id='par_1_11' title="bbox 120 1690 1837 1956">
     <span class='ocr_line' id='line_1_25' title="bbox 120 1690 1835 1744; baseline -0.001 -10"><span class='ocrx_word' id='word_1_193' title='bbox 120 1709 153 1734; x_wconf 87' lang='lat'>25</span> <span class='ocrx_word' id='word_1_194' title='bbox 191 1696 258 1740; x_wconf 84' lang='lat' dir='ltr'>est,</span> <span class='ocrx_word' id='word_1_195' title='bbox 277 1695 549 1744; x_wconf 84' lang='lat' dir='ltr'>potissimum,</span> <span class='ocrx_word' id='word_1_196' title='bbox 568 1705 659 1732; x_wconf 93' lang='lat' dir='ltr'>non</span> <span class='ocrx_word' id='word_1_197' title='bbox 675 1693 810 1731; x_wconf 88' lang='lat' dir='ltr'>aliam</span> <span class='ocrx_word' id='word_1_198' title='bbox 825 1692 941 1731; x_wconf 92' lang='lat' dir='ltr'>Coeli</span> <span class='ocrx_word' id='word_1_199' title='bbox 957 1697 1137 1739; x_wconf 90' lang='lat' dir='ltr'>partem,</span> <span class='ocrx_word' id='word_1_200' title='bbox 1157 1690 1348 1739; x_wconf 62' lang='lat' dir='ltr'>respectu</span> <span class='ocrx_word' id='word_1_201' title='bbox 1367 1694 1530 1739; x_wconf 88' lang='lat' dir='ltr'>capitis,</span> <span class='ocrx_word' id='word_1_202' title='bbox 1549 1693 1835 1740; x_wconf 90' lang='lat' dir='ltr'>protendeba-</span> 
     </span>
     <span class='ocr_line' id='line_1_26' title="bbox 190 1745 1836 1796; baseline -0.001 -9"><span class='ocrx_word' id='word_1_203' title='bbox 190 1754 271 1788; x_wconf 89' lang='lat' dir='ltr'>tur.</span> <span class='ocrx_word' id='word_1_204' title='bbox 289 1748 421 1796; x_wconf 91' lang='lat' dir='ltr'>Quod</span> <span class='ocrx_word' id='word_1_205' title='bbox 437 1747 467 1785; x_wconf 87' lang='lat' dir='ltr'>si</span> <span class='ocrx_word' id='word_1_206' title='bbox 477 1747 704 1795; x_wconf 89' lang='lat' dir='ltr'>vulgarem</span> <span class='ocrx_word' id='word_1_207' title='bbox 716 1746 986 1794; x_wconf 91' lang='lat' dir='ltr'>Opinionem</span> <span class='ocrx_word' id='word_1_208' title='bbox 998 1746 1050 1783; x_wconf 92' lang='lat' dir='ltr'>de</span> <span class='ocrx_word' id='word_1_209' title='bbox 1063 1745 1351 1783; x_wconf 91' lang='lat' dir='ltr'>Cometarum</span> <span class='ocrx_word' id='word_1_210' title='bbox 1363 1745 1749 1792; x_wconf 90' lang='lat' dir='ltr'>Generationibus,</span> <span class='ocrx_word' id='word_1_211' title='bbox 1766 1749 1836 1785; x_wconf 93' lang='lat' dir='ltr'>cui</span> 
     </span>
     <span class='ocr_line' id='line_1_27' title="bbox 191 1797 1836 1847; baseline -0.001 -7"><span class='ocrx_word' id='word_1_212' title='bbox 191 1800 567 1840; x_wconf 85' lang='lat' dir='ltr'>ARISTOTELIS</span> <span class='ocrx_word' id='word_1_213' title='bbox 588 1799 846 1838; x_wconf 86' lang='lat' dir='ltr'>Authoritas</span> <span class='ocrx_word' id='word_1_214' title='bbox 868 1801 1025 1847; x_wconf 90' lang='lat' dir='ltr'>potius,</span> <span class='ocrx_word' id='word_1_215' title='bbox 1049 1809 1184 1846; x_wconf 89' lang='lat' dir='ltr'>quam</span> <span class='ocrx_word' id='word_1_216' title='bbox 1204 1797 1421 1836; x_wconf 77' lang='lat' dir='ltr'>sufficiens</span> <span class='ocrx_word' id='word_1_217' title='bbox 1440 1798 1712 1847; x_wconf 80' lang='lat' dir='ltr'>sensibusque</span> <span class='ocrx_word' id='word_1_218' title='bbox 1735 1812 1836 1839; x_wconf 90' lang='lat' dir='ltr'>con-</span> 
     </span>
     <span class='ocr_line' id='line_1_28' title="bbox 191 1850 1836 1898; baseline -0.001 -5"><span class='ocrx_word' id='word_1_219' title='bbox 191 1855 297 1894; x_wconf 93' lang='lat' dir='ltr'>sona</span> <span class='ocrx_word' id='word_1_220' title='bbox 312 1856 600 1898; x_wconf 87' lang='lat' dir='ltr'>ratiocinatio,</span> <span class='ocrx_word' id='word_1_221' title='bbox 622 1854 913 1891; x_wconf 88' lang='lat' dir='ltr'>communiter</span> <span class='ocrx_word' id='word_1_222' title='bbox 928 1851 1061 1890; x_wconf 90' lang='lat' dir='ltr'>fidem</span> <span class='ocrx_word' id='word_1_223' title='bbox 1077 1851 1187 1896; x_wconf 87' lang='lat' dir='ltr'>fecit,</span> <span class='ocrx_word' id='word_1_224' title='bbox 1208 1850 1355 1890; x_wconf 72' lang='lat' dir='ltr'>sectari</span> <span class='ocrx_word' id='word_1_225' title='bbox 1373 1851 1532 1897; x_wconf 90' lang='lat' dir='ltr'>lubeat,</span> <span class='ocrx_word' id='word_1_226' title='bbox 1553 1864 1645 1891; x_wconf 92' lang='lat' dir='ltr'>non</span> <span class='ocrx_word' id='word_1_227' title='bbox 1661 1853 1836 1892; x_wconf 88' lang='lat' dir='ltr'>difficile</span> 
     </span>
     <span class='ocr_line' id='line_1_29' title="bbox 192 1904 1837 1956; baseline -0.001 -9"><span class='ocrx_word' id='word_1_228' title='bbox 192 1910 271 1947; x_wconf 91' lang='lat' dir='ltr'>erit</span> <span class='ocrx_word' id='word_1_229' title='bbox 294 1907 581 1956; x_wconf 77' lang='lat' dir='ltr'>protensionis</span> <span class='ocrx_word' id='word_1_230' title='bbox 606 1906 760 1945; x_wconf 87' lang='lat' dir='ltr'>caudae</span> <span class='ocrx_word' id='word_1_231' title='bbox 784 1906 980 1949; x_wconf 90' lang='lat' dir='ltr'>modurn,</span> <span class='ocrx_word' id='word_1_232' title='bbox 1010 1904 1252 1953; x_wconf 87' lang='lat' dir='ltr'>positusque</span> <span class='ocrx_word' id='word_1_233' title='bbox 1283 1904 1434 1943; x_wconf 90' lang='lat' dir='ltr'>causas</span> <span class='ocrx_word' id='word_1_234' title='bbox 1459 1906 1688 1954; x_wconf 89' lang='lat' dir='ltr'>explicare.</span> <span class='ocrx_word' id='word_1_235' title='bbox 1720 1907 1837 1946; x_wconf 92' lang='lat' dir='ltr'>Cum</span> 
     </span>
    </p>

    <p class='ocr_par' dir='ltr' id='par_1_12' title="bbox 122 1958 1838 2222">
     <span class='ocr_line' id='line_1_30' title="bbox 122 1958 1836 2009; baseline -0.001 -9"><span class='ocrx_word' id='word_1_236' title='bbox 122 1975 156 2000; x_wconf 88' lang='lat'>30</span> <span class='ocrx_word' id='word_1_237' title='bbox 192 1964 311 2000; x_wconf 91' lang='lat' dir='ltr'>enim</span> <span class='ocrx_word' id='word_1_238' title='bbox 322 1961 452 2009; x_wconf 87' lang='lat' dir='ltr'>ipsius</span> <span class='ocrx_word' id='word_1_239' title='bbox 465 1960 701 2008; x_wconf 90' lang='lat' dir='ltr'>Opinione,</span> <span class='ocrx_word' id='word_1_240' title='bbox 719 1959 906 1997; x_wconf 89' lang='lat' dir='ltr'>Cometa</span> <span class='ocrx_word' id='word_1_241' title='bbox 917 1958 963 1996; x_wconf 90' lang='lat' dir='ltr'>sit</span> <span class='ocrx_word' id='word_1_242' title='bbox 974 1964 1203 1996; x_wconf 90' lang='lat' dir='ltr'>meteoron</span> <span class='ocrx_word' id='word_1_243' title='bbox 1214 1958 1459 2002; x_wconf 90' lang='lat' dir='ltr'>sublunare‚</span> <span class='ocrx_word' id='word_1_244' title='bbox 1473 1971 1527 1997; x_wconf 89' lang='lat' dir='ltr'>ex</span> <span class='ocrx_word' id='word_1_245' title='bbox 1543 1960 1685 1998; x_wconf 88' lang='lat' dir='ltr'>calida</span> <span class='ocrx_word' id='word_1_246' title='bbox 1696 1961 1836 1999; x_wconf 89' lang='lat' dir='ltr'>arida-</span> 
     </span>
     <span class='ocr_line' id='line_1_31' title="bbox 192 2011 1837 2063; baseline -0.001 -10"><span class='ocrx_word' id='word_1_247' title='bbox 192 2026 277 2063; x_wconf 91' lang='lat' dir='ltr'>que</span> <span class='ocrx_word' id='word_1_248' title='bbox 292 2014 572 2053; x_wconf 84' lang='lat' dir='ltr'>exhalatione</span> <span class='ocrx_word' id='word_1_249' title='bbox 585 2018 849 2056; x_wconf 91' lang='lat' dir='ltr'>concretum,</span> <span class='ocrx_word' id='word_1_250' title='bbox 866 2012 997 2059; x_wconf 93' lang='lat' dir='ltr'>idque</span> <span class='ocrx_word' id='word_1_251' title='bbox 1008 2014 1053 2049; x_wconf 92' lang='lat' dir='ltr'>in</span> <span class='ocrx_word' id='word_1_252' title='bbox 1065 2011 1267 2059; x_wconf 89' lang='lat' dir='ltr'>suprema</span> <span class='ocrx_word' id='word_1_253' title='bbox 1278 2012 1405 2049; x_wconf 71' lang='lat' dir='ltr'>Aeris</span> <span class='ocrx_word' id='word_1_254' title='bbox 1418 2012 1621 2060; x_wconf 88' lang='lat' dir='ltr'>Regione,</span> <span class='ocrx_word' id='word_1_255' title='bbox 1638 2016 1837 2061; x_wconf 85' lang='lat' dir='ltr'>proxime</span> 
     </span>
     <span class='ocr_line' id='line_1_32' title="bbox 192 2064 1836 2116; baseline 0 -10"><span class='ocrx_word' id='word_1_256' title='bbox 192 2068 305 2106; x_wconf 85' lang='lat' dir='ltr'>infra</span> <span class='ocrx_word' id='word_1_257' title='bbox 321 2068 435 2116; x_wconf 89' lang='lat' dir='ltr'>Ignis</span> <span class='ocrx_word' id='word_1_258' title='bbox 452 2067 742 2111; x_wconf 92' lang='lat' dir='ltr'>Elementum,</span> <span class='ocrx_word' id='word_1_259' title='bbox 764 2065 882 2113; x_wconf 93' lang='lat' dir='ltr'>quod</span> <span class='ocrx_word' id='word_1_260' title='bbox 903 2065 975 2103; x_wconf 92' lang='lat' dir='ltr'>ille</span> <span class='ocrx_word' id='word_1_261' title='bbox 992 2076 1190 2103; x_wconf 89' lang='lat' dir='ltr'>concauo</span> <span class='ocrx_word' id='word_1_262' title='bbox 1207 2064 1403 2112; x_wconf 85' lang='lat' dir='ltr'>Sphaerae</span> <span class='ocrx_word' id='word_1_263' title='bbox 1420 2065 1559 2104; x_wconf 87' lang='lat' dir='ltr'>Lunae</span> <span class='ocrx_word' id='word_1_264' title='bbox 1575 2067 1710 2111; x_wconf 90' lang='lat' dir='ltr'>assuit;</span> <span class='ocrx_word' id='word_1_265' title='bbox 1732 2067 1836 2106; x_wconf 85' lang='lat' dir='ltr'>illic-</span> 
     </span>
     <span class='ocr_line' id='line_1_33' title="bbox 192 2118 1838 2169; baseline -0.001 -9"><span class='ocrx_word' id='word_1_266' title='bbox 192 2123 339 2169; x_wconf 90' lang='lat' dir='ltr'>quein</span> <span class='ocrx_word' id='word_1_267' title='bbox 354 2120 538 2159; x_wconf 91' lang='lat' dir='ltr'>modum</span> <span class='ocrx_word' id='word_1_268' title='bbox 553 2120 748 2158; x_wconf 89' lang='lat' dir='ltr'>flammae</span> <span class='ocrx_word' id='word_1_269' title='bbox 765 2118 1024 2163; x_wconf 87' lang='lat' dir='ltr'>exardescat,</span> <span class='ocrx_word' id='word_1_270' title='bbox 1045 2130 1124 2166; x_wconf 92' lang='lat' dir='ltr'>pro</span> <span class='ocrx_word' id='word_1_271' title='bbox 1145 2120 1314 2156; x_wconf 88' lang='lat' dir='ltr'>ratione</span> <span class='ocrx_word' id='word_1_272' title='bbox 1331 2118 1533 2157; x_wconf 89' lang='lat' dir='ltr'>defluxus</span> <span class='ocrx_word' id='word_1_273' title='bbox 1553 2123 1762 2166; x_wconf 86' lang='lat' dir='ltr'>materiae,</span> <span class='ocrx_word' id='word_1_274' title='bbox 1784 2133 1838 2159; x_wconf 86' lang='lat' dir='ltr'>ex</span> 
     </span>
     <span class='ocr_line' id='line_1_34' title="bbox 193 2171 1837 2222; baseline -0.001 -9"><span class='ocrx_word' id='word_1_275' title='bbox 193 2186 281 2222; x_wconf 87' lang='lat' dir='ltr'>qua</span> <span class='ocrx_word' id='word_1_276' title='bbox 301 2174 477 2219; x_wconf 63' lang='lat' dir='ltr'>constan</span> <span class='ocrx_word' id='word_1_277' title='bbox 499 2174 780 2212; x_wconf 87' lang='lat' dir='ltr'>necessarium</span> <span class='ocrx_word' id='word_1_278' title='bbox 799 2174 949 2219; x_wconf 90' lang='lat' dir='ltr'>vtique</span> <span class='ocrx_word' id='word_1_279' title='bbox 970 2173 1061 2216; x_wconf 92' lang='lat' dir='ltr'>erit,</span> <span class='ocrx_word' id='word_1_280' title='bbox 1082 2171 1200 2210; x_wconf 92' lang='lat' dir='ltr'>hunc</span> <span class='ocrx_word' id='word_1_281' title='bbox 1221 2171 1361 2219; x_wconf 91' lang='lat' dir='ltr'>ipsum</span> <span class='ocrx_word' id='word_1_282' title='bbox 1380 2175 1577 2211; x_wconf 87' lang='lat' dir='ltr'>materiae</span> <span class='ocrx_word' id='word_1_283' title='bbox 1598 2173 1837 2219; x_wconf 89' lang='lat' dir='ltr'>defluxum,</span> 
     </span>
    </p>

    <p class='ocr_par' dir='ltr' id='par_1_13' title="bbox 123 2224 1839 2327">
     <span class='ocr_line' id='line_1_35' title="bbox 123 2224 1839 2276; baseline 0 -10"><span class='ocrx_word' id='word_1_284' title='bbox 123 2240 156 2267; x_wconf 85' lang='lat'>35</span> <span class='ocrx_word' id='word_1_285' title='bbox 193 2227 454 2276; x_wconf 83' lang='lat' dir='ltr'>dispositioni</span> <span class='ocrx_word' id='word_1_286' title='bbox 465 2226 753 2275; x_wconf 82' lang='lat' dir='ltr'>protensionis</span> <span class='ocrx_word' id='word_1_287' title='bbox 765 2226 917 2264; x_wconf 88' lang='lat' dir='ltr'>caudae</span> <span class='ocrx_word' id='word_1_288' title='bbox 930 2224 1201 2263; x_wconf 85' lang='lat' dir='ltr'>occasionem</span> <span class='ocrx_word' id='word_1_289' title='bbox 1211 2225 1419 2272; x_wconf 86' lang='lat' dir='ltr'>praebere.</span> <span class='ocrx_word' id='word_1_290' title='bbox 1437 2225 1643 2274; x_wconf 88' lang='lat' dir='ltr'>Cumque</span> <span class='ocrx_word' id='word_1_291' title='bbox 1654 2230 1839 2266; x_wconf 90' lang='lat' dir='ltr'>materia</span> 
     </span>
     <span class='ocr_line' id='line_1_36' title="bbox 192 2278 1838 2327; baseline 0 -8"><span class='ocrx_word' id='word_1_292' title='bbox 192 2281 268 2320; x_wconf 90' lang='lat' dir='ltr'>illa</span> <span class='ocrx_word' id='word_1_293' title='bbox 278 2281 324 2319; x_wconf 87' lang='lat' dir='ltr'>fit</span> <span class='ocrx_word' id='word_1_294' title='bbox 336 2280 636 2324; x_wconf 89' lang='lat' dir='ltr'>Elementaris,</span> <span class='ocrx_word' id='word_1_295' title='bbox 648 2290 847 2327; x_wconf 87' lang='lat' dir='ltr'>vagaque</span> <span class='ocrx_word' id='word_1_296' title='bbox 860 2278 897 2316; x_wconf 89' lang='lat'>&amp;</span> <span class='ocrx_word' id='word_1_297' title='bbox 908 2278 1167 2323; x_wconf 88' lang='lat' dir='ltr'>inconstans,</span> <span class='ocrx_word' id='word_1_298' title='bbox 1184 2278 1434 2326; x_wconf 87' lang='lat' dir='ltr'>sequeretur</span> <span class='ocrx_word' id='word_1_299' title='bbox 1450 2278 1726 2319; x_wconf 72' lang='lat' dir='ltr'>edutfiionem</span> <span class='ocrx_word' id='word_1_300' title='bbox 1738 2293 1838 2319; x_wconf 93' lang='lat' dir='ltr'>cau-</span> 
     </span>
    </p>

    <p class='ocr_par' dir='ltr' id='par_1_14' title="bbox 193 2331 1839 2486">
     <span class='ocr_line' id='line_1_37' title="bbox 193 2331 1839 2381; baseline -0.001 -8"><span class='ocrx_word' id='word_1_301' title='bbox 193 2335 261 2373; x_wconf 83' lang='lat' dir='ltr'>dae</span> <span class='ocrx_word' id='word_1_302' title='bbox 276 2334 500 2372; x_wconf 89' lang='lat' dir='ltr'>fortuitam</span> <span class='ocrx_word' id='word_1_303' title='bbox 517 2334 606 2379; x_wconf 89' lang='lat' dir='ltr'>esse,</span> <span class='ocrx_word' id='word_1_304' title='bbox 623 2332 834 2380; x_wconf 91' lang='lat' dir='ltr'>nullaque</span> <span class='ocrx_word' id='word_1_305' title='bbox 851 2337 967 2370; x_wconf 91' lang='lat' dir='ltr'>certa</span> <span class='ocrx_word' id='word_1_306' title='bbox 982 2333 1151 2370; x_wconf 91' lang='lat' dir='ltr'>ratione</span> <span class='ocrx_word' id='word_1_307' title='bbox 1168 2331 1373 2376; x_wconf 88' lang='lat' dir='ltr'>constare,</span> <span class='ocrx_word' id='word_1_308' title='bbox 1394 2344 1486 2370; x_wconf 93' lang='lat' dir='ltr'>non</span> <span class='ocrx_word' id='word_1_309' title='bbox 1502 2333 1626 2371; x_wconf 90' lang='lat' dir='ltr'>aliter</span> <span class='ocrx_word' id='word_1_310' title='bbox 1642 2346 1777 2381; x_wconf 91' lang='lat' dir='ltr'>quam</span> <span class='ocrx_word' id='word_1_311' title='bbox 1793 2336 1839 2372; x_wconf 90' lang='lat' dir='ltr'>in</span> 
     </span>
     <span class='ocr_line' id='line_1_38' title="bbox 193 2385 1838 2434; baseline 0 -8"><span class='ocrx_word' id='word_1_312' title='bbox 193 2388 386 2426; x_wconf 90' lang='lat' dir='ltr'>deciduis</span> <span class='ocrx_word' id='word_1_313' title='bbox 397 2387 538 2426; x_wconf 92' lang='lat' dir='ltr'>Stellis</span> <span class='ocrx_word' id='word_1_314' title='bbox 550 2385 709 2425; x_wconf 74' lang='lat' dir='ltr'>tractus</span> <span class='ocrx_word' id='word_1_315' title='bbox 721 2386 902 2434; x_wconf 88' lang='lat' dir='ltr'>quidam</span> <span class='ocrx_word' id='word_1_316' title='bbox 913 2385 1200 2433; x_wconf 86' lang='lat' dir='ltr'>vagabundus</span> <span class='ocrx_word' id='word_1_317' title='bbox 1212 2390 1405 2433; x_wconf 89' lang='lat' dir='ltr'>apparet,</span> <span class='ocrx_word' id='word_1_318' title='bbox 1422 2397 1448 2423; x_wconf 95' lang='lat' dir='ltr'>a</span> <span class='ocrx_word' id='word_1_319' title='bbox 1464 2387 1623 2433; x_wconf 91' lang='lat' dir='ltr'>quibus</span> <span class='ocrx_word' id='word_1_320' title='bbox 1635 2388 1838 2426; x_wconf 90' lang='lat' dir='ltr'>Cometa-</span> 
     </span>
     <span class='ocr_line' id='line_1_39' title="bbox 193 2437 1839 2486; baseline 0 -7"><span class='ocrx_word' id='word_1_321' title='bbox 193 2452 292 2479; x_wconf 92' lang='lat' dir='ltr'>rum</span> <span class='ocrx_word' id='word_1_322' title='bbox 304 2440 651 2479; x_wconf 90' lang='lat' dir='ltr'>Generationem</span> <span class='ocrx_word' id='word_1_323' title='bbox 662 2451 754 2478; x_wconf 91' lang='lat' dir='ltr'>non</span> <span class='ocrx_word' id='word_1_324' title='bbox 765 2439 954 2477; x_wconf 91' lang='lat' dir='ltr'>multum</span> <span class='ocrx_word' id='word_1_325' title='bbox 965 2437 1151 2483; x_wconf 85' lang='lat' dir='ltr'>differre,</span> <span class='ocrx_word' id='word_1_326' title='bbox 1164 2440 1369 2486; x_wconf 89' lang='lat' dir='ltr'>opinatus</span> <span class='ocrx_word' id='word_1_327' title='bbox 1381 2438 1436 2476; x_wconf 89' lang='lat' dir='ltr'>est</span> <span class='ocrx_word' id='word_1_328' title='bbox 1448 2440 1712 2485; x_wconf 88' lang='lat' dir='ltr'>Aristoteles;</span> <span class='ocrx_word' id='word_1_329' title='bbox 1725 2441 1839 2479; x_wconf 92' lang='lat' dir='ltr'>vnde</span> 
     </span>
    </p>

    <p class='ocr_par' dir='ltr' id='par_1_15' title="bbox 124 2491 1838 2542">
     <span class='ocr_line' id='line_1_40' title="bbox 124 2491 1838 2542; baseline 0 -10"><span class='ocrx_word' id='word_1_330' title='bbox 124 2506 158 2532; x_wconf 70' lang='lat'>40</span> <span class='ocrx_word' id='word_1_331' title='bbox 194 2493 483 2533; x_wconf 89' lang='lat' dir='ltr'>Cometarum</span> <span class='ocrx_word' id='word_1_332' title='bbox 499 2498 717 2537; x_wconf 87' lang='lat' dir='ltr'>naturam,</span> <span class='ocrx_word' id='word_1_333' title='bbox 738 2492 899 2531; x_wconf 88' lang='lat' dir='ltr'>harum</span> <span class='ocrx_word' id='word_1_334' title='bbox 915 2491 1149 2530; x_wconf 87' lang='lat' dir='ltr'>Stellarum</span> <span class='ocrx_word' id='word_1_335' title='bbox 1165 2491 1443 2530; x_wconf 89' lang='lat' dir='ltr'>similitudine</span> <span class='ocrx_word' id='word_1_336' title='bbox 1461 2493 1751 2542; x_wconf 90' lang='lat' dir='ltr'>exemploque</span> <span class='ocrx_word' id='word_1_337' title='bbox 1768 2506 1838 2532; x_wconf 89' lang='lat' dir='ltr'>ex-</span> 
     </span>
    </p>
   </div>
   <div class='ocr_carea' id='block_1_4' title="bbox 1679 2548 1838 2595">
    <p class='ocr_par' dir='ltr' id='par_1_16' title="bbox 1679 2548 1838 2595">
     <span class='ocr_line' id='line_1_41' title="bbox 1679 2548 1838 2595; baseline -0.013 -9"><span class='ocrx_word' id='word_1_338' title='bbox 1679 2548 1838 2595; x_wconf 89' lang='lat' dir='ltr'>plicare</span> 
     </span>
    </p>
   </div>
   <div class='ocr_carea' id='block_1_5' title="bbox 184 662 501 989">
    <p class='ocr_par' dir='ltr' id='par_1_17' title="bbox 184 662 501 989">
     <span class='ocr_line' id='line_1_42' title="bbox 184 662 501 989; baseline 0 2224"><span class='ocrx_word' id='word_1_339' title='bbox 184 662 501 989; x_wconf 95' lang='lat' dir='ltr'> </span> 
     </span>
    </p>
   </div>
  </div>
 </body>
</html>
