<?xml version="1.0" encoding="UTF-8"?>
<!DOCTYPE html PUBLIC "-//W3C//DTD XHTML 1.0 Transitional//EN"
    "http://www.w3.org/TR/xhtml1/DTD/xhtml1-transitional.dtd">
<html xmlns="http://www.w3.org/1999/xhtml" xml:lang="en" lang="en">
 <head>
  <title>
</title>
<meta http-equiv="Content-Type" content="text/html;charset=utf-8" />
  <meta name='ocr-system' content='tesseract 3.04.00' />
  <meta name='ocr-capabilities' content='ocr_page ocr_carea ocr_par ocr_line ocrx_word'/>
</head>
<body>
  <div class='ocr_page' id='page_1' title='image "./operaomniaedidit04brahuoft_0127.png"; bbox 0 0 2209 3213; ppageno 0'>
   <div class='ocr_carea' id='block_1_1' title="bbox 492 192 1812 232">
    <p class='ocr_par' dir='ltr' id='par_1_1' title="bbox 492 192 1812 232">
     <span class='ocr_line' id='line_1_1' title="bbox 492 192 1812 232; baseline 0 -2"><span class='ocrx_word' id='word_1_1' title='bbox 492 193 1012 232; x_wconf 85' lang='lat' dir='ltr'>RECENTIORIBUS</span> <span class='ocrx_word' id='word_1_2' title='bbox 1033 192 1490 231; x_wconf 88' lang='lat' dir='ltr'>PHAENOMENIS</span> <span class='ocrx_word' id='word_1_3' title='bbox 1755 194 1812 230; x_wconf 89' lang='grc'>115</span> 
     </span>
    </p>
   </div>
   <div class='ocr_carea' id='block_1_2' title="bbox 170 297 1813 506">
    <p class='ocr_par' dir='ltr' id='par_1_2' title="bbox 170 297 1813 506">
     <span class='ocr_line' id='line_1_2' title="bbox 171 297 1813 345; baseline -0.001 -8"><span class='ocrx_word' id='word_1_4' title='bbox 171 301 288 337; x_wconf 89' lang='lat' dir='ltr'>tione</span> <span class='ocrx_word' id='word_1_5' title='bbox 309 300 440 336; x_wconf 91' lang='lat' dir='ltr'>etiam</span> <span class='ocrx_word' id='word_1_6' title='bbox 460 299 484 336; x_wconf 99' lang='lat'>4</span> <span class='ocrx_word' id='word_1_7' title='bbox 505 297 715 345; x_wconf 81' lang='lat' dir='ltr'>scrupulis</span> <span class='ocrx_word' id='word_1_8' title='bbox 735 301 964 343; x_wconf 86' lang='lat' dir='ltr'><strong>minorem,</strong></span> <span class='ocrx_word' id='word_1_9' title='bbox 987 306 1030 337; x_wconf 88' lang='lat' dir='ltr'>vt</span> <span class='ocrx_word' id='word_1_10' title='bbox 1046 300 1100 338; x_wconf 95' lang='lat' dir='ltr'>ob</span> <span class='ocrx_word' id='word_1_11' title='bbox 1117 299 1160 336; x_wconf 91' lang='lat' dir='ltr'>id</span> <span class='ocrx_word' id='word_1_12' title='bbox 1177 310 1277 336; x_wconf 90' lang='lat' dir='ltr'>eum</span> <span class='ocrx_word' id='word_1_13' title='bbox 1294 299 1468 336; x_wconf 85' lang='lat' dir='ltr'>Horam</span> <span class='ocrx_word' id='word_1_14' title='bbox 1485 298 1813 336; x_wconf 89' lang='lat' dir='ltr'>Obseruationis</span> 
     </span>
     <span class='ocr_line' id='line_1_3' title="bbox 170 351 1813 400; baseline -0.001 -10"><span class='ocrx_word' id='word_1_15' title='bbox 170 363 262 390; x_wconf 92' lang='lat' dir='ltr'>non</span> <span class='ocrx_word' id='word_1_16' title='bbox 286 353 564 389; x_wconf 90' lang='lat' dir='ltr'>annotauerit</span> <span class='ocrx_word' id='word_1_17' title='bbox 588 351 822 389; x_wconf 92' lang='lat' dir='ltr'>Cornelius</span> <span class='ocrx_word' id='word_1_18' title='bbox 847 353 1050 395; x_wconf 89' lang='lat' dir='ltr'>Gemma,</span> <span class='ocrx_word' id='word_1_19' title='bbox 1078 352 1213 400; x_wconf 92' lang='lat' dir='ltr'>(quod</span> <span class='ocrx_word' id='word_1_20' title='bbox 1236 351 1273 389; x_wconf 89' lang='grc'>8(</span> <span class='ocrx_word' id='word_1_21' title='bbox 1296 354 1342 389; x_wconf 92' lang='lat' dir='ltr'>in</span> <span class='ocrx_word' id='word_1_22' title='bbox 1365 351 1466 398; x_wconf 87' lang='lat' dir='ltr'>ipso,</span> <span class='ocrx_word' id='word_1_23' title='bbox 1491 351 1528 388; x_wconf 93' lang='grc'>8(</span> <span class='ocrx_word' id='word_1_24' title='bbox 1551 353 1596 389; x_wconf 92' lang='lat' dir='ltr'>in</span> <span class='ocrx_word' id='word_1_25' title='bbox 1618 351 1813 389; x_wconf 87' lang='lat' dir='ltr'>Taddaeo</span> 
     </span>
     <span class='ocr_line' id='line_1_4' title="bbox 171 404 1812 452; baseline 0 -10"><span class='ocrx_word' id='word_1_26' title='bbox 171 405 381 452; x_wconf 89' lang='lat' dir='ltr'>Hagecio‚</span> <span class='ocrx_word' id='word_1_27' title='bbox 407 404 641 451; x_wconf 70' lang='lat' dir='ltr'>praesertim</span> <span class='ocrx_word' id='word_1_28' title='bbox 667 404 739 442; x_wconf 92' lang='lat' dir='ltr'>vbi</span> <span class='ocrx_word' id='word_1_29' title='bbox 765 404 962 450; x_wconf 88' lang='lat' dir='ltr'>Cometa,</span> <span class='ocrx_word' id='word_1_30' title='bbox 989 411 1111 443; x_wconf 91' lang='lat' dir='ltr'>motu</span> <span class='ocrx_word' id='word_1_31' title='bbox 1132 405 1290 443; x_wconf 88' lang='lat' dir='ltr'>diurno</span> <span class='ocrx_word' id='word_1_32' title='bbox 1311 405 1492 442; x_wconf 91' lang='lat' dir='ltr'>celerior</span> <span class='ocrx_word' id='word_1_33' title='bbox 1513 406 1659 448; x_wconf 90' lang='lat' dir='ltr'>extitit,</span> <span class='ocrx_word' id='word_1_34' title='bbox 1684 405 1812 443; x_wconf 91' lang='lat' dir='ltr'>valde</span> 
     </span>
     <span class='ocr_line' id='line_1_5' title="bbox 170 457 1812 506; baseline 0 -11"><span class='ocrx_word' id='word_1_35' title='bbox 170 457 378 503; x_wconf 78' lang='lat' dir='ltr'>desidero)</span> <span class='ocrx_word' id='word_1_36' title='bbox 391 469 482 495; x_wconf 90' lang='lat' dir='ltr'>non</span> <span class='ocrx_word' id='word_1_37' title='bbox 494 463 609 495; x_wconf 89' lang='lat' dir='ltr'>certo</span> <span class='ocrx_word' id='word_1_38' title='bbox 620 458 811 496; x_wconf 88' lang='lat' dir='ltr'>constare</span> <span class='ocrx_word' id='word_1_39' title='bbox 824 459 952 506; x_wconf 88' lang='lat' dir='ltr'>possit,</span> <span class='ocrx_word' id='word_1_40' title='bbox 966 471 1066 506; x_wconf 87' lang='lat' dir='ltr'>quae</span> <span class='ocrx_word' id='word_1_41' title='bbox 1076 470 1181 496; x_wconf 92' lang='lat' dir='ltr'>nam</span> <span class='ocrx_word' id='word_1_42' title='bbox 1191 458 1433 496; x_wconf 91' lang='lat' dir='ltr'>nostrarum</span> <span class='ocrx_word' id='word_1_43' title='bbox 1444 457 1812 495; x_wconf 89' lang='lat' dir='ltr'>Obseruationum</span> 
     </span>
    </p>
   </div>
   <div class='ocr_carea' id='block_1_3' title="bbox 116 510 1811 558">
    <p class='ocr_par' dir='ltr' id='par_1_3' title="bbox 116 510 1811 558">
     <span class='ocr_line' id='line_1_6' title="bbox 116 510 1811 558; baseline -0.001 -9"><span class='ocrx_word' id='word_1_44' title='bbox 116 526 130 549; x_wconf 80' lang='lat'><strong>5</strong></span> <span class='ocrx_word' id='word_1_45' title='bbox 169 522 270 549; x_wconf 92' lang='lat' dir='ltr'>cum</span> <span class='ocrx_word' id='word_1_46' title='bbox 285 510 414 558; x_wconf 91' lang='lat' dir='ltr'>ips1us</span> <span class='ocrx_word' id='word_1_47' title='bbox 431 510 696 548; x_wconf 88' lang='lat' dir='ltr'>conferenda</span> <span class='ocrx_word' id='word_1_48' title='bbox 712 513 870 549; x_wconf 89' lang='lat' dir='ltr'>veniat.</span> <span class='ocrx_word' id='word_1_49' title='bbox 886 512 1154 558; x_wconf 88' lang='lat' dir='ltr'>Accipiendo</span> <span class='ocrx_word' id='word_1_50' title='bbox 1171 513 1318 558; x_wconf 88' lang='lat' dir='ltr'>itaque</span> <span class='ocrx_word' id='word_1_51' title='bbox 1334 511 1529 548; x_wconf 90' lang='lat' dir='ltr'>medium</span> <span class='ocrx_word' id='word_1_52' title='bbox 1546 513 1656 548; x_wconf 89' lang='lat' dir='ltr'>inter</span> <span class='ocrx_word' id='word_1_53' title='bbox 1673 522 1811 548; x_wconf 90' lang='lat' dir='ltr'>remo-</span> 
     </span>
    </p>
   </div>
   <div class='ocr_carea' id='block_1_4' title="bbox 101 790 130 815">
    <p class='ocr_par' dir='ltr' id='par_1_4' title="bbox 101 790 130 815">
     <span class='ocr_line' id='line_1_7' title="bbox 101 790 130 815; baseline 0 0"><span class='ocrx_word' id='word_1_54' title='bbox 101 790 130 815; x_wconf 84' lang='lat'>10</span> 
     </span>
    </p>
   </div>
   <div class='ocr_carea' id='block_1_5' title="bbox 103 1057 132 1081">
    <p class='ocr_par' dir='ltr' id='par_1_5' title="bbox 103 1057 132 1081">
     <span class='ocr_line' id='line_1_8' title="bbox 103 1057 132 1081; baseline 0 0"><span class='ocrx_word' id='word_1_55' title='bbox 103 1057 132 1081; x_wconf 85' lang='grc'>15</span> 
     </span>
    </p>
   </div>
   <div class='ocr_carea' id='block_1_6' title="bbox 100 1590 131 1614">
    <p class='ocr_par' dir='ltr' id='par_1_6' title="bbox 100 1590 131 1614">
     <span class='ocr_line' id='line_1_9' title="bbox 100 1590 131 1614; baseline 0 0"><span class='ocrx_word' id='word_1_56' title='bbox 100 1590 131 1614; x_wconf 84' lang='grc'>25</span> 
     </span>
    </p>
   </div>
   <div class='ocr_carea' id='block_1_7' title="bbox 84 1636 144 1668">
    <p class='ocr_par' dir='ltr' id='par_1_7' title="bbox 84 1636 144 1668">
     <span class='ocr_line' id='line_1_10' title="bbox 84 1636 144 1668; baseline -0.017 0"><span class='ocrx_word' id='word_1_57' title='bbox 84 1636 144 1668; x_wconf 85' lang='grc'>134</span> 
     </span>
    </p>
   </div>
   <div class='ocr_carea' id='block_1_8' title="bbox 98 1854 130 1880">
    <p class='ocr_par' dir='ltr' id='par_1_8' title="bbox 98 1854 130 1880">
     <span class='ocr_line' id='line_1_11' title="bbox 98 1854 130 1880; baseline -0.031 0"><span class='ocrx_word' id='word_1_58' title='bbox 98 1854 130 1880; x_wconf 83' lang='lat'>30</span> 
     </span>
    </p>
   </div>
   <div class='ocr_carea' id='block_1_9' title="bbox 98 2121 130 2145">
    <p class='ocr_par' dir='ltr' id='par_1_9' title="bbox 98 2121 130 2145">
     <span class='ocr_line' id='line_1_12' title="bbox 98 2121 130 2145; baseline 0 0"><span class='ocrx_word' id='word_1_59' title='bbox 98 2121 130 2145; x_wconf 82' lang='lat'>35</span> 
     </span>
    </p>
   </div>
   <div class='ocr_carea' id='block_1_10' title="bbox 99 2386 131 2411">
    <p class='ocr_par' dir='ltr' id='par_1_10' title="bbox 99 2386 131 2411">
     <span class='ocr_line' id='line_1_13' title="bbox 99 2386 131 2411; baseline 0 0"><span class='ocrx_word' id='word_1_60' title='bbox 99 2386 131 2411; x_wconf 83' lang='lat'>40</span> 
     </span>
    </p>
   </div>
   <div class='ocr_carea' id='block_1_11' title="bbox 167 563 1815 2576">
    <p class='ocr_par' dir='ltr' id='par_1_11' title="bbox 167 563 1812 930">
     <span class='ocr_line' id='line_1_14' title="bbox 167 563 1811 612; baseline 0.001 -12"><span class='ocrx_word' id='word_1_61' title='bbox 167 564 363 601; x_wconf 87' lang='lat' dir='ltr'>tissimam</span> <span class='ocrx_word' id='word_1_62' title='bbox 380 563 418 600; x_wconf 91' lang='grc'>8(</span> <span class='ocrx_word' id='word_1_63' title='bbox 434 565 682 611; x_wconf 84' lang='lat' dir='ltr'><strong>proximam</strong></span> <span class='ocrx_word' id='word_1_64' title='bbox 696 564 939 602; x_wconf 82' lang='lat' dir='ltr'>distantiam</span> <span class='ocrx_word' id='word_1_65' title='bbox 952 576 1004 602; x_wconf 93' lang='lat' dir='ltr'>eo</span> <span class='ocrx_word' id='word_1_66' title='bbox 1017 565 1191 612; x_wconf 85' lang='lat' dir='ltr'>vespere</span> <span class='ocrx_word' id='word_1_67' title='bbox 1203 576 1229 602; x_wconf 94' lang='lat' dir='ltr'>a</span> <span class='ocrx_word' id='word_1_68' title='bbox 1241 564 1366 601; x_wconf 91' lang='lat' dir='ltr'>nobis</span> <span class='ocrx_word' id='word_1_69' title='bbox 1379 563 1679 607; x_wconf 81' lang='lat' dir='ltr'>Obseruatam‚</span> <span class='ocrx_word' id='word_1_70' title='bbox 1697 576 1811 602; x_wconf 91' lang='lat' dir='ltr'>com-</span> 
     </span>
     <span class='ocr_line' id='line_1_15' title="bbox 167 616 1812 664; baseline 0.001 -10"><span class='ocrx_word' id='word_1_71' title='bbox 167 618 331 664; x_wconf 90' lang='lat' dir='ltr'>peritur</span> <span class='ocrx_word' id='word_1_72' title='bbox 352 628 454 654; x_wconf 93' lang='lat' dir='ltr'>eum</span> <span class='ocrx_word' id='word_1_73' title='bbox 474 617 620 654; x_wconf 91' lang='lat' dir='ltr'>medio</span> <span class='ocrx_word' id='word_1_74' title='bbox 640 617 773 654; x_wconf 88' lang='lat' dir='ltr'>modo</span> <span class='ocrx_word' id='word_1_75' title='bbox 795 617 971 655; x_wconf 87' lang='lat' dir='ltr'>distitisse</span> <span class='ocrx_word' id='word_1_76' title='bbox 990 617 1044 656; x_wconf 93' lang='lat' dir='ltr'>ab</span> <span class='ocrx_word' id='word_1_77' title='bbox 1062 618 1150 656; x_wconf 90' lang='lat' dir='ltr'>Ore</span> <span class='ocrx_word' id='word_1_78' title='bbox 1167 616 1323 664; x_wconf 87' lang='lat' dir='ltr'>Pegafi,</span> <span class='ocrx_word' id='word_1_79' title='bbox 1345 617 1387 654; x_wconf 88' lang='lat' dir='ltr'>P.</span> <span class='ocrx_word' id='word_1_80' title='bbox 1405 617 1440 654; x_wconf 84' lang='lat'>9.</span> <span class='ocrx_word' id='word_1_81' title='bbox 1459 617 1521 654; x_wconf 89' lang='grc' dir='ltr'>Μ.</span> <span class='ocrx_word' id='word_1_82' title='bbox 1539 617 1592 654; x_wconf 88' lang='grc'>15.</span> <span class='ocrx_word' id='word_1_83' title='bbox 1615 617 1746 663; x_wconf 91' lang='lat' dir='ltr'>Quod</span> <span class='ocrx_word' id='word_1_84' title='bbox 1767 620 1812 655; x_wconf 90' lang='lat' dir='ltr'>in</span> 
     </span>
     <span class='ocr_line' id='line_1_16' title="bbox 167 669 1811 718; baseline 0.001 -11"><span class='ocrx_word' id='word_1_85' title='bbox 167 681 255 707; x_wconf 93' lang='lat' dir='ltr'>vno</span> <span class='ocrx_word' id='word_1_86' title='bbox 276 669 425 707; x_wconf 84' lang='lat' dir='ltr'>saltem</span> <span class='ocrx_word' id='word_1_87' title='bbox 445 669 646 716; x_wconf 91' lang='lat' dir='ltr'>scrupulo</span> <span class='ocrx_word' id='word_1_88' title='bbox 667 670 896 708; x_wconf 82' lang='lat' dir='ltr'>insenfibili</span> <span class='ocrx_word' id='word_1_89' title='bbox 917 671 971 708; x_wconf 91' lang='lat' dir='ltr'>ab</span> <span class='ocrx_word' id='word_1_90' title='bbox 992 670 1122 718; x_wconf 80' lang='lat' dir='ltr'>ipsius</span> <span class='ocrx_word' id='word_1_91' title='bbox 1143 670 1458 708; x_wconf 88' lang='lat' dir='ltr'>Obseruatione</span> <span class='ocrx_word' id='word_1_92' title='bbox 1480 669 1668 707; x_wconf 88' lang='lat' dir='ltr'>dissentit.</span> <span class='ocrx_word' id='word_1_93' title='bbox 1687 670 1811 708; x_wconf 86' lang='lat' dir='ltr'>Vnde</span> 
     </span>
     <span class='ocr_line' id='line_1_17' title="bbox 167 722 1809 771; baseline 0.001 -11"><span class='ocrx_word' id='word_1_94' title='bbox 167 722 265 761; x_wconf 86' lang='lat' dir='ltr'>satis</span> <span class='ocrx_word' id='word_1_95' title='bbox 281 723 506 760; x_wconf 87' lang='lat' dir='ltr'>euidenter</span> <span class='ocrx_word' id='word_1_96' title='bbox 523 723 714 760; x_wconf 88' lang='lat' dir='ltr'>constare</span> <span class='ocrx_word' id='word_1_97' title='bbox 735 726 902 770; x_wconf 90' lang='lat' dir='ltr'>poterit,</span> <span class='ocrx_word' id='word_1_98' title='bbox 923 724 1051 771; x_wconf 89' lang='lat' dir='ltr'>supra</span> <span class='ocrx_word' id='word_1_99' title='bbox 1068 724 1241 761; x_wconf 88' lang='lat' dir='ltr'>Lunam</span> <span class='ocrx_word' id='word_1_100' title='bbox 1257 723 1384 770; x_wconf 85' lang='lat' dir='ltr'>longe</span> <span class='ocrx_word' id='word_1_101' title='bbox 1403 724 1573 760; x_wconf 89' lang='lat' dir='ltr'>extitisse</span> <span class='ocrx_word' id='word_1_102' title='bbox 1591 722 1709 761; x_wconf 92' lang='lat' dir='ltr'>hunc</span> <span class='ocrx_word' id='word_1_103' title='bbox 1727 723 1809 761; x_wconf 93' lang='lat' dir='ltr'>Co-</span> 
     </span>
     <span class='ocr_line' id='line_1_18' title="bbox 167 776 1809 823; baseline 0.001 -10"><span class='ocrx_word' id='word_1_104' title='bbox 167 780 342 820; x_wconf 88' lang='lat' dir='ltr'>metam,</span> <span class='ocrx_word' id='word_1_105' title='bbox 364 787 469 813; x_wconf 92' lang='lat' dir='ltr'>nam</span> <span class='ocrx_word' id='word_1_106' title='bbox 486 776 649 814; x_wconf 84' lang='lat' dir='ltr'>etiamsi</span> <span class='ocrx_word' id='word_1_107' title='bbox 665 779 908 815; x_wconf 83' lang='lat' dir='ltr'>maximam</span> <span class='ocrx_word' id='word_1_108' title='bbox 924 776 1215 815; x_wconf 82' lang='lat' dir='ltr'>differentiam</span> <span class='ocrx_word' id='word_1_109' title='bbox 1231 776 1541 819; x_wconf 79' lang='lat' dir='ltr'>distantiarum,</span> <span class='ocrx_word' id='word_1_110' title='bbox 1564 788 1664 823; x_wconf 86' lang='lat' dir='ltr'>quae</span> <span class='ocrx_word' id='word_1_111' title='bbox 1681 782 1771 814; x_wconf 90' lang='lat' dir='ltr'>erat</span> <span class='ocrx_word' id='word_1_112' title='bbox 1787 777 1809 814; x_wconf 88' lang='grc'>5</span> 
     </span>
     <span class='ocr_line' id='line_1_19' title="bbox 168 828 1812 876; baseline 0.001 -10"><span class='ocrx_word' id='word_1_113' title='bbox 168 829 471 876; x_wconf 85' lang='lat' dir='ltr'>scrupulorum</span> <span class='ocrx_word' id='word_1_114' title='bbox 493 830 767 874; x_wconf 89' lang='lat' dir='ltr'>assumamus‚</span> <span class='ocrx_word' id='word_1_115' title='bbox 794 836 942 867; x_wconf 90' lang='lat' dir='ltr'>tamen</span> <span class='ocrx_word' id='word_1_116' title='bbox 965 830 1153 868; x_wconf 86' lang='lat' dir='ltr'>necdum</span> <span class='ocrx_word' id='word_1_117' title='bbox 1176 829 1364 867; x_wconf 90' lang='lat' dir='ltr'>multum</span> <span class='ocrx_word' id='word_1_118' title='bbox 1388 828 1501 866; x_wconf 87' lang='lat' dir='ltr'>infra</span> <span class='ocrx_word' id='word_1_119' title='bbox 1524 829 1696 867; x_wconf 90' lang='lat' dir='ltr'>Lunam</span> <span class='ocrx_word' id='word_1_120' title='bbox 1720 832 1812 867; x_wconf 92' lang='lat' dir='ltr'>eius</span> 
     </span>
     <span class='ocr_line' id='line_1_20' title="bbox 169 882 1646 930; baseline -0.001 -10"><span class='ocrx_word' id='word_1_121' title='bbox 169 882 293 920; x_wconf 89' lang='lat' dir='ltr'>fitum</span> <span class='ocrx_word' id='word_1_122' title='bbox 309 882 476 926; x_wconf 88' lang='lat' dir='ltr'>cadere,</span> <span class='ocrx_word' id='word_1_123' title='bbox 494 882 791 920; x_wconf 87' lang='lat' dir='ltr'>Parallaxium</span> <span class='ocrx_word' id='word_1_124' title='bbox 806 885 916 921; x_wconf 87' lang='lat' dir='ltr'>ratio</span> <span class='ocrx_word' id='word_1_125' title='bbox 933 883 1128 930; x_wconf 92' lang='lat' dir='ltr'>superius</span> <span class='ocrx_word' id='word_1_126' title='bbox 1145 882 1435 920; x_wconf 88' lang='lat' dir='ltr'>demonstrata</span> <span class='ocrx_word' id='word_1_127' title='bbox 1451 882 1646 919; x_wconf 87' lang='lat' dir='ltr'>admittit.</span> 
     </span>
    </p>

    <p class='ocr_par' dir='ltr' id='par_1_12' title="bbox 168 935 1815 1461">
     <span class='ocr_line' id='line_1_21' title="bbox 222 935 1813 983; baseline 0.001 -11"><span class='ocrx_word' id='word_1_128' title='bbox 222 935 295 973; x_wconf 90' lang='lat' dir='ltr'>Ast</span> <span class='ocrx_word' id='word_1_129' title='bbox 314 935 466 973; x_wconf 91' lang='lat' dir='ltr'>vltimo</span> <span class='ocrx_word' id='word_1_130' title='bbox 488 935 743 974; x_wconf 86' lang='lat' dir='ltr'>Decembris</span> <span class='ocrx_word' id='word_1_131' title='bbox 764 936 833 974; x_wconf 91' lang='lat' dir='ltr'>die</span> <span class='ocrx_word' id='word_1_132' title='bbox 857 936 1150 983; x_wconf 85' lang='lat' dir='ltr'>(Intermediae</span> <span class='ocrx_word' id='word_1_133' title='bbox 1172 937 1291 973; x_wconf 91' lang='lat' dir='ltr'>enim</span> <span class='ocrx_word' id='word_1_134' title='bbox 1311 935 1519 973; x_wconf 85' lang='lat' dir='ltr'>distantiae</span> <span class='ocrx_word' id='word_1_135' title='bbox 1541 936 1658 982; x_wconf 90' lang='lat' dir='ltr'>apud</span> <span class='ocrx_word' id='word_1_136' title='bbox 1681 936 1813 973; x_wconf 89' lang='lat' dir='ltr'>Gem—</span> 
     </span>
     <span class='ocr_line' id='line_1_22' title="bbox 169 988 1814 1037; baseline 0 -11"><span class='ocrx_word' id='word_1_137' title='bbox 169 1000 289 1026; x_wconf 91' lang='lat' dir='ltr'>mam</span> <span class='ocrx_word' id='word_1_138' title='bbox 309 990 457 1026; x_wconf 90' lang='lat' dir='ltr'>minus</span> <span class='ocrx_word' id='word_1_139' title='bbox 477 994 606 1026; x_wconf 89' lang='lat' dir='ltr'>certae</span> <span class='ocrx_word' id='word_1_140' title='bbox 626 989 733 1033; x_wconf 91' lang='lat' dir='ltr'>sunt,</span> <span class='ocrx_word' id='word_1_141' title='bbox 754 1000 834 1027; x_wconf 93' lang='lat' dir='ltr'>nec</span> <span class='ocrx_word' id='word_1_142' title='bbox 855 989 1029 1037; x_wconf 82' lang='lat' dir='ltr'>sibijpfis</span> <span class='ocrx_word' id='word_1_143' title='bbox 1045 988 1445 1035; x_wconf 87' lang='lat' dir='ltr'>correspondentes)</span> <span class='ocrx_word' id='word_1_144' title='bbox 1467 1000 1567 1026; x_wconf 91' lang='lat' dir='ltr'>cum</span> <span class='ocrx_word' id='word_1_145' title='bbox 1589 988 1674 1035; x_wconf 91' lang='lat' dir='ltr'>ipse</span> <span class='ocrx_word' id='word_1_146' title='bbox 1693 991 1814 1035; x_wconf 87' lang='lat' dir='ltr'>ponit</span> 
     </span>
     <span class='ocr_line' id='line_1_23' title="bbox 169 1041 1814 1090; baseline 0 -11"><span class='ocrx_word' id='word_1_147' title='bbox 169 1042 540 1089; x_wconf 88' lang='lat' dir='ltr'>intercapedinem</span> <span class='ocrx_word' id='word_1_148' title='bbox 563 1042 618 1080; x_wconf 89' lang='lat' dir='ltr'>ab</span> <span class='ocrx_word' id='word_1_149' title='bbox 642 1042 730 1080; x_wconf 90' lang='lat' dir='ltr'>Ore</span> <span class='ocrx_word' id='word_1_150' title='bbox 753 1042 909 1090; x_wconf 78' lang='lat' dir='ltr'>Pegasi,</span> <span class='ocrx_word' id='word_1_151' title='bbox 934 1043 975 1080; x_wconf 89' lang='lat' dir='ltr'>P.</span> <span class='ocrx_word' id='word_1_152' title='bbox 998 1042 1051 1080; x_wconf 88' lang='lat'>13.</span> <span class='ocrx_word' id='word_1_153' title='bbox 1074 1042 1136 1080; x_wconf 89' lang='lat' dir='ltr'>M.</span> <span class='ocrx_word' id='word_1_154' title='bbox 1159 1042 1221 1086; x_wconf 89' lang='lat'>48,</span> <span class='ocrx_word' id='word_1_155' title='bbox 1246 1053 1327 1079; x_wconf 93' lang='lat' dir='ltr'>nos</span> <span class='ocrx_word' id='word_1_156' title='bbox 1350 1041 1537 1079; x_wconf 90' lang='lat' dir='ltr'>eandem</span> <span class='ocrx_word' id='word_1_157' title='bbox 1560 1043 1814 1079; x_wconf 89' lang='lat' dir='ltr'>inuenimus</span> 
     </span>
     <span class='ocr_line' id='line_1_24' title="bbox 169 1095 1814 1143; baseline 0 -11"><span class='ocrx_word' id='word_1_158' title='bbox 169 1096 367 1142; x_wconf 87' lang='lat' dir='ltr'>proxime</span> <span class='ocrx_word' id='word_1_159' title='bbox 383 1095 423 1132; x_wconf 93' lang='lat'>14</span> <span class='ocrx_word' id='word_1_160' title='bbox 440 1095 668 1142; x_wconf 90' lang='lat' dir='ltr'>graduum,</span> <span class='ocrx_word' id='word_1_161' title='bbox 686 1095 806 1142; x_wconf 86' lang='lat' dir='ltr'>quasi</span> <span class='ocrx_word' id='word_1_162' title='bbox 822 1097 974 1143; x_wconf 91' lang='lat' dir='ltr'>quinta</span> <span class='ocrx_word' id='word_1_163' title='bbox 990 1096 1148 1143; x_wconf 87' lang='lat' dir='ltr'>gradus</span> <span class='ocrx_word' id='word_1_164' title='bbox 1164 1100 1285 1142; x_wconf 87' lang='lat' dir='ltr'>parte</span> <span class='ocrx_word' id='word_1_165' title='bbox 1301 1096 1528 1137; x_wconf 86' lang='lat' dir='ltr'>maiorem,</span> <span class='ocrx_word' id='word_1_166' title='bbox 1550 1106 1651 1132; x_wconf 91' lang='lat' dir='ltr'>cum</span> <span class='ocrx_word' id='word_1_167' title='bbox 1666 1100 1814 1132; x_wconf 89' lang='lat' dir='ltr'>tamen</span> 
     </span>
     <span class='ocr_line' id='line_1_25' title="bbox 169 1147 1814 1195; baseline -0.001 -9"><span class='ocrx_word' id='word_1_168' title='bbox 169 1150 314 1186; x_wconf 90' lang='lat' dir='ltr'>minor</span> <span class='ocrx_word' id='word_1_169' title='bbox 333 1147 405 1186; x_wconf 85' lang='lat' dir='ltr'>hic</span> <span class='ocrx_word' id='word_1_170' title='bbox 426 1149 626 1193; x_wconf 86' lang='lat' dir='ltr'>extitisset,</span> <span class='ocrx_word' id='word_1_171' title='bbox 648 1148 677 1186; x_wconf 87' lang='lat' dir='ltr'>fi</span> <span class='ocrx_word' id='word_1_172' title='bbox 695 1151 740 1186; x_wconf 89' lang='lat' dir='ltr'>in</span> <span class='ocrx_word' id='word_1_173' title='bbox 757 1148 1023 1186; x_wconf 90' lang='lat' dir='ltr'>Elementari</span> <span class='ocrx_word' id='word_1_174' title='bbox 1040 1149 1215 1186; x_wconf 92' lang='lat' dir='ltr'>Mundo</span> <span class='ocrx_word' id='word_1_175' title='bbox 1231 1147 1363 1185; x_wconf 85' lang='lat' dir='ltr'>fuisset</span> <span class='ocrx_word' id='word_1_176' title='bbox 1380 1148 1583 1191; x_wconf 88' lang='lat' dir='ltr'>Cometa;</span> <span class='ocrx_word' id='word_1_177' title='bbox 1604 1148 1814 1195; x_wconf 81' lang='lat' dir='ltr'>siquidem</span> 
     </span>
     <span class='ocr_line' id='line_1_26' title="bbox 169 1200 1814 1249; baseline -0.001 -10"><span class='ocrx_word' id='word_1_178' title='bbox 169 1201 282 1239; x_wconf 91' lang='lat' dir='ltr'>infra</span> <span class='ocrx_word' id='word_1_179' title='bbox 299 1200 532 1239; x_wconf 88' lang='lat' dir='ltr'>Cometam</span> <span class='ocrx_word' id='word_1_180' title='bbox 548 1201 694 1239; x_wconf 88' lang='lat' dir='ltr'>versus</span> <span class='ocrx_word' id='word_1_181' title='bbox 711 1202 1015 1246; x_wconf 90' lang='lat' dir='ltr'>Horizontem‚</span> <span class='ocrx_word' id='word_1_182' title='bbox 1037 1201 1157 1249; x_wconf 85' lang='lat' dir='ltr'>quafi</span> <span class='ocrx_word' id='word_1_183' title='bbox 1178 1204 1224 1239; x_wconf 95' lang='lat' dir='ltr'>in</span> <span class='ocrx_word' id='word_1_184' title='bbox 1245 1201 1400 1239; x_wconf 90' lang='lat' dir='ltr'>eodem</span> <span class='ocrx_word' id='word_1_185' title='bbox 1416 1201 1609 1238; x_wconf 89' lang='lat' dir='ltr'>verticali</span> <span class='ocrx_word' id='word_1_186' title='bbox 1631 1201 1814 1239; x_wconf 90' lang='lat' dir='ltr'>colloca-</span> 
     </span>
     <span class='ocr_line' id='line_1_27' title="bbox 168 1254 1815 1303; baseline 0 -11"><span class='ocrx_word' id='word_1_187' title='bbox 168 1254 295 1292; x_wconf 88' lang='lat' dir='ltr'>batur</span> <span class='ocrx_word' id='word_1_188' title='bbox 317 1254 450 1293; x_wconf 91' lang='lat' dir='ltr'>Stella</span> <span class='ocrx_word' id='word_1_189' title='bbox 472 1256 517 1292; x_wconf 92' lang='lat' dir='ltr'>in</span> <span class='ocrx_word' id='word_1_190' title='bbox 539 1255 626 1293; x_wconf 89' lang='lat' dir='ltr'>Ore</span> <span class='ocrx_word' id='word_1_191' title='bbox 650 1255 805 1303; x_wconf 84' lang='lat' dir='ltr'>Pegasi.</span> <span class='ocrx_word' id='word_1_192' title='bbox 831 1255 1044 1293; x_wconf 88' lang='lat' dir='ltr'>Distantia</span> <span class='ocrx_word' id='word_1_193' title='bbox 1066 1254 1239 1302; x_wconf 93' lang='lat' dir='ltr'>insuper</span> <span class='ocrx_word' id='word_1_194' title='bbox 1261 1266 1338 1302; x_wconf 91' lang='lat' dir='ltr'>per</span> <span class='ocrx_word' id='word_1_195' title='bbox 1361 1266 1463 1292; x_wconf 92' lang='lat' dir='ltr'>eum</span> <span class='ocrx_word' id='word_1_196' title='bbox 1487 1255 1541 1292; x_wconf 90' lang='lat' dir='ltr'>ab</span> <span class='ocrx_word' id='word_1_197' title='bbox 1562 1254 1648 1292; x_wconf 87' lang='lat' dir='ltr'>Ala</span> <span class='ocrx_word' id='word_1_198' title='bbox 1672 1254 1815 1302; x_wconf 84' lang='lat' dir='ltr'>Pegafi</span> 
     </span>
     <span class='ocr_line' id='line_1_28' title="bbox 169 1307 1814 1356; baseline -0.001 -10"><span class='ocrx_word' id='word_1_199' title='bbox 169 1313 357 1354; x_wconf 88' lang='lat' dir='ltr'>accepta,</span> <span class='ocrx_word' id='word_1_200' title='bbox 379 1319 514 1355; x_wconf 88' lang='lat' dir='ltr'>quarn</span> <span class='ocrx_word' id='word_1_201' title='bbox 535 1320 615 1346; x_wconf 87' lang='lat' dir='ltr'>nos</span> <span class='ocrx_word' id='word_1_202' title='bbox 636 1310 824 1356; x_wconf 87' lang='lat' dir='ltr'>primam</span> <span class='ocrx_word' id='word_1_203' title='bbox 844 1308 960 1346; x_wconf 92' lang='lat' dir='ltr'>Colli</span> <span class='ocrx_word' id='word_1_204' title='bbox 981 1308 1268 1356; x_wconf 87' lang='lat' dir='ltr'>appellamus,</span> <span class='ocrx_word' id='word_1_205' title='bbox 1290 1307 1478 1345; x_wconf 89' lang='lat' dir='ltr'>nostram</span> <span class='ocrx_word' id='word_1_206' title='bbox 1499 1309 1645 1355; x_wconf 89' lang='lat' dir='ltr'>quinis</span> <span class='ocrx_word' id='word_1_207' title='bbox 1665 1307 1814 1345; x_wconf 91' lang='lat' dir='ltr'>saltem</span> 
     </span>
     <span class='ocr_line' id='line_1_29' title="bbox 169 1361 1813 1409; baseline -0.001 -10"><span class='ocrx_word' id='word_1_208' title='bbox 169 1361 378 1408; x_wconf 88' lang='lat' dir='ltr'>scrupulis</span> <span class='ocrx_word' id='word_1_209' title='bbox 399 1361 606 1399; x_wconf 84' lang='lat' dir='ltr'>excedere</span> <span class='ocrx_word' id='word_1_210' title='bbox 627 1361 979 1409; x_wconf 90' lang='lat' dir='ltr'>deprehenditur,</span> <span class='ocrx_word' id='word_1_211' title='bbox 1001 1373 1101 1399; x_wconf 91' lang='lat' dir='ltr'>cum</span> <span class='ocrx_word' id='word_1_212' title='bbox 1120 1367 1284 1399; x_wconf 89' lang='lat' dir='ltr'>tamem</span> <span class='ocrx_word' id='word_1_213' title='bbox 1304 1363 1459 1398; x_wconf 90' lang='lat' dir='ltr'>merito</span> <span class='ocrx_word' id='word_1_214' title='bbox 1480 1363 1626 1398; x_wconf 89' lang='lat' dir='ltr'>minor</span> <span class='ocrx_word' id='word_1_215' title='bbox 1647 1361 1723 1398; x_wconf 89' lang='lat' dir='ltr'>esse</span> <span class='ocrx_word' id='word_1_216' title='bbox 1744 1361 1813 1398; x_wconf 89' lang='lat' dir='ltr'>de-</span> 
     </span>
     <span class='ocr_line' id='line_1_30' title="bbox 168 1414 1813 1461; baseline -0.001 -9"><span class='ocrx_word' id='word_1_217' title='bbox 168 1414 325 1458; x_wconf 87' lang='lat' dir='ltr'>buisset,</span> <span class='ocrx_word' id='word_1_218' title='bbox 346 1414 375 1452; x_wconf 87' lang='lat' dir='ltr'>fi</span> <span class='ocrx_word' id='word_1_219' title='bbox 396 1414 684 1453; x_wconf 90' lang='lat' dir='ltr'>Elementaris</span> <span class='ocrx_word' id='word_1_220' title='bbox 705 1416 894 1453; x_wconf 86' lang='lat' dir='ltr'>extitisset</span> <span class='ocrx_word' id='word_1_221' title='bbox 911 1415 1109 1459; x_wconf 89' lang='lat' dir='ltr'>Cometa,</span> <span class='ocrx_word' id='word_1_222' title='bbox 1131 1426 1236 1453; x_wconf 87' lang='lat' dir='ltr'>nam</span> <span class='ocrx_word' id='word_1_223' title='bbox 1252 1414 1385 1452; x_wconf 88' lang='lat' dir='ltr'>Stella</span> <span class='ocrx_word' id='word_1_224' title='bbox 1405 1414 1480 1452; x_wconf 91' lang='lat' dir='ltr'>illa</span> <span class='ocrx_word' id='word_1_225' title='bbox 1497 1420 1588 1452; x_wconf 87' lang='lat' dir='ltr'>erat</span> <span class='ocrx_word' id='word_1_226' title='bbox 1608 1414 1813 1461; x_wconf 91' lang='lat' dir='ltr'>superior.</span> 
     </span>
    </p>

    <p class='ocr_par' dir='ltr' id='par_1_13' title="bbox 167 1467 1815 1994">
     <span class='ocr_line' id='line_1_31' title="bbox 222 1467 1814 1515; baseline -0.001 -10"><span class='ocrx_word' id='word_1_227' title='bbox 222 1469 368 1515; x_wconf 89' lang='lat' dir='ltr'>Atque</span> <span class='ocrx_word' id='word_1_228' title='bbox 384 1467 455 1506; x_wconf 84' lang='lat' dir='ltr'>hae</span> <span class='ocrx_word' id='word_1_229' title='bbox 469 1467 564 1505; x_wconf 92' lang='lat' dir='ltr'>sunt</span> <span class='ocrx_word' id='word_1_230' title='bbox 575 1470 811 1515; x_wconf 86' lang='lat' dir='ltr'>praecipuae</span> <span class='ocrx_word' id='word_1_231' title='bbox 825 1468 1163 1506; x_wconf 86' lang='lat' dir='ltr'>Obseruationes</span> <span class='ocrx_word' id='word_1_232' title='bbox 1175 1480 1201 1506; x_wconf 90' lang='lat' dir='ltr'>a</span> <span class='ocrx_word' id='word_1_233' title='bbox 1213 1468 1422 1506; x_wconf 90' lang='lat' dir='ltr'>Cornelio</span> <span class='ocrx_word' id='word_1_234' title='bbox 1436 1467 1628 1505; x_wconf 87' lang='lat' dir='ltr'>Gemma</span> <span class='ocrx_word' id='word_1_235' title='bbox 1639 1467 1814 1511; x_wconf 75' lang='lat' dir='ltr'>habitae,</span> 
     </span>
     <span class='ocr_line' id='line_1_32' title="bbox 170 1520 1815 1569; baseline -0.001 -10"><span class='ocrx_word' id='word_1_236' title='bbox 170 1533 279 1568; x_wconf 90' lang='lat' dir='ltr'>quas</span> <span class='ocrx_word' id='word_1_237' title='bbox 291 1532 392 1559; x_wconf 90' lang='lat' dir='ltr'>cum</span> <span class='ocrx_word' id='word_1_238' title='bbox 403 1521 553 1559; x_wconf 87' lang='lat' dir='ltr'>nostris</span> <span class='ocrx_word' id='word_1_239' title='bbox 566 1521 762 1559; x_wconf 89' lang='lat' dir='ltr'>conferre</span> <span class='ocrx_word' id='word_1_240' title='bbox 774 1522 905 1565; x_wconf 90' lang='lat' dir='ltr'>licuit,</span> <span class='ocrx_word' id='word_1_241' title='bbox 922 1533 1027 1559; x_wconf 89' lang='lat' dir='ltr'>nam</span> <span class='ocrx_word' id='word_1_242' title='bbox 1039 1521 1261 1569; x_wconf 87' lang='lat' dir='ltr'>pleraeque</span> <span class='ocrx_word' id='word_1_243' title='bbox 1274 1521 1327 1559; x_wconf 89' lang='lat' dir='ltr'>ab</span> <span class='ocrx_word' id='word_1_244' title='bbox 1339 1521 1429 1568; x_wconf 92' lang='lat' dir='ltr'>ipso</span> <span class='ocrx_word' id='word_1_245' title='bbox 1442 1520 1708 1565; x_wconf 85' lang='lat' dir='ltr'>Obseruatae‚</span> <span class='ocrx_word' id='word_1_246' title='bbox 1723 1532 1815 1559; x_wconf 89' lang='lat' dir='ltr'>non</span> 
     </span>
     <span class='ocr_line' id='line_1_33' title="bbox 170 1574 1813 1622; baseline 0 -10"><span class='ocrx_word' id='word_1_247' title='bbox 170 1575 420 1612; x_wconf 86' lang='lat' dir='ltr'>coincidunt</span> <span class='ocrx_word' id='word_1_248' title='bbox 436 1576 481 1612; x_wconf 89' lang='lat' dir='ltr'>in</span> <span class='ocrx_word' id='word_1_249' title='bbox 498 1586 572 1612; x_wconf 88' lang='lat' dir='ltr'>eos</span> <span class='ocrx_word' id='word_1_250' title='bbox 589 1575 692 1619; x_wconf 87' lang='lat' dir='ltr'>dies,</span> <span class='ocrx_word' id='word_1_251' title='bbox 710 1575 868 1622; x_wconf 91' lang='lat' dir='ltr'>quibus</span> <span class='ocrx_word' id='word_1_252' title='bbox 884 1574 955 1613; x_wconf 84' lang='lat' dir='ltr'>hic</span> <span class='ocrx_word' id='word_1_253' title='bbox 972 1575 1172 1612; x_wconf 90' lang='lat' dir='ltr'>serenum</span> <span class='ocrx_word' id='word_1_254' title='bbox 1189 1576 1335 1617; x_wconf 85' lang='lat' dir='ltr'>extitit,</span> <span class='ocrx_word' id='word_1_255' title='bbox 1357 1585 1511 1621; x_wconf 87' lang='lat' dir='ltr'>paucae</span> <span class='ocrx_word' id='word_1_256' title='bbox 1529 1576 1660 1611; x_wconf 90' lang='lat' dir='ltr'>etiam</span> <span class='ocrx_word' id='word_1_257' title='bbox 1676 1576 1721 1611; x_wconf 92' lang='lat' dir='ltr'>in</span> <span class='ocrx_word' id='word_1_258' title='bbox 1738 1585 1813 1612; x_wconf 91' lang='lat' dir='ltr'>eos</span> 
     </span>
     <span class='ocr_line' id='line_1_34' title="bbox 168 1624 1812 1677; baseline -0.001 -12"><span class='ocrx_word' id='word_1_259' title='bbox 168 1628 327 1675; x_wconf 93' lang='lat' dir='ltr'>quibus</span> <span class='ocrx_word' id='word_1_260' title='bbox 343 1628 492 1675; x_wconf 88' lang='lat' dir='ltr'>Pragae</span> <span class='ocrx_word' id='word_1_261' title='bbox 510 1628 737 1666; x_wconf 88' lang='lat' dir='ltr'>Bohemiae</span> <span class='ocrx_word' id='word_1_262' title='bbox 755 1628 922 1666; x_wconf 90' lang='lat' dir='ltr'>clarum</span> <span class='ocrx_word' id='word_1_263' title='bbox 940 1628 1119 1666; x_wconf 88' lang='lat' dir='ltr'>Coelum</span> <span class='ocrx_word' id='word_1_264' title='bbox 1135 1628 1288 1671; x_wconf 86' lang='lat' dir='ltr'>illuxit,</span> <span class='ocrx_word' id='word_1_265' title='bbox 1306 1624 1320 1677; x_wconf 76' lang='grc' dir='ltr'>ΙΙ</span> <span class='ocrx_word' id='word_1_266' title='bbox 1336 1632 1379 1664; x_wconf 88' lang='lat' dir='ltr'>vt</span> <span class='ocrx_word' id='word_1_267' title='bbox 1396 1639 1449 1665; x_wconf 88' lang='lat' dir='ltr'>ex</span> <span class='ocrx_word' id='word_1_268' title='bbox 1465 1627 1646 1665; x_wconf 89' lang='lat' dir='ltr'>Taddaei</span> <span class='ocrx_word' id='word_1_269' title='bbox 1662 1627 1812 1665; x_wconf 90' lang='lat' dir='ltr'>Obser-</span> 
     </span>
     <span class='ocr_line' id='line_1_35' title="bbox 168 1680 1812 1729; baseline 0.001 -11"><span class='ocrx_word' id='word_1_270' title='bbox 168 1680 420 1719; x_wconf 91' lang='lat' dir='ltr'>uationibus</span> <span class='ocrx_word' id='word_1_271' title='bbox 441 1681 642 1729; x_wconf 88' lang='lat' dir='ltr'>colligere</span> <span class='ocrx_word' id='word_1_272' title='bbox 663 1681 817 1719; x_wconf 89' lang='lat' dir='ltr'>licebit.</span> <span class='ocrx_word' id='word_1_273' title='bbox 840 1681 965 1719; x_wconf 91' lang='lat' dir='ltr'>Vnde</span> <span class='ocrx_word' id='word_1_274' title='bbox 986 1682 1041 1724; x_wconf 86' lang='lat' dir='ltr'>id,</span> <span class='ocrx_word' id='word_1_275' title='bbox 1063 1681 1115 1719; x_wconf 91' lang='lat' dir='ltr'>de</span> <span class='ocrx_word' id='word_1_276' title='bbox 1132 1693 1220 1728; x_wconf 92' lang='lat' dir='ltr'>quo</span> <span class='ocrx_word' id='word_1_277' title='bbox 1238 1680 1684 1728; x_wconf 87' lang='lat' dir='ltr'>Meteorologicarum</span> <span class='ocrx_word' id='word_1_278' title='bbox 1704 1692 1812 1728; x_wconf 84' lang='lat' dir='ltr'>prae-</span> 
     </span>
     <span class='ocr_line' id='line_1_36' title="bbox 167 1732 1812 1782; baseline 0 -10"><span class='ocrx_word' id='word_1_279' title='bbox 167 1732 407 1773; x_wconf 67' lang='lat' dir='ltr'>dictionum</span> <span class='ocrx_word' id='word_1_280' title='bbox 420 1734 590 1772; x_wconf 88' lang='lat' dir='ltr'>asseclas</span> <span class='ocrx_word' id='word_1_281' title='bbox 602 1734 798 1782; x_wconf 90' lang='lat' dir='ltr'>superius</span> <span class='ocrx_word' id='word_1_282' title='bbox 810 1735 1035 1779; x_wconf 87' lang='lat' dir='ltr'>admonui,</span> <span class='ocrx_word' id='word_1_283' title='bbox 1047 1734 1314 1772; x_wconf 89' lang='lat' dir='ltr'>manifestius</span> <span class='ocrx_word' id='word_1_284' title='bbox 1327 1733 1485 1777; x_wconf 89' lang='lat' dir='ltr'>euadit,</span> <span class='ocrx_word' id='word_1_285' title='bbox 1501 1733 1652 1772; x_wconf 90' lang='lat' dir='ltr'>Sobrie</span> <span class='ocrx_word' id='word_1_286' title='bbox 1665 1733 1703 1771; x_wconf 88' lang='lat'>&amp;</span> <span class='ocrx_word' id='word_1_287' title='bbox 1714 1746 1812 1782; x_wconf 90' lang='lat' dir='ltr'>pru-</span> 
     </span>
     <span class='ocr_line' id='line_1_37' title="bbox 167 1787 1813 1835; baseline -0.001 -10"><span class='ocrx_word' id='word_1_288' title='bbox 167 1788 318 1826; x_wconf 86' lang='lat' dir='ltr'>denter</span> <span class='ocrx_word' id='word_1_289' title='bbox 334 1799 433 1826; x_wconf 87' lang='lat' dir='ltr'>eam</span> <span class='ocrx_word' id='word_1_290' title='bbox 445 1787 699 1835; x_wconf 80' lang='lat' dir='ltr'>Astrologiae</span> <span class='ocrx_word' id='word_1_291' title='bbox 716 1793 884 1835; x_wconf 89' lang='lat' dir='ltr'>partem</span> <span class='ocrx_word' id='word_1_292' title='bbox 901 1788 977 1825; x_wconf 85' lang='lat' dir='ltr'>esse</span> <span class='ocrx_word' id='word_1_293' title='bbox 994 1787 1277 1831; x_wconf 68' lang='lat' dir='ltr'>tradtandam,</span> <span class='ocrx_word' id='word_1_294' title='bbox 1294 1787 1530 1834; x_wconf 85' lang='lat' dir='ltr'>praesertim</span> <span class='ocrx_word' id='word_1_295' title='bbox 1547 1798 1647 1824; x_wconf 91' lang='lat' dir='ltr'>cum</span> <span class='ocrx_word' id='word_1_296' title='bbox 1663 1789 1708 1825; x_wconf 91' lang='lat' dir='ltr'>in</span> <span class='ocrx_word' id='word_1_297' title='bbox 1724 1792 1813 1825; x_wconf 90' lang='lat' dir='ltr'>tam</span> 
     </span>
     <span class='ocr_line' id='line_1_38' title="bbox 167 1839 1813 1889; baseline 0 -11"><span class='ocrx_word' id='word_1_298' title='bbox 167 1853 307 1889; x_wconf 89' lang='lat' dir='ltr'>parua</span> <span class='ocrx_word' id='word_1_299' title='bbox 328 1840 573 1878; x_wconf 84' lang='lat' dir='ltr'>differentia</span> <span class='ocrx_word' id='word_1_300' title='bbox 594 1841 892 1879; x_wconf 91' lang='lat' dir='ltr'>Horizontum</span> <span class='ocrx_word' id='word_1_301' title='bbox 912 1839 1103 1888; x_wconf 60' lang='lat' dir='ltr'>respeffitu</span> <span class='ocrx_word' id='word_1_302' title='bbox 1126 1843 1257 1878; x_wconf 85' lang='lat' dir='ltr'>totius</span> <span class='ocrx_word' id='word_1_303' title='bbox 1278 1840 1438 1884; x_wconf 81' lang='lat' dir='ltr'>Terrae,</span> <span class='ocrx_word' id='word_1_304' title='bbox 1462 1845 1583 1878; x_wconf 83' lang='lat' dir='ltr'>tanta</span> <span class='ocrx_word' id='word_1_305' title='bbox 1605 1840 1733 1878; x_wconf 84' lang='lat' dir='ltr'>fuerit</span> <span class='ocrx_word' id='word_1_306' title='bbox 1754 1841 1813 1879; x_wconf 85' lang='lat' dir='ltr'>di-</span> 
     </span>
     <span class='ocr_line' id='line_1_39' title="bbox 167 1894 1812 1941; baseline 0 -9"><span class='ocrx_word' id='word_1_307' title='bbox 167 1894 344 1932; x_wconf 85' lang='lat' dir='ltr'>uerfitas</span> <span class='ocrx_word' id='word_1_308' title='bbox 364 1896 619 1932; x_wconf 88' lang='lat' dir='ltr'>mutationis</span> <span class='ocrx_word' id='word_1_309' title='bbox 640 1906 774 1937; x_wconf 82' lang='lat' dir='ltr'>aurae,</span> <span class='ocrx_word' id='word_1_310' title='bbox 799 1899 887 1932; x_wconf 89' lang='lat' dir='ltr'>tam</span> <span class='ocrx_word' id='word_1_311' title='bbox 911 1894 1148 1932; x_wconf 91' lang='lat' dir='ltr'>secundum</span> <span class='ocrx_word' id='word_1_312' title='bbox 1170 1894 1520 1941; x_wconf 85' lang='lat' dir='ltr'>Longitudinem,</span> <span class='ocrx_word' id='word_1_313' title='bbox 1545 1905 1679 1940; x_wconf 90' lang='lat' dir='ltr'>quam</span> <span class='ocrx_word' id='word_1_314' title='bbox 1701 1895 1812 1932; x_wconf 89' lang='lat' dir='ltr'>Lati-</span> 
     </span>
     <span class='ocr_line' id='line_1_40' title="bbox 167 1947 1084 1994; baseline -0.003 -9"><span class='ocrx_word' id='word_1_315' title='bbox 167 1948 364 1986; x_wconf 91' lang='lat' dir='ltr'>tudinem</span> <span class='ocrx_word' id='word_1_316' title='bbox 381 1947 510 1994; x_wconf 78' lang='lat' dir='ltr'>ipsius</span> <span class='ocrx_word' id='word_1_317' title='bbox 527 1947 687 1985; x_wconf 88' lang='lat' dir='ltr'>Terrae.</span> <span class='ocrx_word' id='word_1_318' title='bbox 1076 1972 1084 1982; x_wconf 86' lang='lat'>.</span> 
     </span>
    </p>

    <p class='ocr_par' dir='ltr' id='par_1_14' title="bbox 167 2000 1814 2528">
     <span class='ocr_line' id='line_1_41' title="bbox 220 2000 1813 2048; baseline 0 -10"><span class='ocrx_word' id='word_1_319' title='bbox 220 2001 413 2038; x_wconf 89' lang='lat' dir='ltr'>Fuerunt</span> <span class='ocrx_word' id='word_1_320' title='bbox 431 2003 562 2039; x_wconf 85' lang='lat' dir='ltr'>etiam</span> <span class='ocrx_word' id='word_1_321' title='bbox 579 2001 785 2048; x_wconf 83' lang='lat' dir='ltr'>quaedam</span> <span class='ocrx_word' id='word_1_322' title='bbox 803 2001 1084 2039; x_wconf 81' lang='lat' dir='ltr'>Cornelianae</span> <span class='ocrx_word' id='word_1_323' title='bbox 1102 2001 1452 2043; x_wconf 83' lang='lat' dir='ltr'>Obseruationes,</span> <span class='ocrx_word' id='word_1_324' title='bbox 1470 2012 1570 2038; x_wconf 91' lang='lat' dir='ltr'>meo</span> <span class='ocrx_word' id='word_1_325' title='bbox 1586 2000 1687 2039; x_wconf 91' lang='lat' dir='ltr'>sane</span> <span class='ocrx_word' id='word_1_326' title='bbox 1705 2002 1813 2039; x_wconf 90' lang='lat' dir='ltr'>iudi-</span> 
     </span>
     <span class='ocr_line' id='line_1_42' title="bbox 168 2053 1814 2098; baseline -0.001 -6"><span class='ocrx_word' id='word_1_327' title='bbox 168 2056 247 2098; x_wconf 89' lang='lat' dir='ltr'>cio,</span> <span class='ocrx_word' id='word_1_328' title='bbox 269 2066 359 2092; x_wconf 91' lang='lat' dir='ltr'>non</span> <span class='ocrx_word' id='word_1_329' title='bbox 380 2054 478 2092; x_wconf 88' lang='lat' dir='ltr'>satis</span> <span class='ocrx_word' id='word_1_330' title='bbox 500 2053 676 2097; x_wconf 70' lang='lat' dir='ltr'>exadtae,</span> <span class='ocrx_word' id='word_1_331' title='bbox 697 2060 740 2092; x_wconf 87' lang='lat' dir='ltr'>vt</span> <span class='ocrx_word' id='word_1_332' title='bbox 762 2054 799 2091; x_wconf 89' lang='grc'>8(</span> <span class='ocrx_word' id='word_1_333' title='bbox 820 2056 865 2091; x_wconf 93' lang='lat' dir='ltr'>in</span> <span class='ocrx_word' id='word_1_334' title='bbox 886 2054 1021 2092; x_wconf 88' lang='lat' dir='ltr'>Noua</span> <span class='ocrx_word' id='word_1_335' title='bbox 1037 2054 1169 2092; x_wconf 85' lang='lat' dir='ltr'>Stella</span> <span class='ocrx_word' id='word_1_336' title='bbox 1190 2054 1380 2092; x_wconf 88' lang='lat' dir='ltr'>dissidere</span> <span class='ocrx_word' id='word_1_337' title='bbox 1401 2054 1455 2091; x_wconf 92' lang='lat' dir='ltr'>ab</span> <span class='ocrx_word' id='word_1_338' title='bbox 1477 2055 1668 2092; x_wconf 89' lang='lat' dir='ltr'>aliorum</span> <span class='ocrx_word' id='word_1_339' title='bbox 1690 2057 1814 2092; x_wconf 85' lang='lat' dir='ltr'>certis</span> 
     </span>
     <span class='ocr_line' id='line_1_43' title="bbox 169 2107 1813 2156; baseline 0 -11"><span class='ocrx_word' id='word_1_340' title='bbox 169 2107 557 2146; x_wconf 87' lang='lat' dir='ltr'>Obseruationibus</span> <span class='ocrx_word' id='word_1_341' title='bbox 573 2107 687 2145; x_wconf 88' lang='lat' dir='ltr'>visus</span> <span class='ocrx_word' id='word_1_342' title='bbox 704 2107 770 2145; x_wconf 89' lang='lat' dir='ltr'>est.</span> <span class='ocrx_word' id='word_1_343' title='bbox 789 2108 837 2145; x_wconf 91' lang='lat' dir='ltr'>In</span> <span class='ocrx_word' id='word_1_344' title='bbox 854 2108 937 2145; x_wconf 84' lang='lat' dir='ltr'>hoc</span> <span class='ocrx_word' id='word_1_345' title='bbox 953 2112 1101 2145; x_wconf 90' lang='lat' dir='ltr'>tamen</span> <span class='ocrx_word' id='word_1_346' title='bbox 1118 2107 1304 2146; x_wconf 87' lang='lat' dir='ltr'>Cometa</span> <span class='ocrx_word' id='word_1_347' title='bbox 1326 2107 1502 2154; x_wconf 90' lang='lat' dir='ltr'>eiusque</span> <span class='ocrx_word' id='word_1_348' title='bbox 1523 2107 1730 2156; x_wconf 87' lang='lat' dir='ltr'>distantijs</span> <span class='ocrx_word' id='word_1_349' title='bbox 1752 2110 1813 2145; x_wconf 91' lang='lat' dir='ltr'>in-</span> 
     </span>
     <span class='ocr_line' id='line_1_44' title="bbox 168 2161 1813 2208; baseline 0.001 -10"><span class='ocrx_word' id='word_1_350' title='bbox 168 2161 390 2208; x_wconf 86' lang='lat' dir='ltr'>dagandis,</span> <span class='ocrx_word' id='word_1_351' title='bbox 407 2163 621 2199; x_wconf 89' lang='lat' dir='ltr'>maiorem</span> <span class='ocrx_word' id='word_1_352' title='bbox 633 2161 803 2198; x_wconf 91' lang='lat' dir='ltr'>videtur</span> <span class='ocrx_word' id='word_1_353' title='bbox 817 2161 1052 2198; x_wconf 87' lang='lat' dir='ltr'>adhibuisse</span> <span class='ocrx_word' id='word_1_354' title='bbox 1069 2161 1353 2208; x_wconf 85' lang='lat' dir='ltr'>diligentiam;</span> <span class='ocrx_word' id='word_1_355' title='bbox 1371 2161 1409 2198; x_wconf 83' lang='lat'>&amp;</span> <span class='ocrx_word' id='word_1_356' title='bbox 1420 2172 1501 2198; x_wconf 91' lang='lat' dir='ltr'>nos</span> <span class='ocrx_word' id='word_1_357' title='bbox 1514 2172 1587 2198; x_wconf 91' lang='lat' dir='ltr'>eas</span> <span class='ocrx_word' id='word_1_358' title='bbox 1601 2161 1813 2199; x_wconf 86' lang='lat' dir='ltr'>Obserua-</span> 
     </span>
     <span class='ocr_line' id='line_1_45' title="bbox 167 2213 1813 2261; baseline 0.001 -10"><span class='ocrx_word' id='word_1_359' title='bbox 167 2215 307 2251; x_wconf 89' lang='lat' dir='ltr'>tiones</span> <span class='ocrx_word' id='word_1_360' title='bbox 323 2214 452 2261; x_wconf 79' lang='lat' dir='ltr'>ipsius</span> <span class='ocrx_word' id='word_1_361' title='bbox 469 2214 734 2252; x_wconf 89' lang='lat' dir='ltr'>adduximus</span> <span class='ocrx_word' id='word_1_362' title='bbox 750 2216 795 2251; x_wconf 93' lang='lat' dir='ltr'>in</span> <span class='ocrx_word' id='word_1_363' title='bbox 812 2214 1019 2257; x_wconf 85' lang='lat' dir='ltr'>medium,</span> <span class='ocrx_word' id='word_1_364' title='bbox 1037 2226 1137 2261; x_wconf 87' lang='lat' dir='ltr'>quae</span> <span class='ocrx_word' id='word_1_365' title='bbox 1155 2216 1370 2258; x_wconf 87' lang='lat' dir='ltr'>certiores,</span> <span class='ocrx_word' id='word_1_366' title='bbox 1388 2213 1621 2251; x_wconf 88' lang='lat' dir='ltr'>collatione</span> <span class='ocrx_word' id='word_1_367' title='bbox 1638 2220 1813 2252; x_wconf 85' lang='lat' dir='ltr'>caetero-</span> 
     </span>
     <span class='ocr_line' id='line_1_46' title="bbox 168 2267 1812 2315; baseline 0 -10"><span class='ocrx_word' id='word_1_368' title='bbox 168 2279 266 2305; x_wconf 92' lang='lat' dir='ltr'>rum</span> <span class='ocrx_word' id='word_1_369' title='bbox 286 2267 469 2311; x_wconf 88' lang='lat' dir='ltr'>dierum,</span> <span class='ocrx_word' id='word_1_370' title='bbox 492 2267 529 2305; x_wconf 87' lang='lat'>&amp;</span> <span class='ocrx_word' id='word_1_371' title='bbox 550 2270 687 2315; x_wconf 88' lang='lat' dir='ltr'>magis</span> <span class='ocrx_word' id='word_1_372' title='bbox 708 2269 877 2305; x_wconf 86' lang='lat' dir='ltr'>veritati</span> <span class='ocrx_word' id='word_1_373' title='bbox 898 2270 1137 2305; x_wconf 89' lang='lat' dir='ltr'>conuenire</span> <span class='ocrx_word' id='word_1_374' title='bbox 1158 2268 1434 2311; x_wconf 91' lang='lat' dir='ltr'>videbantur;</span> <span class='ocrx_word' id='word_1_375' title='bbox 1458 2267 1570 2305; x_wconf 89' lang='lat' dir='ltr'>adeo</span> <span class='ocrx_word' id='word_1_376' title='bbox 1590 2273 1633 2305; x_wconf 92' lang='lat' dir='ltr'>vt</span> <span class='ocrx_word' id='word_1_377' title='bbox 1657 2279 1710 2305; x_wconf 89' lang='lat' dir='ltr'>ex</span> <span class='ocrx_word' id='word_1_378' title='bbox 1733 2268 1812 2311; x_wconf 89' lang='lat' dir='ltr'>his,</span> 
     </span>
     <span class='ocr_line' id='line_1_47' title="bbox 168 2321 1813 2368; baseline 0 -10"><span class='ocrx_word' id='word_1_379' title='bbox 168 2332 259 2358; x_wconf 90' lang='lat' dir='ltr'>non</span> <span class='ocrx_word' id='word_1_380' title='bbox 278 2322 426 2358; x_wconf 90' lang='lat' dir='ltr'>minus</span> <span class='ocrx_word' id='word_1_381' title='bbox 447 2333 581 2368; x_wconf 92' lang='lat' dir='ltr'>quam</span> <span class='ocrx_word' id='word_1_382' title='bbox 602 2333 655 2359; x_wconf 85' lang='lat' dir='ltr'>ex</span> <span class='ocrx_word' id='word_1_383' title='bbox 678 2323 742 2363; x_wconf 87' lang='lat' dir='ltr'>iis,</span> <span class='ocrx_word' id='word_1_384' title='bbox 769 2332 869 2368; x_wconf 85' lang='lat' dir='ltr'>quae</span> <span class='ocrx_word' id='word_1_385' title='bbox 890 2332 990 2358; x_wconf 92' lang='lat' dir='ltr'>cum</span> <span class='ocrx_word' id='word_1_386' title='bbox 1010 2321 1192 2359; x_wconf 84' lang='lat' dir='ltr'>Taddaei</span> <span class='ocrx_word' id='word_1_387' title='bbox 1214 2321 1399 2368; x_wconf 89' lang='lat' dir='ltr'>Hagecii</span> <span class='ocrx_word' id='word_1_388' title='bbox 1425 2321 1813 2359; x_wconf 78' lang='lat' dir='ltr'>animaduersioni-</span> 
     </span>
     <span class='ocr_line' id='line_1_48' title="bbox 167 2373 1812 2422; baseline -0.001 -10"><span class='ocrx_word' id='word_1_389' title='bbox 167 2373 247 2412; x_wconf 92' lang='lat' dir='ltr'>bus</span> <span class='ocrx_word' id='word_1_390' title='bbox 271 2374 549 2418; x_wconf 85' lang='lat' dir='ltr'>contulimus,</span> <span class='ocrx_word' id='word_1_391' title='bbox 572 2374 740 2422; x_wconf 92' lang='lat' dir='ltr'>liquido</span> <span class='ocrx_word' id='word_1_392' title='bbox 763 2374 954 2412; x_wconf 87' lang='lat' dir='ltr'>constare</span> <span class='ocrx_word' id='word_1_393' title='bbox 977 2375 1106 2422; x_wconf 88' lang='lat' dir='ltr'>possit,</span> <span class='ocrx_word' id='word_1_394' title='bbox 1132 2374 1363 2412; x_wconf 90' lang='lat' dir='ltr'>Cometam</span> <span class='ocrx_word' id='word_1_395' title='bbox 1387 2373 1505 2411; x_wconf 91' lang='lat' dir='ltr'>hunc</span> <span class='ocrx_word' id='word_1_396' title='bbox 1528 2385 1619 2411; x_wconf 93' lang='lat' dir='ltr'>non</span> <span class='ocrx_word' id='word_1_397' title='bbox 1643 2375 1812 2412; x_wconf 82' lang='lat' dir='ltr'>extitisse</span> 
     </span>
     <span class='ocr_line' id='line_1_49' title="bbox 168 2427 1813 2475; baseline 0 -11"><span class='ocrx_word' id='word_1_398' title='bbox 168 2428 366 2473; x_wconf 87' lang='lat' dir='ltr'>proxime</span> <span class='ocrx_word' id='word_1_399' title='bbox 387 2427 501 2465; x_wconf 89' lang='lat' dir='ltr'>infra</span> <span class='ocrx_word' id='word_1_400' title='bbox 521 2427 751 2475; x_wconf 90' lang='lat' dir='ltr'>Sphaeram</span> <span class='ocrx_word' id='word_1_401' title='bbox 773 2428 1007 2472; x_wconf 87' lang='lat' dir='ltr'>Lunarem,</span> <span class='ocrx_word' id='word_1_402' title='bbox 1029 2439 1109 2465; x_wconf 92' lang='lat' dir='ltr'>nec</span> <span class='ocrx_word' id='word_1_403' title='bbox 1130 2430 1174 2465; x_wconf 92' lang='lat' dir='ltr'>in</span> <span class='ocrx_word' id='word_1_404' title='bbox 1195 2427 1292 2465; x_wconf 94' lang='lat' dir='ltr'>loco</span> <span class='ocrx_word' id='word_1_405' title='bbox 1313 2427 1458 2465; x_wconf 90' lang='lat' dir='ltr'>adhue</span> <span class='ocrx_word' id='word_1_406' title='bbox 1474 2429 1691 2474; x_wconf 87' lang='lat' dir='ltr'>propiore,</span> <span class='ocrx_word' id='word_1_407' title='bbox 1713 2439 1813 2465; x_wconf 90' lang='lat' dir='ltr'>cum</span> 
     </span>
     <span class='ocr_line' id='line_1_50' title="bbox 167 2480 1813 2528; baseline 0.001 -12"><span class='ocrx_word' id='word_1_408' title='bbox 167 2480 306 2517; x_wconf 88' lang='lat' dir='ltr'>multo</span> <span class='ocrx_word' id='word_1_409' title='bbox 326 2482 468 2518; x_wconf 91' lang='lat' dir='ltr'>maior</span> <span class='ocrx_word' id='word_1_410' title='bbox 488 2486 590 2518; x_wconf 86' lang='lat' dir='ltr'>tunc</span> <span class='ocrx_word' id='word_1_411' title='bbox 611 2481 909 2519; x_wconf 84' lang='lat' dir='ltr'>distantiarum</span> <span class='ocrx_word' id='word_1_412' title='bbox 928 2480 1175 2519; x_wconf 90' lang='lat' dir='ltr'>causaretur</span> <span class='ocrx_word' id='word_1_413' title='bbox 1191 2480 1426 2525; x_wconf 84' lang='lat' dir='ltr'>diuerfitas‚</span> <span class='ocrx_word' id='word_1_414' title='bbox 1448 2480 1517 2518; x_wconf 93' lang='lat' dir='ltr'>sed</span> <span class='ocrx_word' id='word_1_415' title='bbox 1537 2480 1665 2528; x_wconf 87' lang='lat' dir='ltr'>longe</span> <span class='ocrx_word' id='word_1_416' title='bbox 1686 2481 1813 2527; x_wconf 87' lang='lat' dir='ltr'>supra</span> 
     </span>
    </p>

    <p class='ocr_par' dir='ltr' id='par_1_15' title="bbox 279 2535 1811 2576">
     <span class='ocr_line' id='line_1_51' title="bbox 279 2535 1811 2576; baseline -0.001 -4"><span class='ocrx_word' id='word_1_417' title='bbox 279 2541 325 2567; x_wconf 78' lang='lat'>¹⁵*</span> <span class='ocrx_word' id='word_1_418' title='bbox 1627 2535 1811 2576; x_wconf 89' lang='lat' dir='ltr'>Lunam,</span> 
     </span>
    </p>
   </div>
  </div>
 </body>
</html>
