2209 3213
571 205 1092 245 RECENTIORIBUS
1112 205 1570 246 PHAENOMENIS
1825 205 1893 244 159

167 320 228 351 190
304 313 551 351 Pleniorem
575 323 681 350 vero
708 312 840 350 huius
865 324 997 351 nouae
1024 313 1210 352 Orbium
1236 313 1489 351 Coelestium
1514 311 1797 359 dispositionis
1823 322 1893 349 ex-

250 366 544 414 plicationem,
578 367 690 403 inter
719 365 925 412 quaedam
954 377 1115 414 magna
1143 368 1274 404 totius
1302 365 1524 414 praesentis
1553 364 1894 403 elucubrationis

251 419 495 463 corollaria,
518 420 632 457 circa
653 417 789 456 finem
813 418 969 466 Operis
992 420 1152 458 addere
1176 419 1388 463 constitui;
1413 419 1485 457 vbi
1508 430 1584 466 per
1607 418 1894 456 Cometarum

250 478 395 510 motus
411 474 531 519 prius
547 471 761 510 ostensum
777 471 998 519 &liquido
1015 472 1349 520 comprobatum
1364 472 1505 516 fuerit,
1522 471 1659 519 ipsam
1671 470 1787 509 Coeli
1803 482 1893 508 ma-

198 539 214 564 5
251 525 429 564 chinam
449 536 540 563 non
561 525 637 563 esse
658 525 820 563 durum
841 525 879 563 &
899 527 1165 572 imperuium
1186 537 1343 573 corpus
1359 527 1491 573 varijs
1507 524 1684 563 orbibus
1704 523 1895 562 realibus

251 578 507 622 consertum,
527 583 571 616 vt
591 576 802 616 haetenus
823 590 850 616 a
869 578 1082 626 plerisque
1104 579 1316 617 creditum
1337 578 1404 622 est,
1425 578 1495 616 sed
1515 578 1838 625 liquidissimum
1857 576 1895 614 &

253 631 610 679 fimplicissimum‚
634 631 965 679 circuitibusque
986 631 1267 670 Planetarum
1288 631 1445 675 liberis,
1468 630 1505 668 8(
1526 630 1686 678 absque
1706 630 1896 668 vllarum

250 685 437 723 realium
457 684 742 732 Sphaerarum
763 695 897 731 opera
918 691 992 722 aut
1013 683 1392 727 circumuec'tione,
1413 686 1535 722 iuxta
1555 684 1764 722 diuinitus
1786 683 1895 721 indi-

250 743 340 776 tam
351 737 587 776 Scientiam
602 737 919 782 administratis,
936 738 1096 785 vbique
1112 743 1272 785 patere,
1290 737 1489 784 nihilque
1502 737 1675 784 prorsus
1690 736 1895 775 obstaculi

183 804 214 829 ιο
250 791 485 839 suggerere.
506 791 632 829 Vnde
649 792 781 829 etiam
797 790 1014 835 constabit,
1035 791 1205 830 nullam
1223 791 1531 829 absurditatem
1546 792 1593 828 in
1608 790 1691 828 hac
1708 790 1895 828 Orbium

251 843 505 882 Coelestium
521 844 797 882 ordinatione
810 855 863 882 ex
875 855 927 882 eo
939 843 1071 891 sequi,
1088 844 1206 891 quod
1219 844 1343 882 Mars
1354 843 1631 882 Acronichus
1641 843 1787 881 Terris
1798 854 1895 890 pro-

250 899 347 945 pior
365 896 453 941 fiat,
475 908 610 944 quam
630 896 716 944 ipse
737 897 823 935 Sol.
845 897 1003 944 Neque
1024 899 1142 935 enim
1160 896 1347 936 Orbium
1367 897 1517 944 aliqua
1537 896 1666 935 realis
1687 896 1725 934 8(
1745 898 1895 934 incon-

250 962 358 999 grua
373 952 616 998 penetratio
634 950 750 997 (cum
766 950 829 988 illi
845 961 1001 988 reuera
1013 950 1142 988 Coelo
1155 962 1246 988 non
1257 949 1395 993 infint.
1413 949 1482 987 sed
1494 950 1680 988 docendi
1692 949 1729 987 8(
1740 949 1895 987 intelli-

251 1003 379 1052 gendi
392 1015 485 1042 rem
498 1005 635 1051 gratia
645 1003 794 1042 saltem
806 1003 1126 1051 proponantur)
1143 1003 1227 1041 hoc
1238 1002 1371 1041 modo
1383 1003 1633 1047 admittitur,
1650 1014 1794 1050 neque
1805 1002 1895 1050 ipsa

183 1070 215 1095 15
251 1056 442 1095 vllorum
458 1056 740 1095 Planetarum
756 1067 940 1104 corpora
955 1056 1030 1095 fibi
1044 1068 1241 1104 vnquam
1262 1067 1489 1094 occurrere
1509 1056 1687 1103 possunt,
1708 1061 1783 1094 aut
1802 1067 1894 1093 mo-

251 1117 377 1148 tuum
393 1110 704 1154 Harmoniam,
726 1121 860 1157 quam
876 1109 1029 1158 finguli
1045 1121 1200 1148 eorum
1216 1109 1459 1152 obseruant‚
1477 1109 1567 1147 vlla
1582 1111 1751 1147 ratione
1767 1111 1894 1147 inter-

251 1163 438 1208 turbare,
455 1168 547 1201 vtut
563 1163 787 1207 Mercurii,
799 1163 983 1201 Veneris
999 1162 1037 1200 &
1053 1163 1211 1201 Martis
1226 1164 1473 1211 imaginarii
1489 1162 1629 1201 Orbes
1645 1162 1786 1200 Solari
1802 1173 1878 1210 per

251 1216 524 1260 misceantur,
545 1217 824 1264 eundemque
844 1216 1079 1260 transeant:
1100 1221 1229 1264 prout
1249 1216 1345 1254 haec
1365 1216 1495 1254 latius
1514 1227 1566 1253 eo
1584 1217 1631 1253 in
1651 1215 1761 1260 loco,
1783 1217 1896 1253 circa

251 1271 382 1308 totius
394 1270 454 1317 (vt
466 1269 572 1316 dixi)
585 1269 742 1317 Operis
754 1268 1077 1317 Colophonem,
1094 1269 1330 1317 praesertim
1342 1280 1447 1307 vero
1459 1271 1504 1306 in
1515 1268 1742 1307 volumine
1753 1268 1896 1306 nostro

181 1335 215 1361 20
251 1323 566 1367 Astronomico‚
583 1323 656 1361 vbi
672 1334 725 1361 ex
740 1322 920 1371 professo
936 1323 989 1361 de
1005 1322 1074 1360 his
1089 1334 1282 1371 agemus,
1299 1324 1491 1370 apertius
1507 1322 1809 1360 declarabitur.

304 1376 436 1415 Nunc
453 1381 600 1414 autem
617 1388 670 1414 ex
686 1376 769 1414 hac
784 1376 874 1424 ipsa
885 1376 1120 1414 Neoterica
1130 1376 1442 1414 AEtherearum
1454 1375 1784 1414 reuolutionum
1796 1387 1896 1413 con-

251 1429 526 1474 formatione,
549 1429 699 1468 saltem
721 1441 820 1467 eam
840 1435 1008 1477 partem
1026 1429 1342 1473 mutuabimur,
1366 1440 1467 1477 quae
1485 1429 1541 1467 ad
1559 1428 1748 1476 praesens
1766 1440 1895 1477 nego-

250 1484 362 1521 tium
383 1485 429 1520 in
452 1483 704 1530 deputando
726 1482 824 1521 loco
847 1483 949 1521 huic
971 1483 1182 1527 Cometae‚
1204 1482 1242 1520 &
1262 1482 1505 1531 Hypothefi
1525 1494 1614 1530 qua
1634 1484 1728 1520 eius
1748 1482 1896 1530 Appa-

252 1538 401 1574 tentiis
416 1535 689 1574 succurratur
704 1536 963 1580 ordinanda,
979 1535 1218 1574 satisfaciet.

181 1602 215 1627 25
305 1588 429 1628 Iactis
450 1591 568 1627 enim
588 1588 657 1627 his
673 1589 1019 1627 Reuolutionum
1035 1589 1289 1627 Coelestium
1309 1588 1619 1633 fundamentis,
1640 1588 1737 1627 dico
1757 1591 1897 1627 motui

252 1645 481 1690 apparenti
501 1642 634 1681 huius
651 1642 849 1681 Cometae
870 1644 1021 1680 omnia
1041 1643 1246 1690 aptissime
1268 1654 1519 1690 congruere,
1540 1641 1569 1679 fi
1590 1642 1896 1690 intelligamus,

252 1695 391 1743 ipsum
412 1698 557 1740 etiam,
577 1701 790 1743 tanquam
809 1697 1038 1734 erraticam
1054 1696 1250 1743 aliquam
1267 1695 1490 1733 ascititiam
1507 1695 1545 1733 8(
1562 1695 1896 1733 extraordinari-

252 1760 337 1793 am,
359 1749 477 1797 apud
493 1749 653 1794 Solem,
674 1761 765 1787 non
781 1751 928 1787 minus
944 1760 1079 1796 quam
1095 1754 1275 1787 caeteros
1291 1749 1505 1793 Planetas,
1527 1754 1725 1786 centrum
1740 1748 1803 1786 sui
1819 1750 1896 1787 cir-

252 1804 393 1840 cuitus
413 1803 632 1847 inuenisse,
654 1802 692 1840 &
712 1804 825 1840 circa
846 1802 964 1840 hunc
984 1804 1232 1849 portionem
1253 1802 1478 1850 quandam
1495 1802 1624 1841 Orbis
1644 1803 1805 1850 proprij
1825 1802 1894 1840 de-

182 1867 215 1892 30
251 1855 435 1904 fignasse,
456 1867 545 1903 quo
566 1867 657 1893 non
677 1855 817 1893 solum
836 1855 1059 1900 Mercurii,
1080 1855 1150 1893 sed
1172 1857 1304 1894 etiam
1320 1855 1503 1893 Veneris
1524 1854 1754 1902 Sphaeram
1776 1866 1897 1893 exce-

252 1909 387 1953 deret;
404 1910 464 1947 ita
475 1914 518 1947 vt
530 1920 556 1947 a
568 1908 667 1947 Sole
680 1908 844 1957 digredi
857 1909 912 1947 ad
925 1908 1041 1947 Coeli
1057 1908 1295 1947 sextantem
1310 1911 1511 1956 potuerit,
1528 1920 1629 1946 cum
1640 1908 1791 1946 Venus
1806 1920 1898 1946 non

252 1962 441 2001 multum
456 1962 569 2000 vltra
588 1960 792 2000 octauam
813 1961 1005 2000 eiusdem
1025 1969 1194 2010 partem
1215 1962 1270 2000 ab
1291 1973 1344 2000 eo
1363 1962 1601 2010 elongetur.
1623 1962 1673 1999 In
1693 1961 1777 2000 hoc
1793 1973 1898 1999 vero

168 2021 224 2053 191
252 2015 370 2054 Orbe
380 2015 567 2054 Cometa
578 2015 631 2053 fic
643 2015 882 2059 incedebat,
894 2020 938 2053 vt
949 2014 978 2052 fi
990 2016 1169 2063 quando
1179 2015 1292 2054 Solis
1303 2015 1450 2053 medio
1462 2012 1477 2065 ΙΙ
1488 2017 1628 2053 motui
1640 2013 1898 2053 eoniumftus

251 2068 396 2114 fuisset,
417 2071 464 2107 in
483 2068 638 2107 infima
654 2068 784 2107 Orbis
804 2068 867 2106 sui
883 2073 1004 2116 parte
1021 2068 1059 2106 8(
1074 2068 1220 2107 Terris
1235 2070 1438 2116 proxima
1453 2068 1703 2106 constitutus
1719 2069 1898 2106 assuma-

182 2133 214 2159 35
251 2127 332 2166 tur,
353 2127 484 2170 atque
505 2122 607 2160 hinc
627 2133 704 2170 per
724 2121 1080 2169 consequentiam
1098 2121 1345 2170 Signorum,
1366 2122 1491 2160 aliter
1511 2133 1645 2169 quam
1666 2124 1711 2159 in
1727 2121 1898 2159 Venere

252 2175 290 2213 8(
306 2175 531 2214 Mercurio
547 2175 758 2220 vsuuenit,
775 2175 921 2213 versus
938 2175 1129 2213 eiusdem
1141 2175 1271 2214 Orbis
1282 2176 1531 2223 Apogaeum
1546 2175 1783 2222 perrexisse,
1800 2186 1897 2212 cen-

251 2234 317 2267 tro
333 2228 466 2267 huius
482 2229 772 2267 reuolutionis
788 2228 901 2267 Solis
917 2227 1096 2276 fimplici
1111 2230 1252 2266 motui
1271 2234 1483 2276 perpetuo
1504 2233 1803 2273 concurrente,
1824 2228 1897 2266 ad-

251 2284 457 2321 mittatur.
475 2282 589 2329 Quae
601 2284 753 2320 omnia
763 2287 807 2320 vt
818 2280 975 2319 rectius
986 2284 1294 2329 percipiantur,
1311 2293 1430 2320 nunc
1443 2282 1618 2320 orbium
1633 2281 1719 2319 huc
1731 2281 1898 2329 aliquid

250 2334 505 2374 facientium
521 2341 787 2383 oportunam
803 2334 1122 2383 dispositionem
1138 2335 1277 2373 oculis
1292 2335 1581 2383 subijciemus.
1598 2331 1614 2385 ΙΙ

167 2393 227 2425 192
304 2388 384 2427 Per
405 2389 446 2426 A
469 2389 733 2437 intelligatur
754 2388 926 2427 Globus
946 2387 1094 2427 Terrae
1117 2390 1163 2426 in
1185 2394 1333 2427 centro
1356 2388 1544 2427 vniuerfi
1567 2387 1761 2432 existens,
1785 2389 1898 2426 circa

251 2453 384 2489 quem
403 2444 603 2490 proxime
623 2442 829 2480 voluatur
849 2441 976 2479 Luna
994 2443 1040 2480 in
1057 2441 1174 2480 Orbe
1191 2441 1368 2486 BEFD,
1390 2453 1478 2489 quo
1498 2446 1589 2480 tota
1609 2441 1897 2479 Elementaris

250 2497 368 2543 regio
384 2495 793 2543 comprehendatur.
812 2494 944 2541 Quod
960 2500 1109 2533 autem
1122 2495 1308 2533 Cometa
1320 2497 1434 2533 intra
1444 2494 1527 2533 hos
1538 2496 1698 2533 limites
1710 2494 1898 2585 LuOnalij‘is

1811 2559 1830 2584 r
1861 2558 1897 2584 1s
