2209 3213
387 210 444 245 110
879 209 960 245 DE
983 209 1206 246 MUNDI
1228 209 1528 247 AETHEREI

384 315 583 361 gulorum
606 314 842 350 Planorum
863 314 1040 360 legibus,
1062 314 1103 351 Ρ.
1126 316 1161 352 5.
1184 315 1246 352 Μ.
1267 315 1350 359 29ξέ,
1373 315 1530 353 dehinc
1552 316 1597 351 in
1617 314 1856 362 Triangulo
1877 314 2019 357 BGC.
2058 323 2076 352 ÷

384 366 687 412 praesuppofito
712 366 829 411 quod
853 366 985 403 Latus
1008 367 1087 404 BC
1112 367 1157 404 fit
1183 367 1377 411 5000000,
1404 368 1603 415 qualium
1626 379 1679 405 ea
1701 379 1800 414 quae
1824 379 1850 405 a
1873 373 2019 405 centro

384 420 541 459 Terrae.
560 418 613 455 est
631 419 788 461 100000,
806 424 847 455 vt
860 419 1168 457 constituamus
1183 420 1329 458 locum
1342 421 1540 459 Cometae
1552 420 1783 468 paululum
1795 420 1908 458 infra
1920 432 2019 457 con-

385 474 614 508 cauitatem
632 471 826 517 Sphaerae
843 472 1042 515 Lunaris‚
1060 475 1137 510 erit
1149 474 1351 521 Angulus
1366 473 1495 512 GCB
1513 474 1790 511 Minutorum
1806 473 1843 515 6.
1860 473 2019 511 Secun—

383 525 537 561 dorum
562 524 622 561 35.
647 524 838 561 Tantum
861 525 1059 562 videlicet
1081 528 1223 563 maior
1247 527 1300 564 est
1321 527 1523 574 Angulus
1546 526 1755 564 distantiae
1778 528 1823 563 in
1846 527 1886 563 A
1907 526 2020 563 visus
2058 540 2072 563 5

382 588 514 623 quam
532 579 575 613 in
594 577 638 613 B.
662 577 779 614 Nam
797 589 896 614 cum
917 580 962 614 in
982 578 1137 616 eodem
1153 579 1391 627 Triangulo
1408 580 1610 627 Angulus
1627 579 1768 624 GBC,
1790 581 2020 626 proueniat

381 630 422 666 Ρ.
441 630 501 667 89.
521 630 582 666 M.
600 630 661 667 53.
680 629 719 667 S.
737 630 799 671 25.
821 630 849 667 fi
871 632 905 667 is
926 631 1111 668 addatur
1131 632 1185 669 ad
1205 633 1338 671 ABG
1359 635 1479 680 prius
1500 633 1662 676 datum,
1683 634 1886 679 prouenit
1906 638 2020 670 totus

383 682 583 729 Angulus
600 682 739 725 ΑΒΕ,
757 683 798 719 Ρ.
817 683 896 721 107.
914 684 976 721 Μ.
994 684 1056 722 43.
1075 684 1113 722 S.
1132 686 1194 728 55,
1212 697 1238 723 a
1255 698 1343 733 quo
1360 686 1388 723 fi
1404 686 1579 724 auferas
1596 684 1774 723 Rec‘tum
1790 685 1935 729 ABD,
1957 697 2019 722 re-

382 736 591 781 linquitur
607 736 808 782 Angulus
831 736 959 774 DBC
980 737 1195 784 quaefflus.
1217 739 1259 776 P.
1278 740 1330 777 17.
1348 739 1410 776 M.
1428 739 1490 776 43.
1508 739 1547 777 S.
1565 739 1627 782 55,
1650 740 1724 785 qui
1745 738 2021 785 repraesentat

383 788 623 825 distantiam
639 788 835 826 Cometae
853 801 878 827 a
895 790 1090 835 Vulture‚
1108 803 1207 838 quae
1225 792 1373 840 Pragae
1387 792 1700 830 Obseruaretur
1716 794 1761 829 in
1778 792 1824 835 Β,
1842 791 2020 838 quando
2062 804 2091 829 ιο

382 841 452 878 hic
464 841 725 888 Vraniburgi
742 844 785 878 in
798 843 838 879 A
851 842 917 885 est.
935 843 977 880 Ρ.
990 844 1043 881 17.
1057 844 1119 881 M.
1133 844 1195 887 52,
1213 845 1343 892 idque
1357 845 1492 892 polito
1504 845 1600 883 loco
1614 845 1811 883 Cometae
1823 846 2019 891 proxime

383 894 493 931 infra
504 894 667 932 Orbem
678 895 828 937 Lunae.
841 896 952 933 adeo
962 902 1004 934 vt
1016 897 1102 934 illic
1114 898 1207 935 esset
1218 909 1329 945 pene
1342 898 1501 946 septem
1514 898 1721 945 scrupulis
1733 900 1877 935 minor
1887 908 2020 944 quam

383 947 465 984 hic.
482 948 539 984 At
556 959 655 984 cum
668 947 925 986 Obseruatio
941 948 1052 987 facta
1069 952 1114 987 in
1130 951 1164 988 B
1176 951 1402 999 Angulum
1419 951 1676 989 differentiae
1692 951 1832 995 faciat,
1848 950 2020 997 prorsus

385 1001 601 1047 aequalem
614 1001 790 1048 Angulo
806 1001 1015 1040 distantiae
1032 1003 1102 1040 hic
1120 1004 1384 1048 Obseruatae‚
1402 1005 1681 1042 necessarium
1698 1006 1775 1042 erit
1789 1004 2021 1042 Cometam

384 1059 553 1091 tantum
569 1053 683 1091 fuisse
700 1060 929 1097 remotum,
946 1062 990 1093 vt
1006 1068 1106 1103 pars
1123 1057 1483 1095 circumferentiae
1499 1057 1647 1095 Terrae
1664 1058 1759 1100 AB,
1778 1068 1869 1094 non
1885 1056 2020 1094 habu·
2063 1070 2092 1093 15

385 1109 459 1144 erit
484 1107 539 1144 ad
562 1106 701 1153 ipsum
723 1107 961 1146 sensibilem
985 1112 1284 1156 quantitatem,
1309 1110 1346 1148 &
1370 1111 1519 1149 Lineae
1540 1111 1621 1149 AC
1643 1110 1680 1148 &
1703 1110 1795 1154 BC,
1818 1121 1909 1147 non
1932 1115 2022 1147 tarn

383 1156 552 1209 pro-Hpe
568 1159 651 1197 sese
668 1161 1002 1205 intersecuerint‚
1023 1162 1092 1200 sed
1110 1163 1229 1210 quasi
1246 1164 1471 1202 Parallelae
1487 1164 1587 1202 visae
1604 1163 1775 1208 fuerint,
1797 1163 1915 1210 quod
1931 1174 2021 1200 non
2050 1169 2109 1200 127

383 1212 507 1255 infra,
524 1213 593 1250 sed
610 1213 736 1261 longe
752 1213 879 1261 supra
891 1215 1121 1262 Sphaeram
1134 1217 1355 1254 Lunarem
1371 1219 1416 1254 in
1432 1217 1626 1255 altissimo
1638 1217 1817 1254 AEthere
1831 1218 2022 1263 primum

384 1266 476 1303 fieri
493 1267 614 1313 posse,
632 1266 905 1305 manifestum
923 1268 988 1306 est.
1007 1269 1305 1317 Nequaquam
1322 1272 1448 1318 igitur
1465 1272 1600 1308 extitit
1616 1270 1685 1307 hic
1698 1269 1884 1308 Cometa
1895 1280 2021 1316 prox-

384 1321 468 1356 ime
489 1318 601 1356 infra
622 1323 939 1358 concauitatem
957 1321 1085 1360 Orbis
1102 1323 1253 1367 Lunae,
1278 1335 1357 1361 nec
1373 1326 1418 1361 in
1435 1324 1531 1361 loco
1549 1323 1698 1370 aliquo
1715 1322 1858 1360 adhuc
1879 1324 2021 1369 propi·
2060 1334 2093 1359 20

383 1384 469 1415 ore,
491 1378 592 1409 tunc
614 1375 731 1410 enim
752 1373 880 1421 longe
897 1374 1041 1412 adhuc
1057 1374 1193 1414 factus
1209 1376 1341 1414 fuisset
1357 1379 1499 1414 maior
1514 1376 1717 1424 Angulus
1733 1376 1787 1414 ad
1805 1375 1854 1417 C.
1876 1377 1951 1422 qui
1968 1375 2021 1413 est

383 1424 626 1463 differentia
635 1426 852 1473 Vtriusque
863 1427 1072 1466 distantiae
1082 1431 1127 1466 in
1137 1429 1314 1467 diuersis
1323 1430 1428 1467 locis
1440 1430 1704 1473 Obseruatae,
1718 1429 1836 1476 quod
1848 1431 1893 1466 in
1904 1428 2022 1466 hunc

383 1479 564 1516 modum
581 1479 981 1518 Demonstrandum
997 1482 1314 1529 proposuimus.

435 1531 532 1569 Pari
549 1534 717 1570 ratione
734 1534 988 1572 assumentes
1000 1535 1134 1573 aliam
1147 1536 1389 1574 distantiam
1401 1536 1455 1574 ab
1469 1536 1624 1573 eodem
1635 1535 1901 1573 TADDAEO
1914 1535 2021 1572 HA-

384 1584 567 1623 GECIO
591 1586 646 1623 ad
670 1586 856 1624 eandem
880 1587 1032 1625 Fixam
1055 1587 1213 1626 factam
1236 1590 1304 1627 die
1326 1589 1491 1626 XXIIII
1514 1589 1793 1632 Nouembris,
1817 1588 1855 1626 &
1878 1587 2020 1626 confe—
2060 1601 2092 1625 25

382 1643 523 1675 rentes
536 1650 635 1675 cum
647 1639 788 1677 nostra
801 1641 955 1678 eodem
967 1641 1036 1678 die
1048 1641 1209 1683 habita.
1223 1643 1338 1680 idem
1350 1642 1744 1689 comprobabimus.
1763 1641 2022 1680 Obseruauit

383 1693 499 1728 enim
511 1691 730 1729 Taddaeus
747 1704 799 1730 eo
816 1693 884 1731 die
901 1694 1145 1732 distantiam
1158 1695 1355 1733 Cometae
1368 1708 1393 1733 a
1405 1696 1601 1739 Vulture,
1619 1695 1660 1732 Ρ.
1674 1696 1718 1732 11.
1732 1695 1794 1732 M.
1808 1695 1870 1739 43,
1888 1706 2021 1742 quam

383 1755 462 1781 nos
484 1744 553 1781 hic
574 1747 763 1791 partium
785 1747 828 1783 11.
851 1746 1166 1794 Scrupulorum
1187 1749 1237 1786 45
1258 1748 1372 1787 nad‘ti
1392 1748 1551 1786 sumus.
1574 1749 1705 1786 Fuisse
1727 1754 1874 1786 autem
1892 1747 2021 1795 ipsius
2060 1752 2079 1781 †

385 1797 745 1835 Obseruationem
762 1799 859 1836 satis
876 1800 1137 1847 diligentem,
1155 1802 1272 1848 quod
1290 1813 1341 1839 eo
1359 1802 1427 1839 die
1444 1802 1650 1839 diuturna
1663 1801 1790 1839 fuerit
1803 1801 2020 1845 serenitas,

384 1855 426 1887 vt
439 1861 491 1887 ex
502 1851 698 1897 pluribus
710 1851 829 1889 factis
843 1852 1230 1892 Obseruationibus
1245 1855 1469 1902 colligitur,
1486 1855 1764 1902 probabiliter
1780 1853 2021 1892 coniectare
2060 1866 2093 1891 30

384 1903 491 1945 licet,
518 1903 555 1940 &
580 1904 767 1941 nostram
794 1907 925 1943 etiam
951 1907 1204 1953 exquisitam
1231 1909 1413 1951 extitisse‚
1441 1920 1493 1946 ex
1519 1908 1714 1946 distantia
1739 1908 2022 1955 praecedentis

384 1956 469 1993 diei
481 1957 873 2003 comprobabimus.
888 1959 1155 1998 Mouebatur
1166 1966 1314 1999 autem
1326 1967 1428 1999 tunc
1438 1961 1623 1999 Cometa
1635 1961 1754 2008 quasi
1766 1963 1811 1997 in
1822 1963 2022 2008 proxima

385 2009 579 2046 distantia
603 2011 657 2047 ad
679 2011 920 2054 Vulturem,
945 2015 1003 2050 ita
1023 2019 1066 2050 vt
1087 2014 1223 2052 Linea
1244 2026 1269 2052 a
1291 2014 1473 2052 Vulture
1497 2015 1551 2052 ad
1571 2016 1690 2052 viam
1712 2014 1909 2052 Cometae
1932 2025 2023 2051 non

384 2062 571 2099 multum
592 2074 617 2100 a
638 2062 887 2111 reetangulo
908 2066 1147 2104 inclinaret.
1165 2067 1289 2105 Vnde
1306 2067 1335 2104 fi
1352 2079 1451 2114 quae
1472 2069 1517 2104 in
1536 2073 1730 2114 tempore
1747 2066 2022 2105 Obseruatio-

384 2127 492 2152 num
504 2115 581 2152 fuit
593 2116 827 2160 diuersitas,
845 2117 1138 2157 insensibiliter
1150 2120 1368 2158 distantias
1380 2123 1579 2163 variauit,
1598 2120 1635 2157 &
1651 2120 1872 2167 quadrans
1886 2119 2021 2163 horae,
2061 2132 2093 2156 35

385 2170 459 2214 qui
480 2168 739 2206 Meridianis
762 2171 942 2213 interest.
969 2172 1137 2210 nullam
1160 2173 1346 2211 sensibus
1371 2176 1665 2211 incurrentem
1690 2173 1860 2210 efficere
1885 2175 2023 2220 potuit

385 2220 681 2258 distantiarum
697 2222 1039 2270 discrepantiam.

438 2273 498 2311 Sit
524 2285 623 2321 ergo
649 2277 694 2311 in
719 2276 963 2323 praescripta
986 2277 1257 2325 figuratione.
1284 2282 1329 2316 in
1350 2280 1588 2327 Triangulo
1610 2278 1860 2326 reetangulo
1882 2279 2022 2321 ΑΘΒ,

384 2326 586 2373 Angulus
603 2327 738 2369 EAG.
762 2328 802 2365 Ρ.
821 2329 882 2366 78.
901 2330 963 2367 M.
981 2331 1034 2373 15.
1057 2343 1109 2368 ex
1131 2332 1452 2379 complemento
1470 2333 1631 2380 Anguli
1649 2332 1774 2369 DAC
1795 2331 1866 2368 hic
1885 2331 2022 2369 obser-

385 2381 487 2422 uati,
505 2379 547 2416 P.
565 2380 608 2417 11.
627 2381 689 2417 Μ.
707 2382 769 2424 45,
788 2381 825 2418 &
842 2382 973 2420 Latus
989 2384 1084 2426 ΑΒ,
1102 2390 1144 2422 vt
1160 2387 1280 2431 prius
1297 2385 1418 2423 10060
1434 2387 1512 2422 erit
1529 2396 1645 2422 nunc
1662 2384 1759 2426 BG.
1778 2385 1819 2421 P.
1833 2385 1867 2422 5.
1884 2384 1946 2421 M.
1960 2384 2021 2422 38.
2061 2397 2094 2421 40

385 2432 424 2470 S.
442 2432 477 2470 8.
501 2432 649 2478 Quare
670 2435 715 2471 in
731 2434 969 2482 Triangulo
987 2436 1128 2481 GBC,
1151 2439 1329 2476 assumto
1346 2439 1498 2475 Latere
1516 2438 1607 2481 BC,
1629 2437 1812 2476 5000000
1828 2443 1870 2474 vt
1890 2439 2022 2484 prius,

385 2485 555 2522 dabitur
571 2487 772 2534 Angulus
790 2487 930 2531 GCB,
949 2489 1010 2526 M.
1028 2490 1063 2527 6.
1082 2490 1121 2528 S.
1139 2491 1200 2534 47,
1219 2493 1293 2538 qui
1309 2493 1483 2528 metitur
1500 2490 1788 2529 differentiam
1805 2489 2022 2537 Vtriusque

1802 2543 2021 2586 distantiae‚
