2912 4368
361 1281 390 1305 10

360 1548 388 1571 15

355 1813 386 1838 20

353 2080 385 2104 25

341 2234 402 2264 34v

355 2346 387 2371 30

354 2613 384 2637 35

352 2880 384 2903 40

682 682 769 719 AD
793 682 1101 720 CRAIGUM
1125 683 1395 722 SCOTUM
1419 685 1500 722 DE
1524 685 1813 722 COMETIS
1992 686 2067 722 467

428 801 526 827 rum
542 788 771 829 stellarum.
790 791 902 826 circa
920 789 1198 829 consimilem.
1217 803 1301 837 qvo
1316 791 1500 828 Cometa
1514 791 1740 833 visebatur,
1759 792 1857 828 coeli
1872 790 2067 833 1136111111,

428 842 633 883 adhibita,
658 854 742 888 qva
766 847 878 884 ante,
903 842 1215 880 observationis
1237 849 1276 881 et
1298 844 1674 882 demonstrationis
1696 844 1917 888 methodo,
1941 845 2068 891 idqve

427 896 655 942 aliqvoties
672 900 717 932 ut
734 897 853 942 prius
871 896 1118 942 repetendo.
1138 896 1261 933 Nihil
1278 897 1439 939 dubito,
1458 900 1560 943 qvin
1574 909 1909 944 nonnumqvam
1922 900 1966 935 in
1979 910 2068 935 non

427 950 599 986 minora
625 950 933 995 operationum
963 948 1148 986 absurda
1174 950 1393 990 devenias,
1425 951 1662 997 aliqvando
1689 963 1792 988 vero
1819 951 2069 988 Parallaxin

428 1004 558 1039 etiam
581 1003 796 1048 majorem
819 1002 842 1039 5
867 1007 972 1048 part.
998 1001 1123 1039 stellis
1147 1002 1256 1043 fixis,
1284 1003 1379 1040 licet
1403 1004 1572 1041 nullam
1596 1004 1767 1051 prorsus
1792 1004 1994 1047 habeant,
2019 1004 2069 1041 sis

426 1055 500 1093 tali
513 1055 701 1102 processu
714 1056 1019 1100 imputaturus
1034 1056 1175 1101 Atqve
1189 1062 1280 1092 tum
1293 1055 1417 1093 facile
1430 1056 1504 1093 tibi
1517 1057 1591 1103 ipsi
1604 1057 1775 1104 patebit.
1794 1057 1921 1105 longe
1935 1059 2069 1095 aliam

427 1108 464 1145 &
476 1109 690 1155 majorem
703 1107 772 1144 hic
786 1107 1222 1154 16ον1111136131101113
1236 1109 1523 1152 subtilitatem,
1542 1122 1672 1157 qvam
1685 1116 1814 1147 antea
1827 1111 2068 1158 praevidisti,

427 1173 505 1199 nec
522 1172 667 1198 meam
685 1161 799 1198 hanc
817 1161 1164 1207 qvalemcunqve
1183 1163 1530 1200 admonitionem
1549 1165 1713 1200 irritam
1727 1165 1801 1201 esse
1816 1166 2068 1210 comperies.

427 1214 510 1253 Sed
532 1215 631 1261 qvid
654 1226 763 1261 opus
787 1214 840 1251 est
862 1214 913 1251 de
935 1216 1018 1251 tuis
1041 1215 1490 1253 animadversionibus
1511 1228 1748 1263 earumqve
1767 1217 2069 1255 insufficientia

426 1268 553 1315 plura
574 1268 728 1308 dicere,
751 1279 849 1304 cum
872 1267 1047 1314 ipsemet
1068 1267 1255 1310 fatearis„
1278 1281 1368 1306 non
1390 1281 1531 1315 pauca
1552 1270 1625 1307 tibi
1648 1271 1868 1307 occurrisse
1887 1270 2069 1320 ἀγεωμὲ-

427 1334 571 1370 τρητα,
594 1332 672 1358 1166
694 1326 795 1357 111116
818 1319 1121 1358 exac'tissimam
1143 1323 1236 1369 ejus
1258 1324 1318 1359 rei
1340 1322 1752 1360 demonstrationem
1772 1323 1885 1360 fuisse
1906 1329 2068 1365 notam.

427 1375 610 1421 ideoqve
633 1372 795 1412 factum
817 1374 903 1415 esse.
930 1379 974 1411 ut
994 1375 1209 1421 J'udicium
1231 1374 1514 1422 suspenderis;
1541 1377 1654 1422 qvod
1678 1376 1705 1413 si
1727 1376 1870 1414 adhuc
1892 1376 2068 1420 faceres,

427 1427 569 1465 forsan
581 1425 737 1464 16611113
750 1429 918 1464 ν6111311
930 1428 1201 1474 inqvirendae
1214 1428 1564 1475 stabiliendaeqve
1578 1429 1834 1467 consuleres.
1853 1430 2069 1476 Qvorsum

427 1483 554 1528 igitur
571 1492 623 1518 ea
639 1480 765 1518 nobis
781 1480 850 1518 vel
867 1492 945 1527 pro
963 1481 1264 1519 verisimilibus
1282 1483 1487 1523 obtrudis.
1509 1494 1561 1519 ex
1578 1483 1732 1529 qvibus
1750 1483 1925 1529 ipsemet
1943 1490 1981 1521 te
1999 1495 2068 1521 ex-

425 1536 579 1572 tricare
605 1545 695 1571 non
721 1533 902 1580 potuisti.
930 1545 1112 1580 qvaeqve
1138 1535 1191 1572 ob
1216 1536 1256 1572 id
1284 1536 1488 1573 manibus
1515 1537 1680 1573 excussa
1706 1536 1980 1582 postmodum
2009 1539 2072 1574 in-

425 1586 536 1625 13613
553 1586 781 1633 reliqvisti?
798 1586 926 1633 Qvod
940 1587 967 1624 si
980 1589 1171 1625 veritatis
1184 1589 1391 1625 nucleum
1404 1587 1572 1631 16611113,
1591 1601 1721 1635 qvam
1735 1601 1759 1627 3
1772 1590 1897 1627 nobis
1910 1588 2071 1627 factum

425 1640 491 1683 est,
509 1645 548 1678 te
566 1640 684 1677 illinc
702 1640 909 1687 expiscari
927 1641 1036 1687 posse
1054 1641 1198 1678 adhuc
1216 1653 1394 1679 omnem
1412 1644 1611 1679 animum
1629 1654 1719 1679 non
1737 1643 1974 1689 deposuisti,
1993 1655 2070 1690 age

425 1693 592 1731 resume
615 1693 690 1731 illa
714 1693 859 1731 denuo
885 1695 929 1730 in
953 1705 1112 1731 manus
1137 1700 1176 1731 et
1199 1700 1316 1732 tenta
1339 1697 1451 1732 vires
1475 1703 1588 1738 tuas;
1614 1695 1764 1733 feceris
1788 1696 1895 1733 1111111
1920 1696 2002 1734 1136
2026 1699 2070 1733 111

424 1752 545 1794 parte
567 1758 659 1784 rem
681 1758 771 1784 non
793 1749 1019 1794 ingratam.
1046 1747 1199 1794 Neqve
1223 1750 1339 1785 enim
1362 1754 1532 1786 tantuin
1555 1751 1626 1796 otij
1651 1750 1725 1786 tibi
1748 1749 1880 1786 deesse
1902 1752 2069 1796 poterit,

425 1802 528 1848 qvin
545 1802 742 1847 proprias
760 1800 1095 1842 observationes,
1114 1807 1241 1847 atqve
1259 1813 1311 1838 ex
1328 1801 1395 1838 his
1408 1804 1581 1839 innixas
1594 1802 1982 1840 demonstrationes
1995 1803 2070 1840 ali-

424 1853 599 1901 qvando
623 1854 818 1891 revidere
840 1854 1005 1895 valeas:
1031 1866 1152 1891 meas
1176 1860 1215 1892 et
1239 1855 1440 1896 aliorum.
1466 1867 1572 1902 qvas
1594 1858 1769 1902 expetis,
1796 1856 2070 1894 animadver-

423 1907 562 1945 siones
575 1908 619 1944 in
632 1918 749 1944 nova
761 1906 877 1944 stella
891 1907 927 1944 &
941 1908 1116 1954 reliqvis
1129 1907 1336 1949 Cometis,
1355 1911 1425 1955 qvi
1439 1909 1583 1955 postea
1596 1909 1844 1951 illuxerunt,
1863 1916 2071 1956 qvotqvot

424 1961 584 1998 habere
604 1960 735 2003 licuit,
759 1960 983 2002 obtinebis.
1008 1961 1080 1998 ubi
1102 1963 1318 2008 integrum
1336 1973 1446 2008 opus
1463 1962 1653 1999 nostrum
1672 1963 1723 1999 de
1743 1963 2070 2001 Recentioribus

424 2014 523 2052 coeli
536 2013 859 2056 Phaenomenis,
877 2019 968 2051 tum
986 2014 1129 2060 qvoad
1147 2017 1337 2061 priorem
1355 2022 1447 2052 tum
1464 2015 1743 2062 posteriorem
1756 2016 1946 2053 Tomum
1959 2019 2069 2064 typis

424 2067 675 2114 evulgatum
692 2066 831 2104 fuerit.
850 2067 940 2105 Illic
957 2067 1141 2114 insuper„
1161 2068 1187 2105 si
1206 2068 1290 2109 ista,
1309 2080 1405 2115 qvae
1424 2069 1474 2106 de
1493 2069 1575 2106 hoc
1590 2069 1775 2107 Cometa
1793 2070 2069 2111 adduximus,

423 2121 496 2158 tibi
514 2131 605 2158 non
622 2119 850 2162 sufficiunt,
868 2121 1033 2158 videbis
1051 2132 1119 2158 me
1136 2124 1179 2159 in
1195 2122 1292 2169 alijs
1307 2122 1581 2168 postmodum
1594 2122 1689 2159 visis
1704 2134 1777 2159 eos
1791 2134 2069 2170 neqvaqvam

423 2173 678 2211 sublunares
695 2173 823 2216 suisse,
841 2174 984 2212 adhuc
1003 2175 1140 2212 multo
1158 2175 1330 2221 plenius
1348 2181 1475 2222 atqve
1493 2177 1684 2222 apertius
1698 2187 1719 2213 e
1733 2178 1856 2213 certis
1873 2176 2069 2214 observa-

423 2227 615 2265 tionibus
636 2230 894 2274 geometrice
917 2225 1225 2277 convin-{lcere
1250 2240 1301 2265 ex
1324 2229 1478 2275 qvibus
1501 2231 1631 2266 etiam
1654 2230 1926 2267 commodior
1944 2235 1983 2267 et
2001 2242 2069 2267 60-

424 2280 581 2328 piosior
604 2280 788 2327 idipsum
812 2282 1058 2327 inqvirendi
1085 2281 1420 2328 ostendendiqve
1446 2282 1630 2320 dabatur
1656 2282 1834 2323 occasio,
1861 2282 2067 2329 siqvidem

426 2334 611 2372 Cometa
627 2336 732 2371 anni
749 2334 811 2376 80,
832 2334 883 2371 de
902 2346 985 2381 qvo
1004 2340 1133 2372 antea
1150 2336 1250 2377 dixi.
1274 2347 1375 2372 eum
1392 2336 1467 2373 illo
1485 2341 1692 2382 tempore,
1716 2348 1799 2383 qvo
1817 2336 1925 2373 mihi
1944 2336 2066 2373 Witi-

424 2388 547 2425 chius
565 2386 713 2431 adfuit,
732 2387 934 2430 effulfisse‚
954 2388 1081 2435 longe
1099 2389 1260 2425 diutius
1278 2389 1404 2435 supra
1422 2389 1714 2427 Horizontem
1730 2388 1945 2427 nocturno
1962 2397 2066 2427 tem-

423 2452 528 2487 pore
549 2439 830 2488 spectabatur,
854 2441 890 2478 &
911 2441 1111 2479 transitus
1133 2444 1226 2489 ejus
1248 2454 1324 2488 per
1345 2442 1646 2480 Meridianum
1669 2442 1952 2490 aliqvamfflu,
1975 2449 2066 2481 tum

424 2496 555 2532 etiam
572 2500 671 2531 ante
690 2499 729 2531 et
745 2494 833 2541 post
850 2494 945 2532 satis
964 2496 1114 2532 crebro
1131 2498 1281 2541 patuit.
1306 2495 1433 2533 Unde
1452 2496 1684 2533 collatione
1702 2495 1812 2534 13613
1833 2498 1878 2533 111
1900 2497 2066 2534 diverso

423 2547 512 2591 situ,
537 2553 629 2584 tum
656 2550 767 2585 circa
795 2548 1041 2589 Mer1d1em.
1073 2554 1164 2585 tum
1190 2549 1335 2586 versus
1363 2549 1665 2592 Horizontem,
1698 2549 1947 2587 Parallaxin
1973 2552 2066 2598 ejus

424 2601 499 2638 686
516 2600 803 2638 insensibilem
820 2604 924 2639 citra
942 2613 1073 2639 omne
1091 2602 1273 2639 dubium
1291 2603 1639 2640 animadvertere
1656 2603 1788 2645 licuit,
1811 2609 1855 2640 ut
1875 2603 1950 2640 suo
1968 2604 2065 2641 loco

422 2654 716 2692 indubitanter
732 2655 928 2692 testatum
945 2656 1253 2702 relinqvemus.
1273 2655 1321 2693 In
1335 2655 1520 2693 Cometa
1537 2668 1707 2703 qvoqve
1725 2659 1830 2694 anni
1847 2656 1919 2694 85ti
1939 2658 2001 2703 (ut
2013 2658 2064 2695 de

423 2719 487 2751 eo,
505 2709 576 2754 qvi
593 2719 712 2745 anno
729 2708 779 2745 82
797 2709 850 2746 ob
864 2709 1083 2746 modicam
1096 2709 1373 2746 durationem
1387 2715 1425 2746 et
1438 2709 1564 2756 supra
1578 2710 1870 2747 Horizontem
1882 2711 2065 2748 boreum

422 2762 625 2808 exiguam
643 2761 934 2799 elevationem
952 2774 1069 2799 nunc
1086 2762 1195 2799 nihil
1213 2763 1371 2808 dicam)
1394 2775 1484 2800 non
1506 2766 1650 2801 minor
1668 2763 1913 2810 qvaestionis
1933 2763 2065 2811 hujus

422 2814 667 2852 enodandae
680 2814 943 2853 offerebatur
956 2816 1256 2858 commoditas,
1270 2827 1369 2853 cum
1383 2822 1421 2854 et
1433 2819 1480 2858 13,
1494 2823 1583 2854 tam
1596 2819 1640 2854 in
1653 2817 1917 2859 Meridiano‚
1934 2829 2063 2864 qvam

422 2866 575 2905 octava
596 2873 635 2905 et
657 2869 839 2906 occidua
861 2869 959 2906 coeli
981 2869 1107 2916 plaga
1130 2869 1226 2906 satis
1248 2869 1526 2908 observabilis
1544 2871 1652 2908 esset:
1677 2873 1721 2908 in
1743 2871 1825 2908 hoc
1844 2873 1915 2908 vix
1932 2873 2063 2909 unius

421 2922 590 2965 minuti,
603 2932 679 2968 per
691 2922 940 2960 Parallaxin
954 2924 1091 2959 motui
1104 2924 1279 2969 proprio
1293 2924 1582 2965 accedentem,
1601 2924 1956 2971 implicationem.
1972 2924 2062 2962 sub-

420 2974 598 3011 tilissime
616 2977 766 3013 omnia
782 2976 1103 3021 perscrutando,
1122 2978 1253 3013 etiam
1271 2976 1509 3014 multarum
1526 2978 1737 3015 horarum
1750 2978 1980 3015 intervallo
1994 2978 2061 3015 de-

527 3036 575 3060 59*
1793 3031 2061 3078 prehendere
