2209 3213
136 751 200 782 295

157 810 188 835 10

158 1076 188 1101 15

153 1341 187 1366 20

154 1608 187 1633 25

153 1874 187 1899 30

155 2141 188 2165 35

137 2294 202 2326 296

156 2407 189 2432 40

547 211 1069 250 RECENTIORIBUS
1089 208 1547 249 PHAENOMENIS
1793 208 1869 246 243

225 324 385 359 attente
397 320 589 357 inuicem
601 318 875 365 expenderet.
888 318 982 356 Nec
992 316 1275 356 Refrac'tionis
1286 316 1524 364 implicatio
1536 316 1702 363 aliquid
1713 317 1870 352 erroris

225 373 447 421 suggerere
463 373 613 419 potuit.
631 372 750 409 Nam
765 371 867 419 ipsae
884 371 1077 410 Stellulae
1094 382 1194 409 cum
1211 370 1397 408 Cometa
1412 371 1458 407 in
1475 368 1684 407 confimili
1701 368 1869 406 Resrac-

224 429 355 470 tione,
380 430 475 463 tum
499 424 687 469 altiores,
712 429 806 462 tum
831 424 1102 469 decliuiores,
1132 423 1430 467 versabantur;
1460 423 1647 469 ideoque
1674 422 1870 460 distantia

225 479 453 526 vtrobique
469 477 570 521 visa,
588 489 614 515 a
629 489 734 515 vera
749 477 1057 522 insensibiliter,
1074 489 1163 524 quo
1179 477 1235 515 ad
1251 476 1581 519 Refractionem,
1599 475 1836 513 differebat.

278 532 421 570 Refert
442 535 667 579 praeterea,
693 530 794 568 DIE
817 531 876 568 III
899 530 1250 574 DECEMBRIS‚
1278 530 1475 568 Cometae
1502 534 1630 576 caput
1655 528 1774 575 quasi
1799 528 1869 565 de-

225 585 404 628 hiscens,
425 589 510 622 tres
530 585 725 631 ingentes
742 584 914 628 Radios,
935 584 1054 621 velut
1074 586 1223 631 igneas
1243 583 1396 626 hastas,
1419 582 1654 625 eiaculasse,
1675 593 1825 624 vnum,
1847 593 1870 618 e

224 638 436 676 relatione
458 637 544 675 fide
567 636 812 685 dignorum,
836 636 951 675 recta
971 636 1143 675 Italiam
1165 637 1333 684 petijsse,
1357 635 1595 673 secundum
1618 635 1734 672 littus
1758 634 1870 671 Her-

225 691 412 734 culeum,
428 690 693 738 postremum
708 690 884 738 plagam
900 690 1141 728 occiduam.
1160 690 1223 727 Ita
1238 694 1281 726 vt
1297 689 1467 726 Primus
1480 689 1642 726 Radius
1654 688 1709 725 ad
1721 688 1870 734 Angu-

225 745 318 782 lum
341 744 571 791 obliquum
593 755 620 782 a
642 745 781 791 capite
804 743 933 790 ipsius
957 745 1119 787 exierit,
1143 739 1158 792 ΙΙ
1182 742 1409 780 Secundus
1431 742 1486 779 ad
1509 740 1871 788 perpendiculum

225 797 371 836 versus
392 797 698 840 Horizontem,
721 796 893 834 Tertius
912 807 1017 834 vero
1037 795 1312 833 transuerfim
1332 795 1450 832 velut
1473 794 1575 832 huic
1596 794 1651 832 ad
1672 794 1871 840 Angulos

225 849 389 889 Red’tos.
412 850 480 888 De
501 849 584 888 hac
599 850 889 897 Apparitione
910 861 1002 887 non
1022 848 1165 887 habeo
1187 848 1305 895 quod
1325 848 1481 891 dicam,
1502 847 1712 894 fiquidem
1733 858 1786 884 eo
1802 847 1871 884 die

226 904 412 942 Cometa
427 915 454 941 a
469 902 596 941 nobis
613 902 879 941 Obseruatus
900 914 992 940 non
1013 902 1079 946 est,
1101 901 1287 939 nubium
1308 901 1512 939 densitate
1530 903 1623 938 eius
1639 898 1871 947 Aspectum

225 957 551 995 intercludente.
570 956 620 994 Et
636 955 750 1000 sane,
766 955 796 993 fi
812 967 880 993 res
895 957 956 994 ita
971 955 1011 993 se
1028 966 1184 993 reuera
1195 954 1360 996 habuit,
1378 954 1668 992 admiratione
1680 965 1772 990 non
1783 964 1871 990 me-

225 1011 359 1049 diocri
376 1010 553 1057 dignam
569 1009 739 1053 censeo;
755 1008 992 1057 praesertim
1008 1020 1106 1046 cum
1124 1008 1234 1047 alias
1249 1013 1339 1045 toto
1355 1007 1443 1045 suae
1455 1008 1755 1054 Apparitionis
1767 1011 1871 1043 tem-

225 1074 343 1111 pore,
359 1062 471 1101 nihil
486 1062 556 1100 vel
572 1074 599 1100 a
614 1061 790 1109 meipso,
807 1062 877 1100 vel
893 1056 1123 1109 quoquarri
1137 1061 1237 1104 alio,
1255 1060 1372 1108 quod
1389 1060 1531 1103 sciam,
1550 1059 1811 1097 eiuscemodi
1827 1061 1872 1096 in

224 1117 309 1155 hoc
326 1116 512 1155 Cometa
526 1115 884 1154 animaduersum
900 1115 958 1153 fit.
976 1114 1108 1162 Quod
1124 1119 1273 1152 autern
1289 1114 1343 1152 ab
1360 1113 1443 1151 hoc
1460 1112 1700 1150 diffusionis
1717 1112 1871 1150 Radio-

224 1181 322 1208 rum
335 1174 542 1217 tempore,
559 1168 685 1207 illum
696 1168 922 1216 paulatim,
939 1173 1033 1206 tum
1044 1170 1191 1216 vigore
1203 1167 1395 1210 luminis,
1412 1172 1505 1204 tum
1518 1166 1772 1213 Quantitate
1784 1165 1873 1212 ipsa

225 1225 509 1261 imminutum
529 1221 657 1266 fuisse‚
679 1222 898 1266 asseuerat,
919 1222 962 1260 id
983 1222 1161 1269 quidem
1182 1220 1220 1258 &
1240 1221 1367 1258 nobis
1387 1220 1526 1257 visum
1547 1219 1613 1263 est,
1634 1218 1705 1256 sed
1725 1223 1873 1256 tamen

224 1288 316 1314 non
336 1276 424 1314 alia
443 1277 739 1323 proportione,
760 1287 896 1323 quam
916 1280 1017 1313 ante
1037 1274 1156 1313 hunc
1177 1274 1293 1312 diem
1310 1273 1534 1311 successiue
1551 1272 1872 1315 attenuebatur;

224 1334 267 1368 vt
283 1329 337 1368 ab
354 1328 658 1367 eiaculationis
673 1328 806 1367 huius
823 1328 869 1375 (11
885 1328 1018 1366 modo
1031 1328 1135 1376 quid
1147 1327 1232 1366 tale
1244 1327 1307 1364 illi
1318 1326 1487 1373 accidit)
1504 1332 1712 1373 tempore,
1730 1325 1872 1363 decre-

223 1387 422 1421 mentum
439 1384 532 1420 eius
548 1393 639 1420 non
655 1381 744 1420 alia
759 1381 864 1430 lege,
882 1393 1017 1429 quarn
1033 1386 1175 1425 antea,
1192 1380 1276 1418 sese
1293 1380 1549 1418 exhibuerit.

278 1436 329 1474 Et
351 1434 463 1473 recte
487 1435 666 1483 quidem
687 1435 833 1483 postea
854 1434 982 1473 infert
1003 1435 1207 1478 Gemma,
1232 1445 1323 1472 non
1345 1433 1444 1471 ideo
1464 1433 1562 1471 satis
1583 1432 1872 1479 comprobari,

226 1501 328 1527 eum
353 1501 430 1536 per
455 1488 757 1527 exhalationes
781 1490 827 1526 in
852 1489 968 1526 Aere
993 1490 1189 1535 genitum
1213 1487 1341 1529 fuisse,
1367 1486 1485 1533 quod
1512 1486 1607 1523 haec
1634 1486 1873 1523 Radiorum

226 1543 471 1586 eiaculatio,
489 1541 527 1579 &
543 1543 737 1589 corporis
753 1541 980 1580 successiua
995 1543 1258 1585 imminutio,
1280 1540 1341 1578 illi
1363 1542 1641 1587 contingeret,
1663 1538 1873 1585 liquidem

224 1607 301 1644 per
325 1595 464 1633 multo
490 1597 694 1633 certiores
718 1594 975 1643 prorsusque
1000 1594 1250 1632 infallibiles
1272 1593 1497 1641 Apodixes
1520 1592 1872 1636 Mathematicas,

224 1649 352 1697 longe
375 1648 617 1687 maioribus
637 1648 933 1696 Argumentis,
957 1650 1063 1686 citra
1085 1659 1217 1686 omne
1240 1647 1435 1691 dubium,
1460 1657 1562 1684 eum
1586 1646 1713 1683 Luna
1735 1645 1873 1683 multo

225 1702 341 1740 suisse
357 1702 636 1750 superiorem,
654 1701 952 1740 Demonstrari
968 1706 1149 1749 poterat.

279 1755 379 1793 DIE
396 1755 475 1793 IIII
492 1754 845 1799 DECEMBRIS‚
862 1754 1075 1793 constituit
1091 1754 1429 1802 Longitudinem
1445 1755 1491 1790 in
1507 1753 1548 1790 19
1569 1762 1627 1795 zzz,
1645 1764 1744 1790 cum
1761 1752 1873 1790 Lati-

224 1809 374 1847 tudine
391 1809 441 1847 27
457 1808 690 1856 graduum;
711 1808 783 1847 vbi
799 1810 844 1846 in
861 1808 1152 1856 Longitudine
1168 1807 1182 1844 1
1197 1807 1314 1855 grad.
1332 1809 1478 1844 minus
1499 1806 1642 1844 debito
1664 1805 1806 1849 habet,
1829 1808 1873 1843 in

225 1863 474 1900 Latitudine
497 1863 534 1902 1}
557 1862 767 1900 excessum
790 1862 988 1900 admittit.
1012 1861 1096 1900 Sed
1119 1861 1219 1899 DIE
1238 1861 1295 1898 VI
1322 1860 1513 1898 eiusdem
1536 1859 1874 1907 Longitudinem

225 1918 271 1953 in
287 1915 338 1953 22
359 1924 401 1952 m
420 1913 578 1953 rectius
594 1919 788 1954 annotat.

281 1969 381 2007 DIE
397 1968 500 2006 XIII
516 1968 868 2013 DECEMBRIS‚
886 1970 1009 2016 ponit
1025 1967 1268 2006 distantiam
1285 1967 1339 2005 ab
1357 1967 1445 2005 Ore
1461 1966 1618 2014 Pegasi,
1637 1966 1691 2004 G.
1707 1967 1742 2004 5.
1761 1966 1823 2004 M.
1836 1966 1872 2009 4,

225 2034 360 2070 quam
381 2033 463 2060 nos
483 2024 738 2060 inuenimus
758 2022 800 2060 P.
817 2022 854 2060 5.
876 2022 939 2059 M.
957 2021 1020 2065 28,
1041 2033 1068 2060 a
1088 2023 1231 2069 prima
1251 2021 1349 2058 Alae
1370 2032 1475 2058 vero
1497 2020 1539 2058 P.
1556 2020 1609 2058 19.
1632 2019 1695 2057 Μ.
1713 2020 1749 2063 4,
1774 2031 1873 2066 quae

226 2075 352 2113 nobis
369 2075 424 2113 est
440 2075 482 2113 P.
500 2075 553 2113 19.
571 2075 635 2113 Μ.
651 2075 715 2120 22,
736 2075 964 2122 vtrobique
986 2075 1106 2122 quafi
1126 2077 1250 2113 tertia
1271 2079 1392 2122 parte
1413 2074 1571 2122 gradus
1587 2085 1613 2111 a
1629 2072 1771 2111 nostra
1789 2073 1873 2111 Ob-

226 2129 471 2167 seruatione
488 2129 764 2167 dissidentem.
782 2128 910 2168 Dicit.
928 2128 1084 2166 eodem
1100 2128 1181 2172 die,
1199 2130 1312 2166 circa
1329 2128 1503 2165 Horam
1520 2127 1561 2165 10
1574 2126 1874 2174 vespertinam,

226 2182 468 2220 admodum
496 2181 612 2220 fuisse
642 2182 936 2230 conspicuum,
968 2181 1006 2219 &
1035 2180 1229 2229 aspectus
1254 2181 1545 2219 diuerfitatem
1571 2192 1661 2218 non
1686 2180 1874 2217 multum

225 2235 499 2273 differentem
524 2235 747 2274 obtinuisse
772 2234 827 2274 ab
853 2246 918 2280 ea,
943 2246 1044 2282 quae
1069 2235 1213 2273 altiori
1238 2237 1360 2272 iuxta
1382 2234 1578 2272 medium
1602 2233 1717 2271 Coeli
1742 2235 1874 2270 conti-

226 2294 356 2336 gerat,
378 2288 569 2336 hincque
585 2288 866 2327 Parallaxeos
884 2288 1126 2327 admodum
1142 2285 1157 2339 ΙΙ
1174 2290 1343 2336 exiguae
1364 2290 1536 2325 tertiam
1557 2287 1874 2334 comprobatio-

226 2354 329 2380 nem
349 2342 532 2380 deducit.
555 2342 606 2380 Et
626 2342 723 2380 licet
744 2341 840 2380 haec
856 2353 883 2380 a
898 2342 1089 2380 Veritate
1110 2342 1256 2380 aliena
1276 2353 1368 2379 non
1388 2341 1482 2379 fint:
1504 2346 1664 2383 tamen,
1683 2345 1726 2377 vt
1744 2339 1874 2377 semel

227 2400 358 2443 atque
380 2397 538 2434 iterum
561 2395 662 2439 dixi,
687 2395 1039 2433 Demonstranda
1060 2394 1193 2433 fuisset
1216 2396 1360 2443 potius
1382 2406 1404 2432 e
1428 2392 1589 2432 selecffis
1611 2393 1649 2431 &
1669 2393 1873 2440 separatis

227 2449 511 2494 Dedomenis‚
533 2460 625 2487 non
644 2450 705 2487 ita
724 2448 842 2487 nude
863 2448 1103 2493 referenda,
1122 2454 1166 2487 vt
1177 2451 1229 2498 >in
1246 2448 1313 2486 his
1330 2447 1648 2486 Mathematica
1664 2446 1873 2484 certitudo

227 2504 419 2549 apertius
435 2502 703 2540 elucesceret.

333 2563 383 2589 31*
1774 2553 1874 2590 DIE
