2209 3213
358 227 396 262 14
848 222 930 259 DE
952 221 1178 259 MUNDI
1198 220 1500 258 AETHEREI

357 331 621 370 rubedinem.
644 328 877 375 praesertim
894 339 981 374 quo
998 332 1088 364 erat
1105 328 1232 373 capiti
1248 328 1443 369 vicinior,
1465 325 1723 368 ostendebat,
1745 325 1887 372 qualis
1902 325 1990 363 fere

357 384 456 420 solet
470 384 544 419 esse
557 382 747 419 flammae
760 381 956 423 alicuius,
973 392 1049 426 per
1059 379 1231 417 fumum
1243 379 1423 417 densum
1436 377 1662 416 eludtantis
1676 378 1811 425 (quod
1822 380 1991 416 ratione

356 438 466 472 aeris
490 438 599 472 circa
624 435 913 471 Horizontem
936 433 1180 470 intermedii
1204 433 1386 470 euenisse
1410 432 1579 477 censeo)
1602 431 1685 475 sed,
1708 431 1854 475 veluti,
1879 433 1991 469 eirca

355 489 498 528 finem.
520 488 607 533 ipsa
624 487 763 524 cauda
779 486 1000 523 successiue
1017 487 1155 523 rarior
1172 490 1274 529 erat,
1295 485 1348 523 fic
1370 487 1500 523 etiam
1517 485 1636 522 color
1652 484 1722 522 iste
1738 486 1885 522 minus
1902 486 1990 522 eui-

355 542 503 578 denter
519 540 603 577 illic
620 540 867 586 apparebat.
2027 550 2043 575 5

406 594 610 639 Sequenti
627 593 695 629 die
711 593 772 629 24.
791 592 913 629 nulla
929 592 1070 629 nostro
1087 592 1321 629 Horizonti
1337 590 1492 629 affulsit
1507 590 1724 628 serenitas.

407 646 505 683 DIE
521 646 656 683 XXV.
674 646 731 682 H.
748 646 784 683 5.
803 645 864 682 M.
883 645 944 682 45.
963 645 1077 682 Inter
1093 656 1141 682 os
1158 644 1302 692 Pegasi
1319 644 1356 681 8(
1373 644 1605 682 Cometam
1620 649 1727 690 part.
1745 644 1798 681 17.
1816 643 1880 680 M.
1896 643 1950 681 21.
2028 651 2048 681 -1-

406 699 532 736 Hora
548 700 583 736 5.
602 698 663 735 M.
681 699 742 735 52.
761 698 875 735 Inter
891 698 1123 735 Cometam
1140 697 1178 734 8(
1193 709 1378 735 manum
1393 698 1576 734 Antinoi
1592 697 1635 734 P.
1651 697 1687 734 8.
1705 696 1768 734 M.
1785 696 1848 734 25.

407 752 533 788 Hora
549 751 583 788 6.
601 763 627 788 a
643 751 787 788 lucida
802 751 997 788 Vulturis
1013 751 1055 788 P.
1074 751 1126 787 12.
1145 750 1207 788 M.
1225 750 1286 788 38.

407 804 533 841 Hora
549 804 605 843 63.
624 816 650 841 a
666 804 821 841 Scheat
837 804 980 851 Pegafi
996 804 1189 850 partibus
1205 805 1403 850 proxime
1420 803 1482 846 42,
1504 802 1621 850 quod
1640 807 1788 840 tamen
1804 802 1902 840 satis
1919 813 1989 839 ex·
2031 814 2061 839 ιο

354 857 501 903 quifite
519 857 776 894 concludere
793 868 883 894 non
899 857 1030 901 licuit,
1047 862 1222 903 propter
1238 858 1576 894 interuenientes
1593 856 1744 893 nubes.

407 910 562 947 Cauda
583 910 779 947 Cometae
800 909 887 947 visa
909 910 964 947 est
984 921 1159 957 vergere
1180 909 1325 947 versus
1349 920 1459 952 eam,
1484 921 1583 956 quae
1607 908 1662 946 est
1684 910 1729 945 in
1751 920 1825 946 ore
1846 907 1990 955 Pegafi

355 963 505 1009 (quam
515 963 586 1010 alij
600 961 767 1000 Rielum
777 963 1015 1010 appellant)
1026 963 1156 1009 idque
1166 962 1195 999 fi
1205 974 1257 1000 eo
1264 962 1395 1009 vsque
1405 960 1666 1009 protratftam
1676 963 1988 1009 imaginareris.

407 1016 505 1052 DIE
522 1016 719 1053 XXVIII.
737 1027 836 1053 cum
853 1027 989 1053 cornu
1007 1022 1048 1055 V
1063 1015 1271 1053 orientale
1289 1016 1382 1053 esset
1397 1017 1443 1052 in
1459 1015 1724 1058 Meridian0‚
1742 1019 1865 1052 erant
1879 1016 1990 1051 inter

354 1074 481 1115 caput
498 1069 694 1106 Cometae
711 1068 748 1105 &
765 1080 813 1106 os
829 1069 972 1116 Pegafi
988 1069 1030 1106 P.
1048 1069 1100 1106 12.
1119 1069 1181 1105 M.
1198 1069 1260 1106 45.
2030 1079 2061 1105 ι5

407 1121 618 1158 Existente
634 1133 737 1158 vero
758 1122 902 1159 lucido
921 1122 1029 1168 pede
1047 1121 1344 1159 Andromedae
1360 1123 1405 1158 in
1422 1120 1686 1164 Meridiano‚
1707 1122 1818 1158 inter
1834 1119 1991 1158 Scheat

354 1174 496 1221 Pegafi
509 1174 545 1211 8(
558 1174 788 1212 Cometam
800 1175 842 1212 P.
856 1175 939 1213 351.
957 1177 1167 1221 proxime.
1184 1175 1321 1212 Linea
1338 1176 1466 1211 etiarn
1484 1173 1610 1218 reeta,
1628 1172 1755 1212 duola
1766 1185 1793 1211 a
1805 1173 1991 1211 Cometa

353 1239 429 1273 per
445 1239 493 1264 os
510 1227 664 1274 Pegasi,
681 1227 952 1274 relinquebat
968 1228 1159 1265 lucidam
1175 1227 1212 1264 8(
1229 1229 1416 1275 primam
1432 1227 1528 1271 alae,
1545 1227 1736 1264 eiusdem
1751 1226 1898 1264 versus
1911 1226 1989 1263 Ze-

354 1279 459 1323 nith,
477 1280 595 1327 quafi
611 1280 634 1317 2
650 1281 851 1327 gradibus
868 1281 922 1318 ad
939 1280 1088 1318 visum.

406 1333 569 1370 Verum
583 1333 653 1370 hae
669 1333 991 1371 obseruationes
1003 1345 1093 1371 non
1104 1333 1279 1370 fuerunt
1290 1333 1387 1371 satis
1399 1333 1632 1380 exquifitae‚
1646 1338 1821 1380 propter
1834 1332 1988 1370 sereni·
2026 1345 2060 1370 20

353 1391 483 1423 tatem
499 1388 644 1423 minus
659 1386 913 1430 durabilem,
931 1386 967 1423 8(
984 1392 1136 1424 tenues
1152 1386 1289 1423 nubes
1306 1385 1523 1433 aspedlum
1537 1386 1734 1424 Cometae
1751 1386 1988 1433 impedien-

352 1445 426 1479 tes.
442 1438 677 1485 ventosque
694 1439 866 1486 insuper
881 1439 1162 1476 vehementer
1178 1439 1344 1477 flantes.

405 1491 504 1528 DIE
525 1491 684 1529 XXIX.
706 1492 839 1538 paulo
859 1497 959 1530 ante
980 1492 1154 1536 sextam,
1175 1494 1286 1530 inter
1301 1504 1485 1529 manum
1501 1492 1685 1530 Antinoi
1701 1491 1739 1529 8(
1756 1491 1988 1530 Cometam

404 1597 531 1634 Hora
547 1597 582 1634 6.
599 1599 709 1634 inter
727 1597 957 1635 Cometam
974 1597 1011 1635 8(
1028 1610 1180 1635 narem
1197 1598 1397 1645 Equiculi
1413 1598 1455 1635 P.
1473 1598 1508 1635 3.
1526 1598 1589 1636 M.
1605 1598 1668 1636 50.
2025 1611 2058 1636 25

400 1650 469 1687 Ab
486 1650 649 1697 Aquila
665 1651 720 1688 ad
738 1650 970 1688 Cometam
986 1651 1028 1688 Ρ.
1047 1651 1098 1689 16.
1117 1651 1180 1688 M.
1196 1651 1259 1689 49.

401 1703 528 1740 Hora
544 1703 579 1740 6.
597 1703 659 1740 M.
678 1704 730 1741 15.
749 1704 810 1741 Os
827 1704 971 1751 Pegasl
987 1704 1025 1741 &
1042 1704 1228 1742 Cometa
1244 1703 1465 1748 distabant,
1482 1704 1524 1742 P.
1542 1705 1586 1741 ll.
1604 1704 1667 1742 M.
1684 1704 1747 1742 33.

401 1756 527 1793 Hora
543 1757 578 1794 7.
597 1757 659 1794 M.
677 1757 712 1793 6.
730 1756 906 1794 distabat
923 1768 949 1794 a
965 1757 1145 1795 Stellula
1160 1759 1206 1794 in
1222 1756 1363 1794 fronte
1380 1757 1581 1804 Equiculi
1596 1757 1639 1794 P.
1656 1757 1692 1794 4.
1710 1757 1773 1795 M.
1790 1757 1853 1795 53.

401 1808 528 1846 Hora
544 1809 579 1846 9.
597 1810 659 1846 M.
677 1809 712 1846 Ο.
731 1809 846 1847 Inter
861 1821 910 1847 os
926 1810 1069 1857 Pegafi
1087 1810 1124 1847 &
1141 1810 1373 1848 Cometam
1390 1810 1431 1847 P.
1450 1811 1493 1847 ll.
1512 1810 1575 1847 Μ.
1591 1810 1654 1848 25.
1671 1822 1748 1857 per
1764 1806 1987 1860 Radium.ss

401 1861 528 1899 Hora
544 1863 579 1899 9.
597 1862 659 1899 M.
678 1862 730 1899 10.
752 1863 831 1900 Per
847 1863 1034 1900 Radium
1051 1863 1281 1901 obseruaui
1297 1863 1541 1901 distantiam
1558 1863 1756 1901 Cometae
1773 1875 1799 1901 a
1814 1862 1986 1910 pertore
2023 1870 2044 1901 6

348 1914 490 1961 Pegasi
506 1915 548 1951 P.
566 1915 628 1952 35.
646 1915 708 1953 M.
725 1915 787 1953 36.

400 1967 658 2005 Extremitas
675 1969 827 2006 caudae
839 1968 1065 2006 videbatur
1077 1969 1282 2016 exquifite
1294 1971 1518 2007 terminari
1529 1971 1575 2007 in
1587 1969 1719 2007 Stella
1731 1971 1817 2007 oris
1828 1969 1985 2017 Pegafi,

347 2021 576 2058 incuruata
588 2023 718 2058 etiam
730 2022 933 2059 nonnihil
945 2027 1047 2066 erat,
1059 2028 1102 2059 vt
1114 2024 1245 2069 prius,
1258 2024 1317 2060 ita
1327 2027 1371 2060 vt
1382 2022 1576 2070 superior
1586 2034 1686 2069 pars
1699 2023 1985 2060 conuexitatis

347 2075 610 2120 contingeret
621 2073 708 2111 fere
721 2074 947 2112 Stellulam
963 2077 1008 2112 in
1025 2086 1099 2112 ore
1111 2075 1324 2122 Equiculi.
1342 2075 1475 2113 Erant
1491 2078 1610 2113 enim
1625 2075 1712 2113 illae
1728 2075 1828 2113 duae
1840 2075 1985 2113 Stellae

346 2127 467 2163 iuxta
484 2126 545 2164 Os
562 2127 774 2173 Equiculi.
792 2139 926 2174 quam
941 2130 1154 2174 proximae
1170 2128 1380 2175 superiori
1396 2128 1549 2166 caudae
1565 2130 1688 2175 parti,
1709 2128 1853 2175 idque,
1872 2130 1985 2166 circa
2022 2141 2055 2166 35

348 2178 475 2268 ipfihis
491 2181 535 2216 in
551 2179 820 2227 longitudine
836 2181 1126 2225 medietatem,
1143 2181 1342 2219 distantes
1359 2182 1413 2219 ab
1426 2193 1478 2219 ea
1489 2181 1576 2219 fere
1588 2183 1712 2219 tertia
1723 2186 1843 2228 parte
1855 2183 1984 2219 vnius

346 2243 420 2278 gra
453 2244 515 2269 us.

400 2284 499 2321 DIE
515 2285 653 2322 XXX.
671 2285 854 2323 Instante
872 2286 981 2324 hora
997 2287 1032 2329 6,
1050 2289 1160 2324 inter
1177 2287 1409 2325 Cometam
1426 2287 1464 2325 8(
1480 2299 1528 2325 os
1544 2287 1700 2335 Pegasi,
1717 2287 1759 2325 P.
1772 2287 1825 2325 10.
1843 2287 1906 2325 Μ.
1918 2287 1981 2325 25.
2020 2296 2041 2327 ἡ

399 2337 570 2375 Deinde
588 2350 613 2375 a
629 2350 765 2376 manu
782 2340 964 2376 Antinoi
980 2340 1022 2377 Ρ.
1040 2341 1092 2378 15.
1111 2340 1174 2378 M.
1191 2341 1253 2378 53.

399 2390 527 2428 Circa
543 2391 658 2428 idem
673 2396 856 2438 tempus,
874 2394 983 2429 inter
998 2393 1193 2430 Vulturis
1209 2393 1400 2431 lucidam
1417 2393 1454 2431 8(
1471 2393 1703 2431 Cometam
1719 2393 1761 2431 P.
1774 2394 1827 2432 17.
1843 2393 1906 2431 M.
1918 2393 1981 2431 45.
2020 2407 2053 2432 40

399 2443 526 2480 Hora
541 2444 576 2481 6.
595 2444 657 2481 M.
675 2445 736 2486 45,
754 2456 780 2482 a
796 2444 951 2482 Scheat
968 2446 1009 2482 P.
1027 2445 1089 2483 34.
1107 2446 1169 2483 M.
1187 2446 1249 2484 26.

398 2496 525 2533 Hora
541 2497 576 2534 7.
595 2496 657 2534 M.
674 2497 710 2534 Ο.
729 2497 790 2535 Os
806 2498 949 2545 Pegasi
966 2498 1003 2535 8(
1021 2498 1206 2536 Cometa
1222 2499 1264 2537 P.
1281 2499 1334 2536 10.
1353 2498 1415 2536 M.
1432 2499 1494 2536 20.

1854 2552 1982 2590 Hora
