2209 3213
379 240 445 277 152
871 234 955 272 DE
976 234 1201 272 MUNDI
1222 232 1524 271 AETHEREI

378 352 531 393 parteS,
554 343 698 381 versus
719 342 912 384 Terram,
935 353 961 378 a
982 340 1056 377 suo
1078 342 1216 386 capite
1238 340 1452 383 direxerit,
1476 339 1716 386 postulante
1736 340 1921 388 idipsum
1941 340 2018 379 situ

378 401 558 437 Veneris
576 396 718 434 Stellae
735 395 967 441 superiore,
990 394 1027 430 8(
1048 395 1093 430 111
1109 395 1277 430 11131016
1295 405 1321 430 3
1336 393 1462 430 nobis
1479 392 1687 437 distantia,
1708 399 1752 430 vt
1773 405 1825 430 ex
1846 396 1898 441 ijs
1919 406 2018 441 quae

379 453 531 498 Capite
549 449 830 487 antecedente
843 449 955 484 circa
968 446 1166 484 Cometae
1179 446 1429 483 Parallaxes
1441 446 1863 491 Demonstrauimus,
1879 449 2018 485 mani—

377 505 563 544 festatur:
587 502 772 540 Orbium
794 502 925 537 etiam
942 499 1137 541 Veneris,
1159 498 1350 546 respectu
1372 499 1582 543 Cometae‚
1604 499 1888 546 dispositione,
1910 505 1953 538 vt
1973 502 2020 538 in

377 556 652 604 sequentibus
670 554 925 596 ostendetur,
942 552 1127 599 idipsum
1144 551 1419 599 efflagitante.

432 611 548 647 Hinc
570 611 701 645 etiam
723 606 850 644 causa
871 607 1189 642 incuruationis
1210 605 1363 643 caudae
1385 607 1531 649 extitit,
1554 617 1630 643 cur
1645 605 1843 643 videlicet
1860 617 1912 643 ea
1928 617 2019 644 non

378 667 421 701 in
439 661 647 700 diredtum
664 658 963 707 protendivisa
976 658 1033 701 sit,
1050 658 1119 696 sed
1137 657 1341 695 nonnihil
1356 660 1588 696 incuruata
1603 661 1866 705 apparuerit,
1884 670 2019 706 quam

377 723 524 754 tamen
546 715 892 760 obliquationem
912 723 1068 749 reuera
1089 713 1134 748 in
1155 711 1244 758 ipso
1263 711 1391 749 Coelo
1408 723 1498 749 non
1516 712 1712 756 obtinuit,
1734 711 1803 749 sed
1824 712 1910 749 illic
1931 723 2018 750 rec-

377 771 521 807 tissime
543 768 625 805 sese
647 769 691 804 in
713 765 928 813 oppositas
944 765 1105 802 Veneri
1125 770 1268 811 partes
1285 765 1560 807 extendebat;
1581 765 1695 802 vnde
1714 777 1794 802 nos
1810 765 2017 812 superius,

378 835 466 860 non
484 823 645 859 iniuria
656 820 736 857 has
748 820 1076 856 incuruationes
1089 817 1241 855 caudae
1253 818 1553 861 limitauimus‚
1572 817 1609 855 8(
1625 820 1671 855 111
1682 817 1844 856 rectam
1855 819 2019 856 lineam

378 875 724 913 emendauimus.
738 873 817 909 Per
829 871 1029 909 accidens
1042 872 1160 908 enim
1173 870 1514 918 conspiciebatur
1523 871 1618 908 haec
1629 871 2019 918 quantulacunque

378 934 624 971 curuatura,
643 926 680 963 8(
697 926 751 963 01)
764 925 877 962 visus
894 925 1228 968 aberrationem,
1245 926 1389 971 optica
1404 926 1572 962 ratione
1589 924 1773 971 idipsum
1789 925 2019 962 necessario

377 982 633 1023 insinuante,
656 978 954 1027 proueniebat.
978 977 1095 1015 Cum
1116 979 1232 1014 enim
1250 977 1364 1015 visus
1380 977 1709 1024 comprehendit
1729 980 2018 1015 remotionem

379 1037 712 1074 extremitatum,
734 1043 833 1079 quae
850 1033 896 1069 in
912 1042 958 1068 re
975 1032 1184 1078 quapiam
1201 1029 1425 1078 conspedta
1442 1030 1610 1068 diuersa
1626 1030 1683 1074 fit,
1705 1031 1792 1068 fiue
1808 1030 1937 1074 linea,
1954 1031 2017 1068 su·

376 1088 562 1136 perficie,
580 1087 649 1124 vel
661 1086 957 1133 qualicunque
970 1083 1366 1131 comprehendatur
1377 1083 1524 1131 spatio,
1541 1089 1643 1121 tunc
1656 1084 1752 1121 licet
1763 1083 1853 1131 ipsa
1863 1095 2019 1122 reuera

378 1140 537 1179 directa
553 1141 610 1184 sit,
628 1144 807 1187 apparet
823 1137 1113 1175 nihilominus
1129 1137 1432 1184 aspicientibus
1449 1137 1684 1184 obliquata.
1702 1137 1807 1174 Non
1824 1139 1941 1175 enim
1954 1139 2017 1174 in-

377 1197 496 1232 uenit
522 1196 616 1232 axis
642 1193 842 1235 ocularis,
873 1193 919 1228 in
943 1196 1033 1228 tota
1057 1190 1132 1228 illa
1157 1190 1392 1237 superficie,
1423 1191 1511 1228 duo
1541 1189 1702 1238 pumsta
1726 1190 1800 1228 fibi
1825 1190 2018 1238 opposita

377 1248 560 1295 aequalis
577 1247 847 1289 remotionis;
865 1244 1052 1291 ideoque
1068 1245 1205 1281 virtus
1221 1242 1460 1282 distinctiua
1476 1243 1732 1288 Oculorum,
1750 1244 1911 1281 indicat
1925 1255 2018 1281 rem

377 1301 512 1348 ipsam
534 1300 770 1346 obliquam,
792 1301 1170 1344 incuruatamque,
1192 1308 1292 1334 cum
1312 1302 1461 1334 tamen
1482 1295 1642 1334 directa
1662 1297 1738 1334 esse
1758 1297 1887 1344 possit‚
1908 1302 1952 1334 vt
1972 1299 2018 1334 in

378 1355 543 1401 Opticis
569 1352 911 1395 Demonstratur‚
939 1352 1138 1397 inprimis
1163 1361 1189 1387 a
1213 1349 1567 1388 VITELLIONE
1593 1350 1683 1387 Lib.
1709 1349 1801 1387 IIII.
1827 1349 2017 1387 Theore-

377 1413 491 1445 mate
508 1407 561 1449 31,
580 1406 616 1443 8(
633 1406 750 1453 apud
763 1404 966 1442 Alhazen
983 1404 1073 1441 Lib.
1091 1403 1141 1440 II.
1158 1403 1449 1450 propositione
1465 1403 1528 1447 28,
1545 1408 1675 1450 atque
1691 1404 1737 1440 in
1752 1401 2019 1450 perspectiua

377 1459 675 1499 IOHANNIS
700 1457 893 1496 PISANI
916 1456 1120 1500 ANGLI,
1145 1455 1350 1494 Tractatu
1375 1456 1405 1500 1,
1431 1456 1725 1503 Propofitione
1750 1456 1812 1494 69.
1838 1456 1929 1494 Illic
1953 1458 2016 1493 in-

376 1516 567 1557 uenient,
585 1514 659 1560 qui
673 1511 925 1554 desiderant,
941 1510 1188 1548 vberiorem
1198 1508 1331 1547 huius
1343 1511 1404 1547 rei
1417 1509 1769 1554 declarationem,
1786 1509 2016 1547 confirma-

375 1569 641 1613 tionemque.

430 1620 578 1667 Quare
600 1630 699 1656 cum
719 1619 982 1665 principium
1003 1616 1156 1654 caudae
1174 1615 1371 1654 Cometae
1388 1617 1611 1653 remotiori
1627 1627 1654 1653 a
1669 1615 1795 1653 nobis
1811 1615 1891 1653 fuit
1906 1615 2016 1660 loco,

376 1685 511 1720 quam
533 1674 780 1711 extremitas
802 1673 908 1714 eius,
930 1681 982 1707 eo
1003 1669 1121 1716 quod
1137 1669 1320 1706 Veneris
1339 1669 1483 1713 Stella,
1505 1671 1629 1706 cuius
1649 1665 1877 1719 re-ssspectu
1896 1668 1971 1706 illa
1991 1680 2018 1706 a

376 1729 513 1774 capite
530 1725 880 1774 protendebatur,
898 1728 988 1761 erat
1001 1723 1187 1761 Cometa
1202 1722 1330 1769 longe
1346 1721 1552 1769 superior,
1568 1722 1848 1760 necessarium
1860 1721 2017 1760 euade-

375 1780 459 1824 bat,
483 1780 597 1817 hanc
619 1778 755 1826 ipsam
778 1777 875 1815 licet
898 1774 1058 1814 (1116613
1081 1775 1221 1819 fuerit,
1245 1775 1482 1822 apparuisse
1505 1775 1631 1813 nobis
1654 1777 1943 1813 incuruatam.
1968 1774 2019 1812 Et

377 1835 581 1880 quamuis
601 1831 750 1869 inferri
770 1831 887 1878 possit
908 1841 961 1867 ex
981 1829 1131 1877 ijsdem
1152 1828 1321 1876 Opticae
1342 1828 1596 1872 rationibus,
1617 1828 1742 1866 fitum
1762 1830 1824 1866 rei
1844 1827 2018 1865 visibilis

376 1888 421 1923 in
442 1897 601 1933 magna
622 1885 771 1931 aliqua
792 1883 1001 1927 distantia,
1023 1881 1187 1920 etiamfi
1203 1892 1255 1919 ea
1270 1881 1316 1919 fit
1334 1893 1491 1919 reuera
1511 1883 1754 1925 incuruata,
1775 1886 1924 1919 tamen
1944 1892 2017 1928 ap-

376 1951 529 1986 parere
550 1936 769 1980 directam,
790 1942 833 1974 vt
854 1938 986 1974 etiam
1007 1935 1060 1973 ab
1082 1934 1231 1982 ijsdem
1249 1934 1416 1982 Opticae
1435 1934 1636 1972 Scientiae
1653 1934 1926 1972 Authoribus
1947 1934 2017 1972 de—

377 1992 648 2034 monstratur,
669 1997 816 2028 tamen
836 1989 943 2027 illud
964 1990 1157 2026 Axioma
1177 1999 1268 2025 non
1288 1987 1419 2026 habet
1439 1987 1586 2025 locum
1609 1989 1654 2025 in
1676 1988 1806 2026 rebus
1829 1989 2017 2035 corpori-

376 2045 539 2092 busque
563 2045 658 2081 luce
681 2043 884 2091 praeditis,
909 2042 946 2079 8(
969 2040 1101 2079 noctu
1123 2040 1398 2088 fulgentibus.
1422 2041 1485 2078 Ea
1509 2042 1626 2078 enim
1650 2040 1721 2078 etfi
1744 2041 2019 2079 remotissima

375 2098 481 2141 sunt,
498 2103 647 2135 tamen
658 2098 825 2134 ratione
838 2096 1028 2137 luminis,
1047 2094 1165 2141 quod
1177 2094 1315 2131 oculis
1326 2093 1491 2131 fortiter
1501 2093 1585 2131 sese
1597 2095 1762 2141 ingerit,
1776 2105 1867 2131 non
1878 2093 2017 2131 multo

375 2151 498 2188 aliter
514 2151 554 2188 se
571 2150 744 2193 habent,
762 2160 896 2196 quam
912 2159 980 2185 res
996 2148 1146 2194 aliqua
1161 2158 1299 2194 opaca
1314 2147 1472 2185 diurno
1483 2152 1691 2194 tempore,
1708 2149 1754 2184 in
1769 2149 2018 2194 propinqua

375 2204 591 2246 distantia:
618 2203 799 2240 Ratione
824 2201 861 2239 8(
885 2202 1164 2248 Experientia
1189 2202 1343 2247 optica,
1369 2200 1555 2247 idipsum
1579 2211 1668 2237 vna
1692 2200 2016 2247 comprobante.

375 2257 501 2294 Adeo
517 2262 560 2294 vt
577 2256 821 2294 Stoicorum
841 2254 877 2291 8(
897 2255 1213 2301 Epicureorum
1235 2253 1415 2300 quidam
1436 2253 1538 2290 huic
1555 2252 1843 2290 fundamento
1864 2255 2016 2297 innixi,

375 2322 465 2347 non
489 2309 724 2347 dubitarint
748 2309 984 2345 asseuerare
1008 2306 1167 2350 Solem,
1192 2306 1377 2349 Lunam,
1401 2306 1658 2353 reliquaque
1678 2305 1803 2343 Astra
1825 2317 1916 2343 11011
1940 2306 2016 2344 esse

375 2374 531 2400 reuera
546 2362 684 2399 multo
698 2363 879 2403 maiora,
897 2371 1031 2407 quam
1043 2360 1169 2397 nobis
1181 2364 1404 2406 apparent,
1421 2364 1464 2396 vt
1476 2359 1593 2406 apud
1604 2358 1780 2396 illorum
1793 2357 2016 2397 Doctrinae

376 2417 593 2454 assertores
614 2415 760 2452 videre
783 2413 848 2451 est.
874 2414 1076 2460 Inprimis
1097 2423 1201 2449 vero
1224 2412 1307 2450 hac
1328 2412 1380 2450 de
1402 2423 1447 2449 re
1469 2411 1736 2459 elegantibus
1759 2412 2017 2458 quibusdam

375 2468 565 2506 versibus
582 2469 734 2505 cecinit
750 2465 1081 2509 LVCRETIVS,
1103 2465 1173 2502 sed
1189 2476 1323 2511 quam
1339 2476 1453 2509 vere,
1476 2476 1566 2502 non
1586 2464 1684 2502 satis
1705 2466 1937 2511 probatum
1953 2476 2016 2503 re-

376 2522 511 2569 liquit.
530 2521 733 2568 Cumque
750 2519 879 2567 ipfius
895 2519 977 2557 1136
994 2519 1046 2556 de
1063 2529 1107 2555 re
1121 2518 1333 2556 Carmina
1344 2529 1435 2556 non
1447 2517 1651 2556 omnibus
1662 2517 1771 2556 forte
1783 2518 1916 2556 obuia
1926 2517 2016 2562 fint,

1895 2571 2014 2609 lubet

2056 567 2071 592 5

2056 611 2076 642 ’1-

2060 833 2091 858 10

2059 1098 2089 1123 15

2056 1363 2089 1388 20

2055 1460 2075 1491 ’1-

2054 1629 2087 1654 25

2046 1675 2106 1707 182

2056 1894 2090 1920 30

2055 2159 2088 2185 35

2054 2362 2074 2393 ÷

2055 2424 2088 2450 4ο
