2209 3213
386 235 451 270 166
876 233 958 270 DE
980 232 1203 271 MUNDI
1225 230 1524 268 AETHEREI

435 339 579 379 Porro,
602 340 645 374 in
667 337 749 374 hoc
770 337 858 384 ipso
875 338 1116 382 Schemate,
1139 340 1331 385 primum
1352 338 1398 374 in
1413 336 1653 384 Triangulo
1670 336 1795 374 DAB
1815 348 1868 374 ex
1885 338 2018 375 modo

381 393 560 427 inuento
577 390 753 436 Angulo
770 390 913 433 ABD‚
935 396 1041 437 part.
1060 392 1112 429 16.
1129 393 1233 428 min.
1251 391 1314 433 36,
1336 389 1373 426 8(
1395 389 1548 427 Latere
1565 389 1646 426 AB
1665 389 1789 427 fimili
1806 390 2018 428 Eccentri-

380 445 492 479 citati
511 443 621 479 Solis
637 454 662 480 a
679 443 804 480 nobis
821 450 1015 490 repertae.
1032 450 1139 490 part.
1157 444 1246 487 360,
1264 443 1464 490 qualium
1482 442 1565 479 BD
1582 442 1637 479 est
1653 442 1787 486 10000,
1804 443 2017 490 cognosci-

379 502 445 532 tur
462 495 661 541 Angulus
673 496 804 532 ADB
822 496 1212 542 Prosthaphaerefin
1229 496 1341 534 Solis
1357 495 1672 542 repraesentans
1687 501 1793 542 part.
1811 495 1847 533 Ο.
1864 498 2016 534 minut.

377 548 460 589 3654.
478 548 515 584 8(
533 548 663 585 Latus
681 548 769 585 AD
788 549 933 586 euadit
949 555 1055 595 part.
1073 551 1189 593 9655,
1207 549 1406 596 qualium
1423 548 1506 586 DB
1523 548 1656 586 10000.
1675 548 1740 586 Est
1756 553 1904 586 autem
1920 548 2015 587 haec

377 600 755 646 Prosthaphaeresis
772 601 1063 640 subtrahenda
1080 614 1105 640 a
1122 608 1244 640 motu
1260 602 1406 640 medio
1419 601 1543 639 Solis.
1561 601 1712 648 Itaque
1728 601 1757 638 fi
1773 601 2017 640 distantiam

377 653 565 690 eiusdem
586 654 715 701 medij
738 654 821 691 loci
846 656 888 698 Θ
912 655 966 692 ab
988 655 1285 694 intersectione
1302 660 1402 693 ante
1419 657 1646 692 inuentam
1663 659 1769 701 part.
1787 655 1823 692 Ο.
1840 657 1944 692 min.
1962 656 2015 699 17,

376 717 462 752 qua
474 708 682 743 nimirum
695 706 808 744 hanc
820 710 1132 755 praetergressus
1144 709 1210 752 est,
1223 708 1278 746 ab
1290 708 1379 755 ipsa
1390 707 1750 754 Prosthaphaerefi
1761 707 2015 746 subtraxeri-

375 770 483 801 mus,
505 760 690 805 prodibit
711 765 911 806 aequatus
931 761 1053 799 locus
1075 764 1207 799 centri
1224 762 1278 804 D.
1301 761 1458 799 distans
1474 761 1528 799 ab
1545 761 1699 798 eadem
1719 760 2015 799 intersec'tione

374 813 418 848 in
439 812 739 850 antecedentia
760 818 866 859 part.
883 814 919 851 Ο.
936 816 1040 851 min.
1059 815 1133 853 193⁷.
1157 815 1275 852 Huic
1296 814 1505 852 distantiae
1526 813 1555 851 fi
1576 814 1761 852 addatur
1781 825 1913 852 uerus
1930 814 2013 852 Co-

374 870 500 901 metae
517 870 673 906 motus.
692 867 736 903 in
752 865 827 903 suo
845 866 975 905 ductu
991 867 1139 905 itidem
1156 868 1210 906 ab
1227 866 1525 906 intersedtione
1542 879 1642 904 cum
1655 867 1861 914 Ecliptica
1877 879 1929 905 eo
1946 867 2014 905 die

374 917 624 955 obseruatus
644 924 750 964 part.
768 919 829 956 60.
847 922 951 957 min.
970 920 1011 957 12
1033 920 1094 967 (ut
1115 926 1231 967 patet
1247 933 1300 958 ex
1317 920 1607 967 Ephemeride
1627 925 1772 957 motus
1793 922 1887 958 eius
1908 920 2014 958 calci

374 970 539 1016 Capitis
563 970 714 1016 Quinti
737 970 920 1018 adiedta)
944 976 1145 1019 prouenit
1167 976 1212 1011 in
1232 973 1471 1021 Triangulo
1493 973 1635 1019 DAQ,
1659 973 1861 1021 Angulus
1885 973 2015 1020 DAQ

374 1023 635 1069 respondens
657 1024 865 1063 distantiae
886 1028 979 1063 ueri
1000 1026 1083 1064 loci
1105 1027 1217 1065 Solis
1238 1027 1276 1064 &
1298 1027 1495 1065 Cometae
1516 1031 1622 1073 part.
1645 1027 1706 1064 60.
1728 1028 1832 1064 min.
1852 1026 1927 1066 313
1950 1027 2013 1064 Ex

373 1076 455 1113 hoc
477 1078 583 1114 uero
600 1077 776 1124 Angulo
798 1078 835 1115 &
857 1078 1009 1116 Latere
1026 1080 1115 1117 AD
1132 1082 1251 1126 prius
1268 1079 1507 1127 conquisito
1529 1079 1592 1126 (ut
1608 1079 1714 1125 dixi)
1734 1079 1850 1123 9655,
1868 1079 1906 1117 &
1921 1080 2012 1117 An-

372 1129 473 1176 gulo
490 1129 544 1167 ad
557 1129 597 1176 Q
610 1130 810 1168 existente
823 1130 949 1173 rec‘t0.
968 1144 1019 1170 eo
1033 1134 1150 1180 quod
1162 1133 1238 1171 fiat
1249 1135 1371 1171 iuxta
1382 1132 1629 1171 contactum
1643 1132 1806 1171 Circuli
1824 1132 1886 1179 (ut
1897 1138 2012 1180 patet

373 1193 425 1219 ex
442 1182 676 1220 Elementis
690 1183 974 1231 Geometriae)
991 1186 1214 1224 innotescit
1231 1187 1364 1224 Latus
1381 1186 1471 1233 DQ
1486 1190 1593 1233 part.
1610 1185 1726 1229 8405,
1744 1186 1861 1232 quod
1878 1185 2011 1224 Semi-

372 1235 633 1273 diametrum
655 1236 783 1275 Orbis
805 1238 1014 1281 Cometae‚
1037 1251 1171 1286 quam
1192 1241 1412 1287 inquirere
1433 1238 1750 1287 proposuimus,
1773 1238 1947 1276 exhibet
1966 1241 2013 1276 in

371 1290 422 1335 ijs
434 1288 638 1335 partibus.
652 1290 850 1336 qualium
863 1291 1193 1330 Semidiameter
1203 1293 1439 1330 Eccentrici
1451 1293 1484 1330 B
1493 1292 1534 1329 D
1548 1292 1602 1329 est
1614 1292 1746 1330 10000.
1759 1292 1904 1339 Atque
1916 1292 2012 1330 haec

372 1341 499 1378 Orbis
521 1341 718 1380 Cometae
740 1344 947 1382 dimenfio
970 1347 1015 1382 in
1039 1348 1204 1384 caeteris
1227 1346 1389 1393 ubique
1413 1345 1640 1383 retinenda
1662 1347 1794 1383 uenit.
1819 1345 1868 1382 In
1891 1350 2011 1383 tanta

371 1396 488 1431 enim
507 1394 703 1433 distantia
719 1396 858 1443 ipsum
875 1400 987 1436 circa
1003 1398 1150 1436 Solem
1167 1399 1472 1437 Orbicularem
1489 1398 1736 1446 descripfisse
1752 1403 1922 1436 motum
1938 1410 2010 1446 ap-

370 1449 576 1495 parentijs
593 1449 932 1488 consentaneum
949 1451 1015 1489 est.

423 1500 607 1539 Inuenta
628 1503 774 1549 itaque
791 1515 907 1541 nunc
926 1504 1054 1542 Orbis
1072 1505 1269 1544 Cometae
1287 1505 1632 1547 Semidiametro,
1655 1506 1748 1542 eius
1769 1504 1916 1542 locum
1937 1516 2009 1551 ap-

369 1559 594 1599 parentem
610 1555 664 1591 ad
681 1556 947 1602 propositum
964 1557 1066 1595 XIII
1083 1559 1199 1596 diem
1215 1561 1489 1606 inquiremus
1506 1557 1588 1596 hac
1605 1557 1832 1595 Methodo.

422 1606 598 1644 Medius
618 1614 763 1646 motus
780 1609 891 1647 Solis
908 1611 963 1648 ad
979 1610 1111 1649 huius
1131 1612 1216 1650 diei
1232 1612 1407 1650 Horam
1423 1611 1600 1649 Sextam
1616 1623 1642 1648 a
1658 1611 1858 1655 Meridie,
1881 1610 1936 1648 est
1956 1623 2009 1649 ex

368 1659 509 1697 nostra
532 1662 787 1699 inuentione
810 1664 856 1700 in
878 1669 984 1710 part.
1008 1665 1044 1702 2.
1068 1667 1171 1703 min.
1196 1665 1246 1703 27
1273 1670 1329 1708 i‘.
1354 1665 1503 1712 Quare
1526 1664 1778 1702 reuocando
1802 1664 1888 1701 huc
1911 1676 2010 1702 eam

368 1712 583 1759 Figuram,
601 1725 688 1760 qua
704 1715 929 1754 inclinatio
946 1719 1032 1755 uiae
1051 1718 1248 1756 Cometae
1265 1718 1320 1756 ad
1338 1718 1591 1765 Eclipticam
1608 1717 1943 1765 exprimebatur,
1963 1717 2009 1755 fit

368 1767 403 1802 is
426 1767 471 1802 in
496 1766 554 1807 H,
581 1766 793 1806 Distantia
817 1769 871 1807 ab
897 1770 1197 1809 Intersetstione
1222 1783 1299 1818 per
1322 1772 1415 1809 HA
1440 1771 1630 1809 indicata
1655 1770 1801 1808 euadit
1826 1775 1932 1817 part.
1954 1770 2007 1808 18.

368 1820 470 1855 min.
488 1818 550 1863 28,
573 1820 729 1866 quibus
750 1823 872 1859 iuxta
892 1822 1086 1870 superius
1107 1825 1312 1862 traditum
1332 1825 1568 1872 processum
1589 1825 1785 1871 congruit
1801 1824 1942 1861 Arcus
1963 1825 2008 1861 in

369 1870 545 1909 Circulo
567 1873 763 1911 Cometae
785 1875 884 1917 AK,
906 1882 1012 1922 part.
1034 1877 1096 1914 20.
1118 1880 1222 1915 min.
1240 1879 1306 1921 57;
1329 1878 1430 1916 huic
1451 1877 1480 1915 fi
1501 1877 1686 1915 addatur
1706 1877 1848 1914 Arcus
1868 1887 2007 1914 remo-

367 1925 496 1961 tionis
508 1925 686 1972 Perigaei
698 1927 751 1964 ab
764 1929 918 1965 eadem
931 1929 1244 1974 Interfec‘tione,
1262 1933 1336 1978 qui
1350 1936 1480 1969 antea
1496 1936 1691 1977 repertus
1707 1929 1774 1973 est,
1791 1929 1829 1967 &
1846 1929 2008 1976 ubique

367 1983 593 2023 permanet
618 1979 659 2016 P.
682 1980 734 2017 16.
759 1980 821 2017 M.
843 1982 905 2022 53.
933 1982 1147 2021 conflatur
1172 1990 1287 2022 totus
1312 1984 1414 2027 DK,
1440 1984 1482 2021 P.
1504 1984 1566 2022 37.
1591 1983 1654 2020 M.
1675 1982 1738 2026 50,
1764 1983 2008 2020 distantiam

367 2032 500 2067 centri
520 2031 648 2068 Orbis
666 2032 862 2071 Cometae
884 2046 909 2071 a
930 2035 1122 2083 Perigaeo
1144 2039 1189 2074 in
1209 2037 1285 2075 suo
1306 2039 1476 2075 tramite
1497 2037 1708 2079 indicans,
1730 2047 1830 2083 quae
1851 2047 2007 2083 reprae-

366 2082 554 2120 sentatur
570 2086 614 2121 in
631 2085 719 2131 ipsa
735 2086 1040 2133 Hypotheseos
1061 2090 1354 2128 delineatione
1374 2102 1451 2137 per
1467 2091 1633 2127 Arcum
1649 2089 1758 2133 HD,
1780 2090 1854 2135 qui
1876 2091 2007 2127 etiam

366 2136 583 2174 mensurat
599 2138 824 2184 Angulum
841 2141 1092 2179 Anomaliae
1110 2143 1345 2181 Eccentrici
1363 2143 1513 2181 HBD.
1536 2143 1685 2189 Quare
1706 2144 1751 2179 in
1767 2141 2006 2189 Triangulo

367 2188 492 2226 DAB
515 2201 566 2226 ex
588 2193 758 2237 cognito
776 2193 951 2240 Angulo
968 2194 1022 2232 ad
1040 2195 1085 2237 Β,
1108 2195 1145 2232 8(
1166 2196 1319 2234 Latere
1336 2197 1418 2234 AB
1435 2196 1596 2243 ubique
1615 2200 1899 2242 permanente
1916 2195 2005 2239 360,

366 2242 564 2287 qualium
582 2243 664 2280 BD
682 2244 736 2281 est
752 2251 857 2291 part.
872 2246 1003 2289 10000,
1021 2250 1244 2287 inuenitur
1255 2250 1388 2287 Latus
1400 2249 1489 2286 AD
1506 2253 1612 2296 part.
1629 2248 1736 2292 9719,
1754 2248 1791 2285 8(
1804 2248 2006 2295 Angulus

365 2294 537 2341 insuper
553 2295 698 2340 ADB,
715 2303 821 2343 part.
839 2299 865 2335 1.
883 2302 986 2337 min.
1004 2301 1056 2344 18,
1079 2304 1153 2348 qui
1170 2304 1345 2340 metitur
1360 2301 1752 2349 Prosthaphaerefin
1769 2301 2006 2339 Eccentrici

364 2346 713 2387 subtrahendam.
732 2346 745 2398 ΙΙ

416 2399 477 2437 Sit
494 2406 641 2438 autem
658 2402 843 2441 Cometa
860 2406 904 2442 in
922 2405 1038 2444 Orbe
1060 2407 1142 2445 hoc
1163 2408 1238 2446 suo
1256 2411 1368 2446 circa
1384 2408 1531 2446 Solem
1547 2405 1676 2446 dudio
1692 2409 1737 2444 in
1753 2407 1804 2451 K,
1826 2407 2003 2445 trahan-

363 2457 518 2499 turque
535 2455 635 2491 inde
651 2456 706 2492 ad
723 2462 919 2494 centrum
932 2458 1059 2497 Orbis
1072 2459 1126 2503 D,
1144 2461 1181 2498 8(
1197 2461 1379 2499 Terram
1390 2462 1443 2506 A,
1460 2461 1589 2499 lineae
1606 2460 1694 2498 KD
1712 2460 1749 2497 8(
1766 2460 1867 2498 DA.
1886 2460 2004 2506 Quia

363 2516 469 2543 uero
487 2506 682 2545 distantia
700 2508 897 2548 Cometae
914 2513 958 2548 in
975 2511 1058 2550 hoc
1076 2513 1192 2552 Orbe
1209 2526 1235 2552 a
1252 2514 1443 2562 Perigaeo
1460 2514 1546 2552 siue
1565 2514 1662 2551 loco
1684 2512 2004 2552 coniunctionis

1902 2578 2002 2606 cum

2056 827 2086 852 10

2054 1091 2083 1116 15

2049 1357 2082 1382 20

2048 1623 2081 1647 25

2046 1887 2080 1913 30

2044 2154 2078 2179 35

2032 2413 2093 2444 198
