2209 3213
316 237 391 273 220
807 232 889 269 DE
911 230 1136 268 MUNDI
1157 228 1458 266 AETHEREI

316 341 515 381 eiusdem,
540 339 751 378 bifariam.
775 338 978 384 prouenit
1000 338 1121 372 iuxta
1144 336 1315 372 veriora
1336 334 1569 372 Stellarum
1591 334 1688 372 loca
1708 334 1952 382 Longitudo

316 397 407 430 eius
420 396 462 429 in
477 393 529 429 G.
544 393 578 429 5.
593 391 653 428 M.
668 391 718 427 40
734 400 791 432 ω,
809 401 908 427 cum
926 388 1172 426 Latitudine
1187 388 1240 425 G.
1253 388 1306 424 21.
1320 387 1383 424 M.
1396 387 1462 429 20;
1479 387 1551 425 vbi
1567 389 1602 424 is
1617 387 1954 435 Longitudinem

316 450 358 483 in
376 447 416 482 P.
434 447 468 482 5.
487 445 549 481 M.
567 445 628 485 47,
647 442 939 480 Latitudinem
956 442 998 478 P.
1016 441 1068 478 21.
1087 440 1149 478 M.
1168 440 1208 478 18
1224 442 1358 487 ponit,
1380 452 1480 487 quae
1497 440 1627 478 ambo
1644 440 1728 478 hoc
1744 440 1840 478 loco
1857 440 1953 478 satis

314 500 423 536 bene
441 497 667 543 quadrant.

369 551 554 597 Quarta,
573 549 656 586 Die
674 549 711 585 II
728 547 995 589 Decembris,
1014 547 1245 584 Cometam
1262 558 1361 584 cum
1378 548 1502 584 tertia
1519 546 1719 593 Equiculi
1736 546 1773 584 8(
1791 546 1955 584 Lucida
1993 559 2007 583 5

316 603 489 649 Aquilae
501 602 683 639 collocat
692 603 737 638 in
750 601 905 637 eodem
916 599 1093 637 Circulo
1104 611 1277 646 magno,
1291 599 1491 646 elicitque
1502 599 1839 647 Longitudinem
1849 601 1954 643 eius,

316 668 448 703 quarn
470 654 828 701 exquifitissimam
850 658 987 695 vocat,
1008 655 1053 689 in
1076 652 1130 690 G.
1149 653 1202 690 17.
1220 652 1283 690 Μ.
1301 653 1341 690 17
1363 661 1420 695 m,
1443 664 1543 690 cum
1564 652 1811 690 Latitudine
1832 652 1874 690 P.
1891 652 1953 689 24.

316 710 377 746 M.
394 709 456 745 46.
479 709 535 745 At
552 707 676 744 nobis
693 719 769 753 per
786 706 972 743 restituta
989 706 1195 743 Fixarum
1212 705 1309 743 loca
1325 705 1470 743 tranfit
1487 705 1641 743 eadem
1657 705 1774 743 linea
1789 706 1956 742 Arcum

316 763 511 799 Cometae
525 763 569 797 in
583 760 636 797 G.
651 761 702 797 17.
717 759 779 796 M.
792 759 842 797 52
859 768 916 801 m,
933 758 963 795 fi
980 758 1168 796 nostram
1186 758 1520 796 Inclinationem
1536 760 1620 796 viae
1637 760 1730 796 eius
1746 758 1801 796 ad
1818 758 1955 805 Eclip-

315 817 443 852 ticam
455 813 801 855 adhibuerimus;
815 812 890 849 Sin
903 811 1260 854 Moestlinianam,
1274 813 1319 848 in
1330 811 1446 859 grad.
1460 812 1512 849 18.
1525 813 1629 849 min.
1642 812 1666 849 6
1682 821 1740 855 xx,
1753 811 1955 849 Latitudo
1998 824 2027 848 10

315 867 540 913 vtrobique
559 866 704 903 euadit
720 870 826 912 part.
844 865 912 903 253.
932 864 1033 902 fere.

370 919 550 967 Quinta,
568 919 652 956 Die
669 919 746 955 VII
764 918 1030 961 Decembris,
1049 917 1176 955 Hora
1192 918 1230 956 9}
1252 918 1293 955 P.
1308 918 1370 955 M.
1388 917 1515 955 refert
1532 917 1764 955 Cometam
1780 917 1895 955 fuisse
1911 919 1956 954 in

315 985 402 1010 vno
415 974 533 1009 Arcu
545 984 644 1009 curn
656 974 798 1019 prima
811 971 1004 1008 Gallinae
1017 970 1054 1008 &
1066 972 1207 1017 prima
1219 970 1374 1018 Pegasi.
1388 971 1512 1018 Ergo,
1524 970 1554 1008 fi
1565 970 1957 1018 praesupponamus

316 1028 433 1063 viam
446 1025 643 1063 Cometae
660 1025 870 1062 inclinare
883 1024 938 1062 ad
951 1024 1205 1070 Eclipticam
1216 1023 1258 1061 P.
1271 1024 1334 1062 28.
1348 1024 1410 1061 M.
1424 1024 1486 1067 58,
1503 1028 1547 1061 vt
1562 1023 1634 1061 ille
1650 1024 1755 1067 vult,
1771 1023 1957 1070 prodibit

317 1078 560 1126 Longitudo
577 1080 622 1115 in
639 1079 680 1115 P.
694 1078 755 1115 22.
769 1077 831 1114 M.
845 1077 895 1115 56
912 1086 969 1119 m,
987 1088 1087 1114 cum
1104 1077 1350 1114 Latitudine
1367 1077 1483 1124 grad.
1495 1077 1558 1114 26.
1573 1079 1677 1114 min.
1691 1077 1744 1114 10.
1761 1077 1837 1115 Sin
1852 1088 1957 1114 vero
1999 1089 2029 1114 15

316 1132 503 1169 nostram
512 1130 1167 1169 Inclinationemassumserimus
1175 1130 1352 1177 part.29.¹
1363 1161 1371 1174 ,
1380 1130 1537 1168 euadet
1544 1130 1788 1177 Longitudo
1796 1132 1841 1167 in
1849 1129 1956 1167 P.22.

317 1186 379 1222 M.
388 1185 437 1222 49
450 1194 490 1221 m
499 1215 507 1228 ‚
520 1196 620 1222 cum
632 1184 878 1221 Latitudine
889 1183 944 1221 G.
953 1183 1014 1220 26.
1027 1183 1089 1220 Μ.
1098 1184 1151 1220 17.
1165 1183 1413 1220 Moestlinus
1424 1188 1527 1220 tunc
1538 1183 1697 1230 colligit
1709 1183 1958 1230 Longitudi-

317 1249 419 1275 nem
432 1240 475 1275 in
489 1237 543 1275 G.
556 1237 617 1275 23.
634 1237 696 1274 Μ.
709 1237 733 1274 2
749 1246 807 1279 m,
821 1236 1005 1274 Latitud.
1017 1238 1062 1273 in
1075 1236 1130 1274 G.
1140 1236 1203 1273 26.
1215 1236 1277 1274 M.
1287 1237 1323 1279 4,
1337 1236 1455 1283 quod
1467 1248 1557 1274 non
1569 1236 1757 1274 multum
1769 1236 1957 1274 dissentit.

372 1291 526 1335 Sexta,
545 1291 628 1327 Die
645 1290 725 1327 XV
742 1289 1008 1332 Decembris,
1027 1301 1079 1326 ex
1096 1289 1213 1326 linea
1229 1288 1344 1327 reeta
1359 1301 1385 1327 a
1402 1289 1603 1327 Secunda
1614 1290 1798 1327 Antinoi
1814 1291 1860 1326 in
1871 1289 1958 1326 Vn-

317 1344 531 1381 decimam
548 1343 703 1390 Pegasi,
725 1343 762 1380 &
783 1342 919 1380 altera
940 1354 1016 1389 per
1036 1342 1326 1380 transuersum
1342 1354 1369 1380 a
1385 1342 1586 1380 Secunda
1607 1342 1751 1390 Pegasi
1771 1344 1816 1380 in
1837 1342 1958 1380 Duo·
1997 1355 2030 1379 20

318 1398 533 1434 decimam
550 1396 708 1440 Oloris,
729 1397 931 1442 prouenit
948 1395 1193 1442 Longitudo
1211 1395 1408 1433 Cometae
1427 1397 1472 1433 in
1489 1395 1531 1433 P.
1548 1395 1611 1433 29.
1629 1396 1692 1433 M.
1708 1396 1759 1434 36
1779 1405 1837 1439 xx,
1859 1407 1959 1433 cum

319 1450 565 1487 Latitudine
591 1450 633 1487 P.
655 1449 717 1487 27.
744 1449 807 1486 M.
830 1449 882 1486 14.
909 1449 960 1486 Et
984 1448 1013 1485 fi
1039 1449 1287 1486 Secundam
1311 1448 1456 1496 Pegafi
1481 1454 1611 1496 atque
1636 1448 1959 1486 Duodecimam

320 1503 477 1546 Oloris,
501 1503 698 1540 Cometae
715 1504 799 1539 viae
820 1501 1173 1548 applicuerimus,
1196 1502 1350 1539 eadem
1370 1502 1542 1549 prorsus
1563 1498 1578 1551 ΙΙ
1599 1502 1843 1550 Longitudo
1863 1513 1959 1549 pro·
1984 1508 2049 1539 264

319 1556 433 1597 filiet,
451 1561 493 1593 at
510 1556 711 1593 Latitudo
728 1555 955 1602 aliquanto
971 1557 1113 1592 maior
1129 1555 1297 1592 euadet.
1316 1555 1564 1593 Moestlinus
1580 1567 1633 1592 ex
1649 1555 1731 1593 hac
1748 1554 1960 1593 Obserua-

319 1611 436 1646 tione
453 1608 664 1646 constituit
682 1608 1018 1656 Longitudinem
1034 1610 1080 1645 in
1093 1608 1146 1646 G.
1160 1608 1222 1646 29.
1235 1608 1298 1646 Μ.
1310 1608 1362 1646 40
1377 1617 1436 1652 m,
1453 1620 1554 1646 cum
1570 1608 1816 1646 Latitudine
1830 1608 1884 1646 G.
1897 1608 1959 1646 27.
1999 1621 2032 1645 25

320 1662 381 1699 M.
399 1662 461 1706 20,
478 1662 549 1699 vbi
566 1673 656 1699 non
672 1673 832 1708 magna
849 1663 1130 1699 committitur
1146 1673 1172 1699 a
1188 1661 1330 1699 nostra
1346 1663 1602 1699 inuentione
1619 1661 1875 1699 differentia.

373 1714 594 1763 Septima.
619 1715 702 1752 Die
724 1714 871 1752 XXXI
893 1714 1160 1758 Decembris,
1186 1726 1208 1752 e
1232 1713 1347 1752 reeta
1367 1714 1484 1752 linea
1504 1726 1530 1752 a
1551 1715 1686 1752 Nona
1705 1714 1862 1762 Pegafi,
1885 1726 1961 1762 per

320 1768 514 1805 medium
530 1767 664 1805 ferme
681 1767 864 1814 spatium
882 1769 992 1804 inter
1009 1767 1185 1805 Sextam
1202 1767 1239 1804 8(
1256 1767 1496 1814 Septimam
1512 1767 1715 1811 eiusdem,
1737 1767 1960 1805 interseca-

320 1826 387 1858 tur
403 1823 475 1858 via
492 1821 689 1858 Cometae
706 1822 751 1857 in
767 1825 874 1867 part.
887 1821 923 1857 9.
936 1822 1040 1858 min.
1053 1821 1102 1858 27
1122 1823 1177 1864 )(‚
1195 1823 1264 1858 cui
1281 1821 1378 1858 loco
1395 1820 1605 1859 Moestlini
1620 1822 1847 1858 annotatio
1863 1820 1961 1858 satis

321 1873 538 1915 consentit.
552 1873 589 1911 8(
602 1874 816 1916 Latitudo‚
828 1873 857 1910 fi
869 1873 998 1920 ipfius
1010 1874 1340 1912 inclinationem
1351 1876 1534 1912 tramitis
1546 1873 1744 1912 Cometae
1757 1874 1812 1912 ad
1824 1873 1961 1920 Eclip-
2000 1886 2033 1911 30

320 1929 449 1964 ticam
464 1927 815 1973 applicuerimus,
834 1928 965 1964 etiam
977 1926 1088 1965 recle
1100 1927 1140 1964 se
1152 1926 1295 1971 habet,
1313 1927 1389 1965 Sin
1400 1939 1504 1965 vero
1517 1927 1717 1971 nostram,
1733 1929 1963 1974 proueniet

321 1980 395 2017 illa
411 1979 545 2026 paulo
561 1982 714 2023 maior,
730 1984 875 2026 vtpote
891 1980 1008 2027 grad.
1025 1980 1109 2019 283.

377 2030 547 2071 Odiana
564 2032 601 2069 8(
617 2032 780 2070 Vltima
792 2032 1060 2076 Obseruano,
1078 2033 1132 2071 ab
1150 2044 1202 2071 eo
1218 2031 1330 2071 facta
1347 2033 1402 2071 est
1418 2033 1502 2071 Die
1514 2033 1614 2071 VIII
1626 2033 1833 2080 Ianuarij‚
1851 2035 1964 2071 circa

322 2085 498 2123 Sextam
519 2086 883 2128 Pomeridianam,
908 2086 1095 2133 dicitque
1117 2086 1349 2124 Cometam
1372 2092 1474 2124 tunc
1495 2086 1610 2124 fuisse
1632 2088 1677 2123 in
1698 2097 1751 2123 eo
1772 2086 1962 2130 C1rculo,

323 2140 396 2185 qui
414 2150 436 2175 e
454 2138 581 2176 Sexta
598 2138 741 2185 Pegasi
762 2150 997 2185 parumper
1018 2139 1204 2177 declinat
1223 2139 1277 2177 ab
1294 2140 1497 2177 Humero
1518 2139 1669 2177 dextro
1687 2138 1854 2186 Cephei
1870 2151 1962 2177 ver·
2001 2151 2034 2176 35

323 2191 390 2228 sus
407 2191 624 2232 Austrum.
641 2190 831 2237 hincque
849 2194 1070 2238 componit
1087 2192 1215 2239 ipfius
1232 2192 1570 2240 Longitudinem
1583 2194 1628 2229 in
1641 2192 1682 2229 P.
1696 2192 1749 2229 12.
1763 2192 1825 2229 M.
1838 2191 1889 2229 32
1907 2194 1963 2236 )(,

324 2256 423 2281 cum
440 2244 685 2281 Latitudine
704 2244 757 2281 G.
772 2244 834 2281 28.
853 2245 915 2281 M.
928 2245 990 2288 40,
1008 2244 1213 2283 adiuncto
1229 2246 1427 2283 videlicet
1444 2245 1608 2283 Circuli
1624 2243 1767 2288 ductu,
1784 2245 1858 2283 sub
1876 2257 1964 2292 quo

323 2302 541 2343 perpetuo·
550 2297 716 2334 incessit.
729 2297 894 2334 Verum
907 2308 985 2344 ego
997 2298 1152 2335 eadem
1164 2298 1510 2336 Ratiocinatione
1521 2298 1631 2341 vsus,
1648 2298 1858 2336 adinueni
1870 2300 1964 2336 eius

325 2350 662 2396 Longitudinem
679 2349 1012 2397 correspondere
1030 2362 1052 2388 e
1069 2351 1266 2389 restitutis
1282 2351 1490 2389 Fixarum
1509 2351 1616 2388 locis
1631 2353 1677 2388 in
1692 2351 1808 2398 grad.
1826 2351 1890 2390 134
1908 2353 1963 2395 )(‚

325 2403 442 2449 quod
466 2402 553 2439 fere
577 2404 742 2449 integro
762 2403 898 2449 gradu
919 2403 1048 2449 ipfius
1070 2406 1424 2442 numerationem
1446 2404 1623 2442 excedit.
1647 2404 1697 2441 In
1717 2404 1964 2442 Latitudine
2003 2416 2036 2441 40

325 2455 474 2493 saltem
490 2457 676 2493 varietas
693 2457 912 2503 contingit,
933 2462 1061 2503 prout
1075 2457 1145 2494 vel
1160 2457 1288 2499 illius,
1305 2457 1374 2495 vel
1390 2457 1582 2494 nostrum
1597 2457 1824 2504 Angulum
1841 2457 1964 2494 Incli-

325 2510 516 2546 nationis
532 2510 615 2546 viae
633 2508 829 2546 Cometae
846 2509 901 2546 ad
918 2509 1181 2556 Eclipticam,
1199 2510 1541 2548 adhibuerimus.

1758 2562 1966 2601 Recensui
