2209 3213
350 241 399 278 60
842 237 924 275 DE
946 236 1171 275 MUNDI
1192 234 1494 273 AETHEREI

712 364 750 410 p
1037 343 1079 380 P.
1093 343 1155 380 65.
1173 341 1236 379 M.
1248 341 1311 379 33.
1329 341 1524 378 Demum
1540 342 1586 377 in
1602 339 1840 387 Triangulo
1857 338 1988 381 CPA,

1038 397 1143 442 quia
1153 395 1267 432 latus
1280 394 1372 437 CA,
1385 394 1426 431 Ρ.
1439 393 1474 431 8.
1486 393 1548 431 M.
1560 393 1613 436 15,
1630 393 1716 436 PA,
1733 393 1776 430 P.
1786 393 1848 431 58.
1862 392 1924 430 M.
1936 392 1989 436 51,

1039 449 1077 486 8(
1088 447 1290 495 Angulus
1303 447 1339 485 C
1347 448 1387 484 A
1395 447 1426 484 P
1437 446 1697 493 relinquitur
1708 446 1750 483 P.
1762 445 1841 483 102.
1854 445 1917 483 M.
1927 445 1990 488 23,

1040 502 1211 539 dabitur
1232 501 1364 538 Latus
1384 499 1472 543 PC,
1494 500 1536 537 P.
1554 499 1616 537 60.
1639 499 1701 536 M.
1719 499 1781 542 57,
1803 498 1991 546 comple-

1039 559 1238 592 mentum
1250 553 1501 596 latitudinis,
1513 552 1550 590 &
1560 552 1761 600 Angulus
1772 552 1808 590 C
1816 552 1902 594 ΡΑ,
1915 550 1991 589 dif-
2030 564 2046 589 5

1040 608 1222 645 ferentia
1236 606 1519 654 longitudinis
1531 608 1609 643 erit
1620 606 1663 643 P.
1675 606 1711 643 9.
1725 605 1788 643 M.
1802 605 1854 642 14.
1867 604 1992 642 Vnde

1041 661 1239 699 Cometae
1269 659 1494 707 longitudo
1524 658 1710 707 prosiliet
1737 660 1783 696 in
1806 663 1913 706 part.
1939 658 1992 695 14.

1041 716 1146 752 min.
1164 714 1204 752 15
1227 715 1283 758 )(,
1300 713 1338 751 &
1354 713 1537 751 latitudo
1554 712 1596 750 P.
1613 712 1676 750 29.
1694 712 1757 749 M.
1774 711 1798 749 3
1814 711 1959 749 borea.

373 857 404 899 ρ
422 740 1027 1030 Ab
1134 810 1472 911 ...effl-
1486 809 1875 919 fflffl..-
2037 882 2068 908 .

413 886 688 1031 -
1160 926 1225 969 lis,
1251 930 1470 973 repetatur
1494 925 1756 963 antecedens
1781 923 1996 971 figuratio,

1044 979 1082 1018 &
1104 985 1311 1017 manente
1336 981 1381 1016 in
1406 978 1580 1026 singulis
1601 977 1842 1025 Triangulo
1867 976 1996 1020 ΡΑΒ,

1044 1035 1122 1071 erit
1142 1035 1188 1070 in
1207 1032 1447 1080 Triangulo
1468 1031 1603 1075 (ΖΑΒ,
1626 1031 1758 1069 Latus
1778 1029 1872 1073 AC,
1896 1030 1939 1067 P.
1960 1030 1996 1068 7.

356 1094 419 1132 M.
441 1094 477 1137 5,
499 1093 592 1135 ΒΑ,
614 1091 656 1128 Ρ.
678 1091 714 1128 5.
736 1090 799 1127 Μ.
820 1089 856 1132 0,
878 1088 970 1131 CB,
991 1087 1034 1125 P.
1051 1087 1087 1125 6.
1110 1086 1173 1124 M.
1195 1086 1257 1127 55.
1279 1086 1466 1132 ideoque
1488 1084 1690 1132 Angulus
1711 1083 1851 1126 CAB,
1873 1083 1915 1120 Ρ.
1935 1082 1997 1121 67.

357 1147 420 1185 Μ.
433 1146 495 1190 24,
513 1145 550 1183 8(
567 1144 722 1182 deinde
739 1145 785 1180 in
795 1140 1034 1188 Triangulo
1049 1139 1179 1183 CAP,
1197 1151 1250 1177 ex
1266 1139 1419 1177 Latere
1431 1137 1525 1181 AC,
1542 1138 1585 1175 P.
1598 1138 1634 1176 7.
1647 1137 1710 1175 M.
1724 1138 1759 1180 5,
1777 1136 1863 1180 ΑΡ,
1880 1136 1923 1174 P.
1936 1136 1998 1174 58.
2041 1148 2071 1173 15

357 1202 461 1238 min.
474 1200 527 1242 51,
545 1198 582 1235 &
594 1196 770 1244 Angulo
783 1195 909 1238 CAP,
927 1195 1002 1241 qui
1018 1193 1278 1239 relinquitur
1293 1192 1336 1229 P.
1350 1191 1429 1229 104.
1442 1193 1548 1229 min.
1562 1191 1615 1234 15,
1632 1191 1759 1228 datur
1771 1190 1904 1228 Latus
1916 1189 1998 1232 CP,

358 1254 400 1291 Ρ.
413 1253 475 1290 60.
488 1254 591 1290 min.
604 1251 666 1293 50,
684 1249 1054 1296 complementum
1070 1245 1310 1283 latitudinis
1326 1245 1537 1287 Cometae,
1555 1243 1593 1281 8(
1609 1243 1812 1291 Angulus
1828 1242 2001 1290 insuper

359 1306 489 1349 CPA,
511 1304 756 1342 differentia
771 1301 1065 1349 longitudinis,
1086 1299 1128 1336 P.
1146 1299 1182 1337 7.
1199 1300 1304 1336 min.
1321 1299 1384 1341 52,
1405 1298 1520 1335 vnde
1541 1297 1596 1335 ad
1617 1296 1701 1334 hoc
1716 1302 1888 1343 tempus
1903 1307 2000 1343 pro·

358 1361 479 1398 uenit
491 1358 689 1396 Cometae
705 1355 930 1403 longitudo
942 1355 987 1391 in
999 1353 1109 1390 Part.
1121 1352 1173 1390 15.
1184 1351 1295 1389 Min.
1306 1351 1356 1390 37
1371 1353 1426 1396 )(,
1444 1350 1626 1389 latitudo
1638 1350 1681 1388 P.
1692 1350 1754 1388 29.
1765 1351 1870 1388 min.
1881 1349 1922 1387 10
1932 1349 1978 1387 Β.
1987 1345 2001 1398 ΙΙ

893 1450 993 1489 DIE
1014 1449 1171 1488 XXVI.
1188 1449 1209 1495 J
1213 1448 1471 1487 ANVARII.
1784 1467 1804 1494 p
2034 1452 2077 1484 64

477 1517 555 1556 OC
569 1517 649 1559 die,
663 1527 751 1563 quo
761 1514 872 1553 Com
879 1518 959 1551 etae
968 1512 1170 1550 vltimum
1179 1511 1402 1558 vestigium
1412 1509 1631 1557 conspexi-

488 1582 598 1613 mus,
611 1570 741 1616 idque
751 1567 898 1606 medio
908 1567 1004 1604 loco
1014 1567 1126 1603 inter
1135 1564 1291 1603 Scheat
1301 1563 1447 1611 Pegafi
1457 1563 1494 1601 8(
1504 1575 1631 1610 prox-

360 1628 495 1663 imam
508 1625 695 1662 duarum
707 1631 947 1668 paruarum
958 1621 1004 1656 in
1015 1617 1186 1666 pectore
1199 1617 1403 1660 eiusdem,
1415 1619 1475 1654 ita
1483 1622 1632 1654 tamen

360 1684 403 1716 vt
424 1678 478 1716 ab
499 1677 581 1715 hac
602 1676 719 1713 linea
739 1677 1040 1712 remoueretur
1061 1670 1180 1718 quafi
1199 1682 1288 1708 vno
1310 1670 1466 1708 Gradu
1485 1669 1633 1707 versus

362 1731 609 1773 Meridiem,
626 1728 744 1766 velut
760 1727 955 1774 superius
971 1728 1017 1763 in
1033 1724 1120 1762 fine
1138 1724 1305 1771 Capitis
1321 1725 1450 1771 primi
1471 1722 1633 1760 indica·
2041 1733 2074 1758 25

362 1791 455 1822 tum
472 1783 538 1826 est,
557 1785 649 1820 eius
665 1782 812 1819 locum
828 1781 1102 1827 inquiremus
1119 1779 1164 1815 in
1180 1776 1298 1814 hunc
1315 1776 1510 1814 modum.

416 1837 476 1875 Sit
496 1837 527 1874 P
547 1836 678 1873 Polus
695 1834 926 1881 Eclipticae,
943 1833 983 1870 A
1001 1831 1157 1870 Scheat
1173 1829 1330 1877 Pegafi,
1353 1831 1477 1867 cuius
1497 1828 1633 1876 longi-

362 1891 467 1928 tudo
483 1892 528 1927 in
545 1890 654 1926 Part.
671 1888 733 1925 23.
751 1887 862 1925 Min.
880 1886 930 1923 29
953 1887 1008 1930 )(‚
1026 1884 1208 1922 latitudo
1225 1884 1267 1921 P.
1280 1883 1333 1920 31.
1347 1883 1410 1920 M.
1423 1882 1447 1920 9
1462 1881 1632 1920 Boreal.

364 1944 397 1981 B
422 1942 601 1981 Stellula
623 1939 807 1989 pectoris
829 1938 974 1987 Pegasi
996 1937 1224 1975 Borealior
1246 1938 1291 1974 in
1312 1936 1423 1974 Part.
1445 1935 1498 1974 18.
1521 1935 1632 1973 Min.

365 1996 433 2035 3622
460 1998 496 2039 )(
507 2025 515 2038 ,
532 1994 714 2032 latitudo
731 1994 773 2031 P.
786 1993 848 2030 29.
865 1992 929 2030 M.
946 1992 1019 2030 243-
1035 1990 1148 2038 Sept.
1166 1989 1316 2036 Quare
1334 1991 1379 2026 in
1394 1988 1634 2036 Triangulo
2043 1998 2077 2024 30

365 2049 498 2091 PBA,
524 2050 602 2086 erit
627 2048 759 2084 Latus
784 2046 868 2088 PB,
894 2045 937 2082 P.
954 2044 1016 2082 60.
1035 2043 1097 2081 M.
1115 2043 1200 2087 3532,
1224 2042 1422 2080 videlicet
1448 2041 1635 2088 comple·
1972 2039 2002 2076 Α

365 2108 563 2139 mentum
574 2100 812 2138 latitudinis
824 2097 1016 2136 Stellulae
1028 2094 1259 2144 praedictae,
1273 2096 1406 2133 Latus
1417 2095 1504 2138 PA,
1516 2095 1559 2132 Ρ.
1572 2094 1634 2132 58.
1758 2094 1777 2122 Β

366 2155 430 2192 Μ.
443 2155 496 2198 51,
512 2153 883 2200 complementum
893 2151 1133 2188 latitudinis
1145 2149 1302 2187 Scheat
1314 2147 1470 2196 Pegasi,
1487 2148 1635 2195 Angu-

366 2208 434 2245 lus
446 2208 479 2245 B
488 2208 573 2250 PA,
591 2207 633 2244 P.
646 2207 681 2243 4.
696 2206 758 2243 M.
771 2205 843 2244 521}
855 2203 1100 2242 differentia
1110 2202 1393 2249 longitudinis
1405 2200 1635 2247 Vtriusque,

368 2272 468 2308 ergo
490 2261 622 2298 Latus
643 2259 737 2301 BA,
759 2259 801 2295 P.
818 2258 854 2295 4.
872 2257 934 2294 M.
952 2257 1002 2294 34
1023 2256 1123 2299 fere,
1145 2255 1182 2293 8(
1204 2255 1337 2293 Latus
1356 2254 1441 2292 DA
1463 2256 1556 2291 eius
1577 2253 1636 2291 di·
2046 2263 2079 2288 35

367 2314 564 2355 midium,
581 2313 623 2350 P.
636 2312 672 2350 2.
685 2312 748 2349 M.
762 2312 814 2349 17.
832 2310 1036 2356 Cumque
1048 2308 1250 2356 Angulus
1262 2308 1335 2345 PA
1345 2308 1378 2345 B
1393 2308 1636 2355 proueniat,

368 2367 410 2404 P.
433 2367 495 2404 111.
517 2366 580 2403 M.
602 2366 668 2407 115,
691 2376 783 2402 non
806 2363 1074 2411 ignorabitur
1097 2364 1142 2399 in
1162 2360 1401 2408 Triangulo
1424 2359 1560 2403 PAD,
1585 2370 1638 2396 ex

369 2422 481 2457 notis
493 2418 664 2457 duobus
678 2417 896 2459 lateribus,
913 2427 1014 2453 cum
1026 2414 1202 2462 Angulo
1215 2412 1540 2460 comprehenso,
1557 2417 1637 2449 ter·
1660 2418 1676 2437 Β
1784 2421 1803 2442 r
1926 2417 1945 2440 *ἱ

369 2475 477 2510 tium
490 2472 622 2509 Latus
633 2471 725 2513 PD,
738 2471 780 2508 P.
794 2470 855 2508 59.
869 2469 932 2507 Μ.
944 2469 1007 2511 42,
1022 2468 1393 2514 complementum
1405 2465 1644 2503 latitudinis
1655 2464 1739 2502 loci
1750 2462 2007 2510 intermedij.

371 2525 435 2563 Est
451 2528 597 2572 itaque
614 2524 796 2562 latitudo
812 2523 896 2560 loci
912 2522 1043 2559 huius
1059 2522 1101 2558 P.
1119 2520 1181 2558 30.
1199 2520 1262 2558 M.
1275 2519 1328 2561 18,
1346 2531 1372 2557 a
1388 2530 1476 2566 quo
1492 2518 1522 2555 fi
1537 2517 1790 2555 subduxeris
1807 2515 2009 2554 Gradum
2047 2527 2080 2552 40

1859 2579 2009 2611 vnum,
