2209 3213
98 336 157 367 11ν

103 1083 132 1107 15

98 1348 130 1373 20

95 1880 128 1905 30

85 2140 140 2171 12r

93 2411 126 2435 40

429 221 519 259 AD
541 221 852 259 CRAIGUM
874 220 1146 259 SCOTUM
1169 221 1252 259 DE
1274 222 1564 261 COMETIS
1748 225 1816 261 431

176 327 360 375 plenius,
378 327 479 374 qvid
495 327 547 364 de
564 327 648 364 hoc
663 330 837 374 negotio
853 327 1048 369 statuam,
1065 338 1206 374 neqve
1222 339 1293 365 me
1310 325 1324 377 ΙΙ
1341 329 1614 367 necessariam
1632 329 1703 367 sed
1719 341 1815 377 pro-

177 380 365 418 babilem
384 385 555 418 tantum
576 382 792 418 rationem
813 392 866 418 ex
887 380 961 418 ista
982 379 1236 418 collectione
1253 380 1439 419 astruere
1456 382 1580 420 velle.
1603 382 1817 429 Qvamvis

175 433 302 471 valde
323 433 528 477 dubitem,
551 444 620 477 an,
643 433 806 470 etiamfi
823 433 1022 471 Cometae
1038 432 1165 480 supra
1182 435 1249 478 (m
1266 435 1341 471 esse
1362 435 1523 481 possint‚
1541 435 1579 472 &
1595 436 1815 474 nihilomi-

176 498 259 524 nus
275 488 399 524 citius
416 497 546 533 qvam
558 486 633 523 illa
644 491 767 523 motu
778 488 955 533 proprio
968 488 1082 529 cieri,
1100 487 1154 523 ob
1166 487 1209 524 id
1221 486 1432 533 seqvatur‚
1451 489 1565 535 qvod
1576 488 1689 527 infra
1701 489 1816 527 hanc

174 539 296 587 pofiti
320 540 486 577 tardius
510 540 740 577 incedendi
765 541 1056 586 praerogativa
1080 539 1310 586 gaudeant.
1338 541 1456 578 Nam
1479 542 1679 588 qvicqvid
1703 542 1816 580 infra

173 594 234 638 (Cn
250 597 494 640 generatur,
515 592 809 630 Meteoricum
825 591 863 629 &
880 592 1156 629 Elementare
1178 592 1232 630 est
1251 604 1301 630 ac
1317 595 1362 630 in
1378 594 1545 632 lubrica
1561 607 1672 642 vaga
1687 603 1815 642 atqve

174 645 431 683 inconstanti
447 647 631 683 materia
646 645 850 689 versatur,
867 645 1104 692 praesertim
1120 645 1149 682 fi
1165 646 1315 683 ardeat
1327 646 1365 684 &
1376 646 1663 685 leviusculum
1674 648 1814 692 fuerit,

174 699 290 736 unde
307 710 387 736 nec
404 704 569 736 certum
584 703 795 741 tenorem,
816 710 896 735 nec
915 709 1017 735 eum
1033 698 1145 735 adeo
1162 704 1207 736 ut
1225 700 1276 743 ((3
1293 700 1569 737 moderatum
1587 701 1814 739 observare

174 753 340 799 poterit.
353 751 437 789 Sed
448 751 528 794 his,
542 763 642 789 cum
654 753 743 788 vim
755 751 1133 788 demonstrationis
1145 752 1474 790 Mathematicae
1486 765 1577 791 non
1590 755 1815 793 obtineant

174 804 211 842 &
226 806 347 842 varie
363 804 418 842 ab
434 806 596 852 argutis
612 806 797 852 ingenijs
813 806 859 842 in
875 804 989 842 hanc
1001 804 1070 841 vel
1082 804 1203 842 illam
1214 810 1383 851 partem
1394 806 1508 843 trahi
1520 813 1691 853 qveant,
1709 808 1814 846 nolo

172 858 354 896 ulterius
374 857 603 895 inhaerere.
626 857 822 895 Sufficiat
843 857 1059 895 ostendisse
1080 862 1164 895 tres
1186 858 1282 896 illas
1302 861 1468 905 priores
1485 860 1649 898 nostras
1665 860 1813 899 Maxi-

170 921 276 949 mas
286 911 383 948 satis
395 910 666 958 probabilem
679 910 841 948 habere
852 910 1138 957 persvadendi
1150 911 1433 956 occasionem,
1452 913 1684 951 Cometam
1696 913 1814 952 hunc

171 966 314 1011 potius
330 963 458 1011 supra
475 965 541 1009 (¹¹²
558 975 690 1011 qvam
706 963 820 1001 infra
841 963 955 1001 hanc
977 964 1125 1001 circuli
1146 963 1208 1001 sui
1229 976 1432 1003 normam
1454 966 1682 1009 absolvisse,
1704 979 1812 1014 prae-

170 1017 313 1054 sertim
329 1022 542 1064 qvantum
558 1017 613 1055 ad
629 1019 820 1064 priorem
838 1028 890 1054 ex
906 1028 1011 1055 arcu
1031 1019 1212 1064 majoris
1234 1018 1394 1061 circuli,
1416 1030 1501 1065 qvo
1522 1025 1744 1066 perpetuo,
1767 1023 1813 1058 in

170 1081 428 1117 qvacunqve
443 1070 621 1108 tandem
633 1070 862 1108 altitudine
874 1070 1185 1114 observaretur,
1203 1071 1259 1108 ad
1271 1072 1466 1109 amussim
1478 1073 1646 1116 incessit,
1663 1074 1811 1111 induc-

169 1125 334 1161 tionem
350 1125 513 1167 attinet,
536 1135 633 1170 qvae
652 1135 743 1161 non
759 1123 909 1161 saltem
924 1123 1197 1170 probabilem
1213 1123 1283 1161 sed
1301 1126 1432 1162 etiam
1448 1126 1724 1164 necessariam
1741 1127 1811 1164 de-

168 1176 490 1214 monstrationis
497 1178 587 1214 vim
596 1176 772 1219 obtinet,
782 1188 912 1224 qvam
923 1188 1055 1214 nemo
1064 1177 1341 1215 Mathemata
1351 1178 1684 1226 intelligentium
1693 1191 1810 1218 ever-

168 1235 256 1267 tere
273 1229 444 1267 valebit.

221 1283 391 1330 Hisqve
406 1285 551 1330 itaqve
567 1282 829 1321 sufficienter
846 1288 996 1321 contra
1008 1288 1106 1320 tuas
1117 1285 1284 1330 priores
1296 1287 1646 1332 oppugnationes
1657 1286 1811 1324 stabili-

167 1338 302 1374 menti
318 1336 416 1374 loco
433 1336 680 1380 constitutis,
702 1336 758 1374 ad
775 1336 1116 1374 Mathematicas
1133 1337 1520 1375 demonstrationes
1537 1339 1809 1383 accedamus,

168 1389 322 1437 qvibus
338 1389 463 1427 fitum
481 1389 678 1428 Cometae
699 1401 979 1437 neqvaqvam
995 1389 1319 1428 Elementarem
1335 1390 1405 1429 sed
1421 1391 1551 1437 plane
1569 1392 1811 1430 aethereum

165 1442 292 1487 fuisse,
310 1442 407 1480 satis
425 1443 648 1481 evidenter
664 1443 959 1490 comprobavi.
978 1443 1097 1480 Nam
1112 1448 1151 1481 et
1165 1443 1245 1481 has
1261 1444 1506 1482 convellere
1523 1456 1613 1482 non
1628 1447 1810 1483 intenta—

165 1500 258 1533 tum
279 1495 493 1543 reliqvisti,
518 1496 633 1543 qvod
654 1496 760 1534 dum
780 1497 929 1540 audes,
952 1502 991 1533 te
1012 1508 1112 1534 mea
1133 1508 1225 1534 non
1245 1499 1419 1544 penitus
1440 1497 1701 1545 perspexisse,
1725 1498 1810 1537 five

165 1560 241 1596 per
257 1551 474 1587 incuriam
490 1549 696 1596 aliqvam,
713 1549 797 1587 sive
815 1550 916 1588 data
932 1561 1079 1597 opera,
1096 1549 1293 1593 ostendis,
1311 1556 1385 1588 aut
1398 1553 1530 1588 etiam
1543 1551 1617 1589 illa
1629 1551 1809 1590 studiose

166 1604 212 1640 in
234 1602 372 1640 alium
394 1602 564 1640 sensum
587 1602 773 1647 trahere,
797 1603 981 1650 ideoqve
1006 1614 1098 1640 non
1118 1608 1207 1640 tam
1229 1609 1421 1641 evertere
1443 1616 1574 1651 qvam
1595 1606 1810 1643 invertere

166 1660 241 1693 aut
256 1657 400 1703 potius
416 1661 662 1703 pervertere
679 1656 804 1699 velle,
824 1662 870 1694 ut
886 1656 1144 1694 videbimus.
1167 1657 1216 1694 In
1232 1656 1420 1695 secunda
1437 1658 1809 1705 comprobatione,

166 1720 263 1746 cum
287 1711 406 1756 prior
427 1720 449 1747 e
470 1708 608 1748 ductis
630 1709 766 1747 tribus
789 1711 1027 1757 ratiocinijs
1052 1711 1183 1747 nimis
1208 1710 1467 1757 generaliter
1488 1711 1713 1758 desumpta
1733 1711 1809 1750 ali-

165 1762 319 1809 qvibus
342 1763 479 1800 videri
504 1763 634 1809 possit‚
660 1763 966 1810 particularius
990 1768 1030 1800 et
1054 1765 1211 1800 certius
1236 1774 1289 1801 ex
1314 1764 1411 1810 ipsis
1435 1764 1808 1803 observationibus

165 1814 480 1854 Mathematice
495 1816 785 1854 demonstravi
798 1816 1032 1854 Cometam
1045 1818 1106 1861 (ζέ
1117 1816 1286 1854 sedibus
1299 1818 1529 1855 necessario
1541 1817 1808 1864 superiorem

165 1867 292 1906 fuisse.
310 1868 427 1907 Cum
444 1871 562 1907 enim
578 1869 809 1907 intervallo
825 1871 957 1907 trium
973 1869 1185 1907 horarum
1202 1869 1271 1907 die
1288 1870 1337 1907 23
1355 1870 1570 1908 Novemb.
1588 1870 1659 1908 ille
1676 1873 1722 1908 in
1739 1883 1806 1909 oc-

165 1922 293 1959 cidua
314 1922 413 1960 coeli
434 1922 563 1970 plaga
584 1922 836 1960 constitutus
857 1923 912 1960 ad
933 1922 1097 1960 stellam
1113 1924 1158 1960 in
1175 1922 1282 1961 rictu
1298 1923 1442 1970 Pegasi
1460 1935 1537 1971 per
1552 1924 1806 1962 instrumen-

163 1980 256 2012 tum
278 1977 479 2013 omnium
500 1975 803 2023 scrupulorum
825 1987 963 2023 capax
985 1976 1200 2013 accessisset
1220 1981 1343 2014 motu
1364 1976 1440 2014 suo
1460 1979 1638 2024 proprio
1660 1978 1701 2015 12
1722 1978 1806 2015 Mi-

164 2030 291 2071 nutis,
317 2028 465 2066 versus
490 2040 622 2076 qvam
647 2029 777 2076 ipfius
802 2031 882 2067 iter
904 2031 1103 2076 proxime
1126 2030 1402 2077 dirigebatur,
1429 2042 1613 2077 cumqve
1638 2042 1660 2068 e
1684 2037 1807 2068 motu

164 2080 322 2119 diurno
349 2083 443 2129 ejus
468 2094 490 2120 e
517 2082 726 2120 confimili
753 2082 993 2125 altitudine,
1020 2094 1156 2129 usqve
1182 2084 1228 2120 in
1253 2083 1387 2120 aliam
1413 2084 1683 2131 deprompto,
1710 2096 1806 2131 qvae

165 2139 255 2172 erat
270 2137 461 2182 partium
477 2135 652 2182 praecise
669 2132 684 2185 ΙΙ
701 2136 902 2179 duarum,
924 2135 1268 2182 conseqveretur,
1289 2141 1334 2174 ut
1352 2137 1487 2174 tribus
1504 2136 1636 2179 horis,
1654 2143 1807 2184 qvarta

163 2188 322 2234 gradus
348 2194 471 2235 parte
497 2190 639 2227 eidem
664 2189 794 2226 stellae
820 2191 1202 2236 appropinqvaret,
1229 2201 1255 2227 a
1280 2201 1365 2236 qva
1391 2190 1632 2228 observatio
1658 2190 1807 2228 saltem

163 2243 294 2278 ternis
311 2241 522 2289 scrupulis
538 2242 704 2286 defecit,
722 2242 877 2289 qvibus
890 2242 1002 2280 Solis
1014 2242 1295 2280 Parallaxeos
1312 2243 1487 2290 aliqvod
1503 2243 1727 2291 vestigium
1743 2246 1805 2281 in—

163 2292 323 2332 finuari
342 2297 482 2341 potuit
499 2295 626 2341 (alias
643 2297 762 2333 enim
778 2300 923 2333 motus
939 2295 1225 2333 intermedius
1241 2296 1417 2334 illarum
1433 2298 1565 2334 trium
1581 2296 1805 2339 horarum,

162 2348 207 2384 in
222 2347 395 2385 diverfis
409 2348 711 2386 altitudinibus
724 2348 986 2392 observatus,
1000 2349 1159 2386 diurno
1171 2349 1233 2386 illi
1245 2349 1417 2396 prorsus
1429 2349 1562 2387 fuisset
1574 2350 1804 2397 analogus)

163 2402 309 2447 utiqve
335 2400 569 2439 Cometam
594 2404 878 2449 perexiguam
903 2403 1062 2449 vixqve
1092 2402 1417 2449 perceptibilem
1446 2402 1635 2440 habuisse
1661 2404 1804 2440 Paral-

162 2452 294 2497 laxin,
311 2455 405 2501 qvis
422 2454 642 2493 Mathesin
658 2455 1008 2493 Astronomicam
1025 2455 1269 2503 intelligens
1286 2457 1347 2493 ire
1364 2458 1519 2502 poterit
1536 2455 1732 2493 inficias?
1748 2457 1805 2493 At

162 2505 236 2543 illa
261 2511 385 2545 terna
410 2507 623 2555 scrupula,
650 2508 806 2555 qvibus
831 2513 977 2545 motus
1002 2510 1204 2555 proprius
1230 2508 1521 2551 inhibebatur,
1549 2521 1633 2555 qvo
1659 2511 1804 2599 mineus

1657 2573 1737 2599 exa
1781 2574 1803 2598 e
