2209 3213
103 498 168 530 434

126 821 156 847 10

127 1087 157 1112 15

126 1352 160 1377 20

127 1618 160 1644 25

128 1884 161 1910 30

111 2144 175 2176 435

130 2415 164 2441 40

512 224 1033 263 RECENTIORIBUS
1053 223 1511 262 PHAENOMENIS
1758 223 1834 261 345

191 337 320 369 metae
343 331 589 378 Longitudo
612 333 657 368 in
680 331 796 378 grad.
820 331 882 369 23.
907 333 1011 368 min.
1034 331 1097 370 10}
1121 339 1179 374 m,
1203 341 1291 368 vna
1314 341 1414 367 cum
1438 330 1684 367 Latitudine
1708 329 1749 366 P.
1771 329 1834 366 26.

192 385 256 422 M.
272 384 319 423 8}
335 384 488 422 Borea.
511 383 648 421 Haud
664 384 788 421 aliter
808 383 897 431 post
913 383 1104 430 elapsam
1120 385 1333 430 integram
1349 382 1523 420 Horam
1539 382 1617 419 fuit
1634 381 1836 420 Ascenfio

192 436 322 476 Recta
341 437 471 484 medij
495 436 611 475 Coeli
632 438 677 474 in
697 436 814 484 grad.
835 437 871 475 5.
892 439 997 474 min.
1019 437 1094 480 172,
1116 435 1171 474 ab
1191 434 1473 483 AEquinoclio
1494 447 1643 473 verno.
1668 435 1786 472 Hinc
1808 434 1836 472 fi

192 490 416 529 auferatur
431 489 634 537 Angulus
654 489 792 533 BAK,
813 489 930 537 grad.
946 490 1010 527 49.
1031 491 1135 527 min.
1155 490 1213 532 5¹,
1235 491 1438 536 prouenit
1454 484 1468 538 ΙΙ
1484 488 1685 526 Ascenfio
1708 486 1837 525 Recta

193 543 404 587 Cometae,
420 542 537 590 grad.
552 542 632 580 316.
650 544 754 580 min.
770 542 844 581 1232
863 542 1067 589 Cumque
1085 542 1333 579 Declinatio
1350 544 1444 579 eius
1460 541 1514 579 ad
1531 541 1648 579 idem
1664 541 1836 583 instans,

193 608 246 634 ex
262 595 584 643 complemento
600 597 720 642 prius
736 600 919 641 reperto,
937 595 982 632 fit
993 595 1036 632 P.
1049 596 1093 632 11.
1107 595 1170 632 M.
1182 595 1240 639 0³2⁷,
1258 595 1376 642 quod
1392 594 1546 632 nostrae
1562 596 1838 632 annotationi

192 651 390 697 apprime
402 648 622 692 consentit,
637 650 860 686 inuenitur
872 650 1004 686 etiam
1015 647 1118 685 hinc
1130 648 1375 695 Longitudo
1388 647 1586 686 Cometae
1599 649 1643 685 in
1655 652 1761 694 part.
1774 646 1837 684 22.

192 704 297 740 min.
314 702 379 741 21⁷}
398 711 457 745 za,
475 701 513 739 8(
529 701 732 739 Latitudo
748 712 836 739 vna
851 701 968 748 grad.
986 700 1048 738 26.
1065 702 1170 738 min.
1188 701 1259 740 29}
1277 701 1431 738 Borea.

246 755 366 793 Hinc
376 753 652 793 manifestum
662 754 820 797 euadit,
834 765 887 791 ex
896 753 1146 791 Azimuthis
1157 753 1194 790 8(
1204 753 1519 791 Altitudinibus
1530 753 1712 801 Nolthij,
1726 753 1838 790 Lon-

193 808 433 856 gitudinem
444 807 643 846 Cometae
656 809 701 844 in
713 806 915 845 Secunda
927 806 1243 845 Obseruatione
1255 806 1459 844 resultare
1475 807 1526 844 49
1542 806 1751 853 scrupulis
1762 818 1837 844 an-

192 863 409 905 teriorem,
431 872 566 908 quam
581 862 627 898 in
643 860 800 904 Prima,
820 871 920 897 cum
936 861 1081 906 potius
1097 865 1200 897 tunc
1215 859 1421 906 posterior
1438 860 1514 897 esse
1531 860 1737 897 debuerit.
1759 859 1839 896 Per

193 914 443 953 Parallaxin
465 915 612 961 itaque
635 913 869 951 interuallo
892 915 1033 950 vnicae
1057 912 1209 956 Horae,
1233 912 1322 950 fere
1346 914 1364 951 {3
1385 914 1513 950 vnius
1536 913 1695 960 gradus
1718 912 1839 950 fieret

194 967 501 1015 Retrogradus;
519 966 623 1014 quid
640 968 835 1004 eueniret
851 966 880 1003 fi
896 965 1180 1003 interuallum
1194 967 1401 1013 temporis
1413 970 1639 1012 caperetur
1651 966 1840 1003 duarum

193 1020 263 1058 vel
283 1022 415 1058 trium
436 1018 692 1058 Horarum?
712 1019 827 1057 Sane
848 1019 1100 1057 redderetur
1120 1018 1216 1056 haec
1237 1019 1549 1066 retrogradatio
1569 1024 1658 1056 tam
1679 1030 1840 1066 magna

195 1073 233 1112 8(
245 1074 439 1117 euidens,
451 1078 494 1111 vt
506 1072 766 1117 Moestlinus,
779 1071 817 1110 8(
829 1074 986 1116 caeteri,
999 1072 1051 1109 de
1064 1072 1222 1118 quibus
1234 1072 1335 1115 dixi,
1349 1083 1447 1109 eam
1459 1083 1534 1118 per
1547 1071 1700 1109 Stellas
1712 1071 1840 1109 Fixas

194 1138 285 1165 non
302 1126 479 1164 obscure
495 1126 797 1174 cognouissent,
819 1125 951 1172 idque
967 1124 1036 1162 vel
1052 1124 1142 1162 solo
1159 1124 1325 1162 oculari
1341 1127 1512 1168 intuitu,
1530 1130 1604 1162 aut
1621 1126 1752 1162 etiam
1769 1136 1839 1162 ex-

195 1180 393 1228 peditius,
409 1191 486 1226 per
502 1179 842 1227 applicationem
858 1178 1035 1226 Regulae
1052 1177 1121 1215 vel
1136 1177 1211 1221 fili,
1228 1183 1357 1225 prout
1373 1178 1444 1215 ille
1461 1176 1681 1215 factitauit.
1704 1177 1841 1215 Haud

195 1233 320 1271 aliter
335 1234 381 1270 in
397 1232 645 1270 Latitudine
662 1234 794 1270 etiam
810 1231 908 1269 satis
925 1231 1107 1269 euidens
1126 1230 1237 1269 facta
1258 1230 1313 1268 est
1333 1232 1593 1274 immutatio,
1615 1230 1670 1268 ad
1690 1230 1731 1267 21
1752 1230 1840 1267 fere

195 1288 367 1324 minuta
388 1287 434 1323 in
453 1285 676 1333 posteriori
697 1284 1014 1323 Obseruatione
1037 1283 1297 1327 excrescens,
1322 1284 1439 1331 quod
1463 1290 1610 1321 tamen
1634 1283 1688 1321 est
1710 1283 1841 1330 plane

196 1340 528 1383 inconueniens‚
545 1338 583 1377 8(
600 1338 989 1377 Obseruationibus
1005 1337 1195 1375 aliorum
1211 1342 1435 1384 repugnat.

250 1392 529 1440 Quapropter
550 1403 650 1429 cum
671 1403 724 1429 ex
741 1391 1012 1429 Dedomenis
1029 1390 1197 1438 Nolthij
1220 1390 1482 1437 sequeretur,
1503 1395 1546 1427 vt
1563 1389 1749 1428 Cometa
1769 1389 1842 1427 ad-

196 1445 380 1484 modum
396 1445 621 1483 euidenter
636 1456 713 1492 per
728 1446 903 1482 vnicam
920 1444 1095 1481 Horam
1110 1444 1386 1491 retrogradus
1402 1443 1535 1486 fieret,
1558 1443 1675 1490 quod
1694 1448 1842 1480 tamen

197 1510 341 1546 neque
361 1498 563 1541 aliorum,
585 1509 729 1545 neque
750 1499 881 1535 etiarn
902 1499 1089 1545 proprijs
1110 1496 1260 1534 nostris
1280 1498 1599 1544 experimentis,
1621 1496 1676 1533 ad
1697 1495 1842 1543 plures

198 1554 330 1590 etiam
346 1551 496 1589 Horas
518 1551 580 1598 (in
601 1551 759 1598 quibus
779 1550 924 1589 adhuc
944 1552 1086 1588 maior
1106 1549 1227 1588 fieret
1243 1549 1340 1588 talis
1357 1548 1595 1595 diuersitas)
1618 1549 1843 1596 diligenter

197 1605 368 1649 habitis,
394 1604 736 1643 consentaneum
761 1610 864 1648 erat,
892 1604 1052 1642 idcirco
1078 1615 1130 1641 ea
1154 1608 1367 1650 tanquam
1393 1604 1527 1640 errori
1553 1602 1745 1640 euidenti
1770 1602 1843 1639 ob-

197 1660 344 1702 noxia,
367 1657 404 1696 8(
424 1658 480 1697 ad
497 1657 747 1696 Parallaxes
763 1659 841 1695 rite
858 1657 1177 1695 constituendas
1193 1658 1375 1694 minime
1392 1661 1622 1703 oportuna,
1644 1655 1843 1702 repudia-

197 1723 309 1756 muS,
330 1723 410 1749 nec
430 1716 571 1750 ratam
587 1723 641 1749 ex
656 1712 708 1759 ijs
725 1711 1028 1749 certitudinem
1044 1712 1089 1748 in
1106 1709 1190 1748 hoc
1206 1710 1346 1748 arduo
1362 1711 1536 1757 negotio
1553 1708 1843 1755 disquirendo,

199 1766 297 1803 elici
312 1765 423 1812 posse
438 1766 798 1812 pronunciamus

252 1818 358 1862 Imo,
376 1817 405 1856 fi
420 1817 531 1856 nihil
547 1818 667 1856 aliud
684 1818 790 1861 esset,
807 1817 925 1864 quod
942 1816 1293 1854 insufficientiam
1308 1815 1551 1853 eorundem
1563 1814 1844 1852 Dedomeno-

198 1883 297 1909 rum
318 1871 544 1919 detegeret,
565 1876 677 1909 certe
694 1871 943 1908 Declinatio
963 1872 1106 1908 maior
1125 1871 1392 1917 proueniens
1411 1870 1556 1915 quinis
1574 1867 1783 1914 scrupulis
1799 1869 1845 1904 in

198 1924 424 1963 Posteriori
436 1924 764 1967 Obseruatione,
780 1935 914 1971 quam
927 1926 972 1961 in
984 1924 1144 1967 Priore,
1161 1922 1346 1970 idipsum
1358 1922 1456 1959 satis
1468 1924 1703 1964 euinceret;
1721 1920 1844 1967 siqui-

199 1978 311 2022 dem,
335 1977 365 2015 fi
386 1982 554 2016 tantam
578 1977 785 2016 habuisset
808 1976 995 2015 Cometa
1020 1976 1282 2019 Parallaxin‚
1310 1975 1570 2017 Declinatio,
1598 1985 1698 2021 quae
1722 1979 1846 2010 motu

199 2032 376 2079 proprio
396 2030 547 2069 saltem
566 2032 695 2068 vnico
716 2032 888 2068 minuto
908 2041 985 2077 per
1006 2030 1180 2067 Horam
1202 2028 1425 2071 crescebat,
1447 2030 1492 2065 in
1514 2027 1738 2065 Posteriori
1759 2026 1845 2064 Ob-

199 2084 443 2122 seruatione
456 2084 681 2122 euidenter
692 2086 838 2121 minor
848 2083 980 2121 fuisset
992 2094 1068 2130 per
1080 2082 1330 2120 Parallaxin
1344 2081 1523 2124 reddita,
1541 2080 1578 2118 8(
1595 2080 1846 2117 nullatenus

200 2139 357 2181 maior;
375 2133 787 2187 quem-ssadmodum
804 2136 842 2174 8(
858 2136 1062 2174 Latitudo
1078 2135 1225 2173 versus
1242 2135 1495 2182 Eclipticam
1512 2133 1756 2171 decreuisset
1772 2144 1845 2180 po—

200 2193 297 2235 tius,
310 2202 445 2238 quam
454 2189 640 2229 adaucta
649 2189 794 2233 fuisset,
807 2191 931 2228 cuius
941 2195 1089 2227 tamen
1099 2190 1368 2227 contrarium
1379 2188 1590 2235 praemissa
1601 2186 1846 2233 supputatio

201 2243 460 2282 ostendebat.

254 2297 318 2335 Ex
334 2297 492 2344 quibus
507 2302 636 2344 patet,
654 2308 745 2334 non
761 2296 900 2334 solum
917 2298 962 2333 in
977 2300 1186 2342 tempore,
1203 2294 1272 2332 sed
1290 2296 1421 2332 etiam
1434 2295 1478 2331 in
1490 2292 1587 2340 ipsis
1598 2290 1847 2329 Azimuthis

201 2349 239 2388 &
263 2350 592 2394 Altitudinibus‚
623 2361 714 2387 non
743 2349 889 2387 leuem
920 2360 1113 2386 errorem
1143 2347 1311 2395 Nolthij
1345 2346 1650 2385 Obseruationi
1680 2344 1846 2382 subesse.

201 2402 462 2441 Differentia
486 2403 660 2450 insuper
684 2402 982 2440 Parallaxium
1006 2401 1192 2448 idipsum
1217 2400 1390 2448 plenius
1415 2399 1644 2437 attestatur.
1676 2398 1793 2435 Nam
1819 2396 1847 2434 fi

201 2456 452 2495 Parallaxin
465 2456 679 2494 Secundae
692 2455 1021 2494 Obseruationis
1034 2453 1492 2501 praesupposuerimus,
1509 2457 1614 2499 part.
1628 2452 1663 2489 5.
1676 2452 1780 2488 min.
1794 2450 1846 2493 51,

201 2510 333 2557 idque
350 2511 471 2548 iuxta
484 2509 595 2557 ipsas
608 2508 779 2547 Nolthii
792 2507 1130 2547 Obseruationes
1143 2506 1393 2553 exquisitius
1406 2517 1540 2552 quam
1552 2504 1728 2552 ipsemet
1739 2514 1846 2592 Rriaejt-

308 2571 340 2595 ⁴4
1772 2568 1785 2591 1
1805 2568 1817 2591 1
1838 2585 1846 2597 ‚
