2209 3213
383 233 448 268 162
875 228 957 264 DE
979 225 1203 264 MUNDI
1225 224 1525 262 AETHEREI

381 338 617 373 contrarias
638 339 780 380 partes
802 332 1066 369 circulariter
1087 331 1124 368 8(
1145 329 1345 377 requisita
1366 331 1534 367 ratione
1552 334 1811 373 contortum,
1832 329 1919 367 fiue
1942 341 2018 377 per

381 388 622 425 orbiculare
639 388 683 423 in
700 384 1048 423 circumferentia
1069 383 1259 421 eiusdem
1280 382 1639 426 additamentum,
1661 384 1784 420 cuius
1804 382 2018 420 beneficio

380 447 522 478 motus
546 451 662 476 nunc
685 438 945 479 inhibeatur,
970 448 1086 474 nunc
1107 447 1211 473 vero
1235 435 1469 479 relaxetur;
1493 440 1641 473 tamen
1661 437 1766 482 quia
1787 447 1864 483 per
1885 435 2019 473 talem

379 495 584 530 motionis
605 492 937 528 innodationem
958 491 1181 537 negotium
1204 488 1299 530 hoc.
1323 488 1420 535 plus
1441 488 1709 526 obscuritatis
1730 488 1767 526 8(
1787 488 2017 533 inuolucri‚

379 557 512 592 quam
528 545 635 582 lucis
652 544 689 581 &
706 543 1028 591 promtitudinis
1044 544 1298 589 acquireret,
1320 541 1443 579 nolui
1459 541 1778 588 perplexiorem
1794 543 2018 579 variorum

378 604 578 635 motuum
595 596 951 644 compositionem
968 596 1023 633 ad
1039 595 1248 632 tuendam
1265 594 1562 641 aequalitatem
1579 606 1827 642 congerere;
1844 594 2017 642 praeser-

377 654 453 688 tim
470 662 569 688 cum
585 652 766 687 minime
783 649 1124 686 consentaneum
1140 647 1197 691 sit,
1216 647 1502 686 Cometarum
1518 653 1607 685 tam
1624 649 1706 685 cito
1723 648 1914 685 euanida
1928 659 2018 685 cor-

377 716 484 751 pora
504 704 615 741 adeo
636 702 862 740 artificiose
883 701 1128 749 compositis
1145 700 1182 738 8(
1198 700 1521 738 multiformiter
1541 700 1752 738 inuolutis
1770 703 2018 738 motionum

377 756 639 795 anfractibus
661 756 853 793 obnoxia
874 756 962 792 esse.
988 754 1132 792 Malui
1155 756 1301 801 itaque
1323 753 1496 791 eosdem
1517 753 1715 791 Cometae
1736 755 1782 790 in
1802 753 1878 791 suo
1901 753 2017 792 Orbe

377 812 489 847 circa
506 810 652 847 Solem
669 808 949 856 quotidianos
964 808 1117 855 gressus
1133 809 1331 850 retinere,
1351 807 1503 854 quales
1520 806 1609 854 ipsa
1625 803 1639 856 ΙΙ
1657 809 1924 854 experientia
1940 818 2016 844 no-

376 864 440 900 bis
456 863 766 909 suppeditabat,
789 861 899 899 nihil
915 861 1118 903 obstante,
1135 861 1253 907 quod
1270 860 1331 897 illi
1348 860 1402 898 ab
1419 862 1542 897 initio
1558 860 1791 907 paululum
1806 860 2017 898 tardiores

378 921 511 959 erant,
533 915 806 962 postmodum
822 925 926 952 vero
944 914 1172 952 celeriores
1188 913 1415 951 successiuo
1432 911 1562 951 ductu
1579 913 1886 956 reddebantur;
1907 924 2016 960 prae-

376 969 530 1011 sertim,
561 980 661 1005 curn
688 980 764 1015 per
788 969 1033 1005 maximum
1058 967 1095 1004 8(
1121 967 1398 1004 diutissimum
1424 966 1511 1004 suae
1537 968 1821 1013 apparitionis
1846 971 2017 1013 tempus

377 1022 617 1069 aequalitati
633 1021 953 1068 propemodum
970 1020 1177 1057 constanti
1189 1019 1579 1057 conformarentur.
1597 1019 1716 1057 Nam
1727 1021 1772 1056 in
1785 1018 2017 1057 Decembri

377 1074 414 1112 8(
425 1075 643 1117 Ianuario,
654 1074 825 1112 duobus
837 1075 1012 1121 integris
1022 1072 1258 1115 Menfibus,
1271 1078 1416 1110 motus
1428 1072 1657 1119 aequalitas
1669 1084 1758 1110 non
1768 1071 2018 1110 variebatur

376 1128 473 1174 plus
489 1129 512 1166 5
529 1127 738 1175 scrupulis
760 1127 819 1173 (vt
835 1132 965 1164 antea
981 1137 1158 1173 quoque
1174 1125 1384 1172 indicaui)
1406 1125 1523 1172 quod
1543 1124 1644 1163 sane
1662 1125 1716 1163 est
1732 1128 2018 1173 perexiguum

376 1181 413 1218 8(
436 1181 601 1218 nullius
624 1180 712 1218 fere
733 1181 962 1222 momenti;
988 1181 1034 1216 in
1058 1179 1147 1216 solo
1167 1179 1425 1222 Nouembri,
1452 1178 1489 1216 8(
1514 1178 1663 1216 saltem
1688 1190 1764 1226 per
1787 1179 2018 1216 dimidium

375 1234 495 1281 quafi
512 1233 722 1276 Mensem,
745 1233 1047 1271 alterationem
1067 1231 1305 1270 sensibilem
1321 1231 1503 1274 admifit;
1525 1232 1637 1269 adeo
1653 1237 1696 1269 vt
1711 1232 2017 1269 tantummodo

375 1289 527 1334 quinta
544 1289 709 1324 circiter
725 1297 825 1333 pars
841 1288 971 1323 totius
988 1285 1230 1323 durationis
1246 1284 1535 1332 inaequalitati
1552 1284 1744 1323 obnoxia
1761 1284 1900 1327 fuerit,
1921 1284 2016 1322 reli—

375 1351 474 1387 quae
490 1351 594 1377 vero
611 1345 800 1386 quatuor
816 1339 869 1376 ab
887 1339 1041 1376 eadem
1057 1338 1145 1375 fere
1162 1344 1358 1375 exemtae.

427 1393 520 1430 Nec
541 1392 595 1430 est
616 1393 734 1439 quod
755 1391 968 1439 quispiam
989 1391 1044 1429 ob
1066 1390 1180 1429 hanc
1197 1402 1273 1438 per
1288 1391 1328 1428 se
1345 1402 1436 1428 non
1452 1391 1693 1428 admodum
1710 1391 1925 1428 diutinam
1941 1396 2016 1429 aut

373 1457 580 1493 magnam
594 1445 952 1492 inaequalitatem,
970 1444 1275 1492 Hypotheseos
1288 1444 1441 1481 nostrae
1453 1444 1755 1481 certitudinem
1766 1442 2016 1482 labefactari

373 1499 590 1536 existimet.
600 1498 852 1536 Verosimile
865 1499 995 1541 enim,
1007 1497 1227 1541 Cometas,
1240 1497 1616 1544 quemadmodum
1628 1508 1719 1534 non
1730 1496 1892 1534 habent
1904 1496 2016 1535 adeo

372 1551 559 1599 perfecta
576 1551 613 1589 8(
629 1552 684 1589 ad
700 1556 957 1598 perpetuam
973 1550 1251 1588 durationem
1267 1549 1568 1588 consummata
1584 1561 1780 1597 corpora,
1801 1549 1904 1587 ficut
1920 1549 2014 1587 reli-

372 1616 472 1651 quae
485 1604 628 1642 Stellae
645 1604 745 1642 inde
762 1604 816 1642 ab
833 1606 956 1641 initio
969 1603 1143 1641 Mundo
1156 1614 1339 1641 coaeuae:
1356 1602 1409 1640 fic
1422 1605 1554 1640 etiam
1565 1614 1657 1640 non
1668 1608 1757 1640 tam
1770 1602 2015 1640 absolutum

373 1657 410 1695 8(
433 1657 698 1696 constantem
721 1659 766 1695 in
788 1657 873 1694 suis
897 1657 1144 1694 circuitibus
1168 1656 1397 1694 obseruare
1421 1656 1684 1703 aequalitatis
1705 1661 1919 1699 tenorem;
1946 1655 2016 1694 sed

372 1710 520 1748 saltem
532 1710 650 1748 velut
666 1712 789 1748 mimi
806 1710 986 1757 quidam
997 1709 1278 1747 Planetarum
1295 1709 1617 1757 regularitatem
1629 1708 1893 1746 vniformem
1909 1720 2015 1756 quo·

373 1764 610 1801 dammodo
622 1763 899 1806 aemulantur,
915 1774 1006 1800 non
1018 1767 1166 1800 autem
1178 1763 1431 1800 omnimode
1443 1762 1736 1809 assequuntur;
1754 1762 1872 1809 quod
1884 1764 2016 1800 etiam

372 1816 722 1864 subsequentium
738 1816 904 1863 aliquot
920 1827 1142 1853 annorum
1159 1815 1370 1858 Cometae,
1388 1817 1462 1862 qui
1478 1827 1570 1853 non
1585 1817 1732 1853 minus
1748 1817 1793 1852 in
1806 1814 2015 1853 AEtherea

373 1870 533 1907 Mundi
550 1870 739 1917 Regione
756 1869 1050 1912 versabantur,
1068 1880 1149 1906 nos
1165 1868 1285 1906 haud
1302 1868 1478 1906 obscure
1495 1868 1749 1906 docuerunt.
1767 1868 1868 1906 Siue
1884 1870 2012 1916 igitur

373 1922 558 1960 Cometa
578 1922 648 1960 hic
669 1922 807 1960 noster
828 1934 919 1960 non
934 1922 1228 1969 vndequaque
1251 1921 1288 1959 8(
1309 1921 1514 1969 exquisite
1535 1922 1773 1959 rotundum
1794 1921 1849 1959 ad
1865 1921 2012 1959 Solem

372 1977 611 2018 circuitum,
637 1975 707 2013 sed
732 1975 1057 2022 aliquantulum
1083 1975 1397 2022 oblongiorern,
1422 1977 1468 2012 in
1492 1974 1676 2012 modum
1700 1974 1852 2022 figurae
1878 1986 2012 2021 quam

373 2028 578 2066 Ouadam
594 2028 725 2076 vulgo
741 2034 911 2072 vocant,
934 2027 1177 2071 confecerit,
1198 2027 1286 2065 Iiue
1307 2026 1491 2075 perfecte
1513 2028 1690 2074 quidem
1710 2027 1909 2065 circulari
1929 2033 2011 2065 tra-

370 2083 485 2124 mite,
509 2081 578 2119 sed
598 2087 721 2119 motu
741 2093 817 2128 per
837 2081 877 2118 se
898 2081 952 2119 ab
972 2083 1096 2118 initio
1118 2081 1310 2125 tardiori,
1334 2080 1565 2128 posteaque
1588 2080 1801 2127 paulatim
1824 2079 2010 2118 adaucto

371 2135 587 2178 incesserit,
605 2136 717 2172 circa
729 2134 876 2172 Solem
893 2133 1181 2171 nihilominus
1198 2145 1353 2172 reuera
1365 2133 1725 2176 conuoluebatur,
1742 2138 1834 2171 vtut
1845 2133 2012 2180 aliqua-

371 2187 457 2224 lem
473 2187 830 2234 inaequalitatem,
847 2198 938 2224 non
954 2192 1102 2224 tamen
1119 2186 1343 2225 confusam
1360 2186 1397 2224 8(
1413 2186 1721 2229 inordinatam,
1738 2185 1966 2224 admiserit.

424 2240 508 2277 His
529 2242 675 2287 itaque
693 2239 953 2277 sufficienter
969 2240 1181 2284 indicatis,
1203 2252 1319 2278 nunc
1336 2240 1391 2278 ad
1407 2239 1542 2287 ipsam
1559 2239 1757 2277 Cometae
1772 2238 2011 2277 Theoriam

371 2304 471 2330 cum
487 2292 571 2330 suis
588 2293 927 2330 dimensionibus
945 2292 982 2330 8(
998 2293 1187 2330 motibus
1204 2293 1524 2340 exponendam,
1542 2303 1623 2329 nos
1639 2291 1926 2330 conferemus.

423 2346 818 2383 Verumenimuero
835 2348 938 2392 quia
950 2345 1133 2393 planum
1146 2345 1274 2384 Orbis
1287 2346 1485 2384 Cometae
1497 2357 1587 2382 non
1599 2344 1851 2383 uersabatur
1862 2347 1907 2382 in
1919 2356 2009 2382 uno

370 2398 502 2445 plano
519 2410 619 2436 cum
631 2398 848 2445 Ecliptica,
865 2398 1014 2436 semita
1029 2399 1230 2436 uidelicet
1242 2398 1395 2442 Solari‚
1412 2398 1482 2436 sed
1499 2398 1690 2435 euidenti
1706 2398 1939 2435 interuallo
1955 2398 2009 2436 ab

369 2451 445 2488 illa
460 2450 724 2496 defledtebat‚
745 2452 856 2489 adeo
873 2457 918 2489 ut
934 2451 1029 2489 haec
1046 2452 1134 2488 duo
1152 2451 1286 2498 plana
1301 2451 1528 2499 Angulum
1549 2450 1770 2488 effecerint
1785 2451 1828 2488 P.
1845 2451 1930 2494 291⁷,
1951 2451 2009 2488 se-

368 2503 496 2551 seque
513 2509 667 2542 mutuo
684 2504 1007 2542 intersecuerint
1018 2506 1063 2541 in
1076 2504 1117 2542 P.
1131 2504 1193 2542 20.
1207 2504 1269 2542 M.
1284 2505 1333 2542 55
1351 2508 1407 2547 β,
1425 2503 1561 2541 ueluti
1572 2503 1667 2541 haec
1679 2515 1705 2541 a
1717 2503 1843 2541 nobis
1841 2504 2009 2603 gapite

1884 2559 2007 2594 uinto

2045 813 2106 844 194

2059 1084 2088 1109 15

2053 1349 2087 1374 20

2053 1615 2086 1639 25

2049 1879 2083 1904 30

2047 2409 2081 2435 40
