2209 3213
670 207 753 245 DE
776 208 1047 246 COMETA
1068 207 1235 245 ANNI
1258 207 1363 246 1585
1762 207 1841 245 409

196 316 246 354 43
263 314 361 363 5[0]‚
379 314 417 352 8(
433 314 682 353 Declinatio
698 314 748 352 25
766 314 806 352 15
822 314 969 357 borea,
986 319 1029 352 at
1044 314 1133 361 post
1149 314 1267 352 hunc
1283 314 1399 352 diem
1415 325 1492 361 per
1509 315 1716 361 exiguum
1732 314 1840 352 illud

196 370 417 416 temporis,
439 379 527 415 quo
548 367 736 411 durauit,
758 372 848 405 tam
869 367 993 404 exilis
1010 373 1113 411 erat,
1129 372 1174 405 vt
1189 378 1266 414 per
1281 367 1667 405 instrumentorum
1685 369 1839 414 pinna-

121 429 159 460 2r
198 422 310 460 cidia
325 421 463 459 sensui
479 420 633 459 visuali
649 419 732 458 sese
748 431 839 457 non
855 419 1115 467 ingere[ret].
1133 417 1147 470 ΙΙ
1165 419 1431 467 Conspectus
1452 419 1507 457 est
1526 420 1704 467 quidem
1720 422 1842 458 tenui

198 475 392 523 quodam
408 474 582 522 vestigio
598 473 743 511 adhuc
755 472 961 511 Cometes
972 478 1063 510 tam
1077 474 1118 510 14
1131 474 1399 511 Nouembris
1416 485 1551 520 quam
1568 474 1608 512 15
1624 472 1840 512 nocturno

144 541 159 566 5
196 534 405 575 tempore,
418 526 598 575 quando
608 525 800 573 dispersis
810 525 1000 563 nubibus
1009 526 1160 573 aliqua
1169 526 1445 574 contingebat
1454 526 1841 565 serenitas.Verum

196 587 287 620 tam
302 582 446 618 tenuis
462 580 500 618 8(
517 579 641 618 exilis
657 584 760 623 erat,
777 584 821 617 vt
837 581 910 616 vix
929 580 1161 617 acutissime
1181 581 1368 617 intuenti
1384 579 1482 617 solis
1499 580 1638 617 oculis
1654 580 1841 628 conspici

196 635 396 682 potuerit,
413 633 579 672 nedum
594 638 638 670 vt
653 644 730 680 per
745 631 1029 670 instrumenta
1045 634 1139 670 eius
1153 632 1253 670 fitus
1267 633 1521 670 adamussim
1533 635 1629 680 capi
1640 636 1840 680 potuerit.

196 687 289 726 Post
306 687 422 725 diem
437 698 542 724 vero
559 686 600 724 15
617 685 886 723 Nouembris
902 697 993 723 non
1011 685 1066 722 est
1081 685 1260 723 vlterius
1276 697 1302 723 a
1318 686 1444 724 nobis
1461 685 1724 733 conspectus.

250 740 414 788 Incepit
429 742 577 787 itaque
590 739 789 778 Cometae
804 744 950 776 motus
967 740 1136 776 ratione
1153 739 1269 776 orbis
1280 738 1431 776 siderei
1443 741 1556 777 circa
1567 739 1708 777 linum
1720 740 1842 778 Pisci-

129 806 160 831 10
197 805 275 832 um
296 792 627 841 &pertranfiuit
648 791 1020 830 constellationem
1039 797 1085 832 V
1103 791 1234 838 vsque
1254 794 1300 829 in
1321 791 1678 839 septentrionales
1698 798 1842 840 partes

198 846 308 886 dorfi
323 846 472 890 Tauri,
487 846 560 884 vbi
576 847 687 883 inter
704 845 901 883 Pleiades
917 844 955 882 8(
972 849 1101 892 caput
1116 844 1247 892 Algol
1262 844 1335 883 seu
1352 845 1550 883 Medusae
1567 846 1754 893 conspici
1770 846 1841 884 de-

198 900 261 948 fijt
278 899 391 947 (haec
406 899 505 937 vide
517 900 767 937 accuratius
783 900 829 936 in
844 897 1004 945 globo).

252 953 316 991 Ex
332 952 400 991 his
412 952 450 990 8(
462 952 560 1000 alijs
572 951 949 990 obseruationibus
961 962 987 989 a
998 962 1069 989 me
1080 951 1157 988 suo
1168 956 1364 998 tempore
1376 950 1551 989 vberius
1567 952 1842 990 manifestan-

198 1006 276 1051 dis,
298 1006 512 1054 colligitur
528 1005 762 1044 Cometam
782 1005 901 1042 hunc
922 1003 1170 1052 descripfisse
1190 1006 1438 1051 portionem
1460 1005 1607 1043 circuli
1629 1004 1776 1044 exacte
1797 1008 1843 1043 in

131 1072 161 1097 15
198 1059 354 1107 sphera
369 1061 552 1097 maximi
564 1058 603 1097 8(
613 1057 1035 1106 proportionabilem
1050 1057 1240 1095 habuisse
1256 1063 1438 1102 motum,
1455 1058 1509 1096 ab
1526 1060 1651 1096 initio
1667 1058 1843 1096 celerio-

199 1124 304 1157 rem,
321 1115 367 1150 111
382 1112 471 1150 fine
486 1124 591 1150 vero
607 1111 831 1150 successiue
848 1113 1151 1155 remittentem,
1168 1110 1385 1148 inclinasse
1397 1122 1501 1149 vero
1517 1114 1765 1158 portionem
1780 1112 1843 1149 sui

141 1169 161 1200 ἢ·
199 1165 348 1204 circuli
364 1166 420 1204 ad
436 1165 690 1213 Eclipticam
705 1176 785 1212 p...
803 1164 906 1202 M...
925 1163 963 1202 &
979 1164 1171 1202 eundem
1185 1164 1416 1202 tranfiuisse
1433 1166 1479 1201 in
1495 1176 1533 1211 p.
1546 1195 1553 1202 .
1566 1194 1587 1208 .,
1606 1165 1661 1203 ad
1678 1165 1842 1212 AEqua-

197 1224 338 1258 torem
353 1230 458 1257 vero
476 1218 693 1257 inclinasse
711 1220 960 1266 portionem
976 1217 1125 1255 circuli
1142 1217 1204 1255 sui
1220 1222 1364 1255 motus
1380 1229 1459 1264 p...
1478 1217 1580 1255 M...
1599 1217 1636 1255 8(
1653 1219 1843 1256 eundem

197 1272 429 1311 tranfiuisse
443 1303 450 1310 .
465 1303 473 1310 .
487 1303 495 1310 .

128 1339 162 1364 20
253 1326 349 1364 Fuit
365 1327 498 1364 etiam
514 1325 585 1363 hic
601 1325 789 1363 Cometa
804 1324 935 1372 plane
953 1323 1133 1362 coelestis
1150 1324 1188 1362 8(
1204 1323 1457 1362 nullatenus
1478 1323 1592 1362 infra
1608 1324 1782 1362 Lunam
1798 1327 1843 1362 in

198 1379 455 1418 elementari
475 1379 579 1417 orbe
600 1380 783 1426 genitus,
804 1382 849 1415 vt
868 1376 1079 1416 hactenus
1100 1379 1297 1415 maxima
1319 1389 1420 1424 pars
1440 1377 1844 1425 philosophantium

197 1432 251 1470 de
275 1432 471 1471 Cometis
494 1436 635 1470 ratam
657 1431 753 1470 tulit
775 1431 1046 1475 sententiam,
1071 1430 1141 1468 sed
1164 1430 1292 1478 longe
1316 1430 1444 1477 supra
1465 1430 1667 1478 spheram
1689 1431 1841 1476 Lunae,

197 1485 312 1524 infra
331 1490 481 1524 tamen
501 1485 653 1524 orbem
669 1484 782 1523 Solis
802 1489 1034 1532 generatus
1056 1483 1123 1527 est,
1144 1489 1188 1521 vt
1209 1495 1262 1522 ex
1281 1483 1378 1531 alijs
1395 1484 1626 1521 certissimis
1642 1484 1842 1522 obserua-

197 1539 390 1577 tionibus
419 1550 496 1587 per
525 1538 824 1577 Parallaxium
854 1537 1243 1576 demonstrationes
1272 1536 1654 1575 manifestissimum
1687 1537 1843 1575 intelli-

127 1605 160 1630 25
197 1592 397 1641 gentibus
415 1592 661 1630 reddemus.
678 1592 844 1629 Verum
865 1603 983 1629 nunc
1003 1590 1059 1629 ad
1079 1590 1413 1639 fignificationes
1434 1590 1720 1638 astrologicas‚
1743 1602 1843 1638 quae

197 1648 499 1694 maximopere
516 1650 791 1693 expetuntur,
809 1644 1202 1683 confiderationem
1218 1643 1536 1682 adhibebimus.
1555 1640 1569 1693 ΙΙ

121 1768 163 1799 2v
304 1761 384 1799 DE
404 1759 990 1800 SIGNIFICATIONIBUS
1011 1759 1200 1798 HUIUS
1222 1758 1486 1798 COMETAE
1507 1759 1570 1796 IN
1592 1759 1738 1797 HAEC

411 1823 731 1861 INFERIORA
752 1822 1160 1861 CONIECTURAE
1180 1821 1632 1860 ASTROLOGICAE.

293 1894 323 1932 Ι.
341 1894 459 1941 Quid
475 1893 681 1943 significet
697 1893 735 1931 &
752 1898 981 1941 quantum.

126 1961 160 1986 30
273 1947 323 1986 ΙΙ.
341 1947 514 1994 Quibus
530 1947 793 1996 regionibus,
810 1946 985 1994 populis
1002 1946 1039 1983 8(
1055 1946 1307 1984 indiuiduis.

252 2001 323 2039 III.
341 2001 534 2048 Quando
551 2002 758 2048 incipient
775 1999 953 2039 effectus
970 1999 1008 2037 8(
1024 2000 1239 2047 quamdiu
1255 1998 1486 2037 durabunt.

448 2115 474 2146 1.
497 2114 626 2153 QUID
648 2115 677 2146 81
698 2114 957 2152 QUANTUM
979 2113 1253 2145 SIGNIFICET
1275 2112 1360 2143 HIC
1381 2111 1595 2143 COMETA.

139 2183 159 2214 ÷
250 2179 446 2216 Primum
466 2178 725 2227 generaliter
746 2179 799 2216 de
821 2183 980 2216 natura
1001 2177 1039 2215 8(
1060 2176 1215 2215 effectu
1236 2176 1368 2214 huius
1389 2176 1587 2214 Cometae
1608 2176 1844 2213 iudicando

197 2244 250 2269 ex
266 2231 396 2279 ipfius
413 2232 558 2270 colore
576 2232 614 2270 8(
629 2231 784 2275 forma,
802 2234 907 2279 quia
920 2233 956 2269 is
970 2236 1062 2269 erat
1073 2230 1315 2269 admodum
1328 2229 1533 2267 obscurus
1546 2228 1583 2266 8(
1596 2228 1842 2271 nebulosus,

125 2299 157 2324 35
195 2284 341 2323 fimilis
351 2285 560 2323 nebuloso
570 2297 675 2333 gyro
686 2291 739 2330 632,
751 2284 958 2332 fignificat
968 2284 1124 2322 eadem
1135 2295 1247 2331 pene
1258 2294 1358 2330 quae
1368 2283 1456 2320 illae
1466 2282 1687 2320 nebulosae
1698 2282 1840 2325 stellae,

196 2350 306 2385 quas
322 2338 589 2377 Ptolomaeus
604 2338 877 2381 suffocantes,
894 2343 1031 2375 terras
1047 2339 1293 2384 quatientes
1310 2336 1348 2373 &
1364 2336 1596 2383 caliginem
1613 2334 1842 2372 offunden-

196 2396 260 2429 tes
272 2396 411 2435 vocat,
427 2393 555 2439 igitur
567 2392 807 2435 obscuram,
824 2393 1113 2434 inamoenam,
1130 2389 1399 2432 nebulosam,
1416 2388 1629 2435 frigidam,
1645 2388 1844 2425 vitiosam

199 2444 237 2482 8(
263 2444 528 2483 insalubrem
552 2447 665 2483 aeris
691 2445 1040 2483 constitutionem
1066 2442 1284 2491 fignificat,
1312 2441 1573 2488 morbosque
1599 2443 1744 2478 varios
1770 2452 1845 2487 po-

197 2498 406 2545 pulariter
428 2498 668 2545 grassantes‚
690 2499 890 2545 inprimis
903 2497 1062 2544 pestem
1081 2497 1166 2534 late
1183 2496 1423 2543 serpentem
1441 2494 1479 2532 8(
1496 2494 1845 2541 quamplurimos

307 2560 339 2584 52
1593 2546 1845 2583 mortalium
