2209 3213
373 221 439 259 128
865 217 948 255 DE
970 216 1194 255 MUNDI
1215 215 1516 255 AETHEREI

371 326 663 367 retinebimus,
682 324 778 361 solis
795 323 1044 361 Azimuthis
1061 323 1319 361 tantundem
1335 324 1586 366 immutatis,
1603 328 1646 360 vt
1663 325 1814 362 omnia
1830 323 1943 368 data,
1964 324 2011 362 li-

370 382 521 417 mitata
538 378 575 415 8(
592 376 794 420 correcta,
812 376 1003 414 habeant
1019 376 1058 413 se
1075 378 1120 413 in
1136 375 1255 413 hunc
1272 377 1347 423 qui
1363 375 1553 423 sequitur
1568 376 1767 414 modum:
1786 372 1800 427 ΙΙ

1024 455 1062 479 Η.
1125 454 1167 479 Μ.
1289 454 1444 480 Azimuth.
1633 454 1779 480 Attitudo.
2040 449 2101 481 150

528 502 648 538 Prior
666 500 934 538 Obseruatio.
1028 500 1063 538 7.
1121 500 1179 539 7}.
1237 499 1279 537 P.
1297 500 1350 537 19.
1368 499 1431 537 M.
1448 500 1510 538 45.
1568 499 1610 537 P.
1628 500 1691 538 28.
1709 500 1772 538 M.
1789 500 1852 538 56.

528 554 736 591 Posterior
754 553 899 591 Obser.
1029 553 1065 590 9.
1123 552 1158 591 8.
1239 553 1281 590 P.
1316 553 1352 591 6.
1370 552 1433 591 M.
1450 552 1535 592 233.
1571 553 1613 591 P.
1639 553 1693 591 12.
1711 553 1774 591 Μ.
1800 553 1853 591 12.
2051 566 2067 591 5

426 643 489 680 Ex
506 643 573 679 his
589 654 706 679 nunc
722 641 911 685 tandem,
930 641 1265 689 Regiomontani
1282 641 1511 686 Methodo,
1528 641 1825 680 Parallaxium
1840 641 2013 689 inquifi-

370 699 535 734 tionem
551 700 839 742 pertexemus.

423 750 616 796 Repetita
626 748 821 795 superius
830 748 1034 795 assignata
1041 747 1319 795 Figuratione
1329 749 1483 795 prima,
1492 750 1614 786 iuxta
1621 748 1881 796 Monteregij
1894 759 2013 785 men-

369 809 454 840 tem
471 802 701 845 delineata,
719 803 1060 848 examinatoque
1077 806 1177 838 ante
1195 802 1346 839 omnia
1359 802 1405 838 in
1417 812 1469 839 ea
1480 800 1720 849 Triangulo
1732 801 1872 846 ZOH,
1890 803 2014 839 cuius

369 856 456 893 duo
470 856 625 893 Latera
641 856 813 902 cognita
828 854 999 898 dantur,
1016 854 1104 891 ZH
1121 854 1493 901 complementum
1505 854 1759 892 Altitudinis
1770 854 1875 899 Pon,
1893 854 1935 892 P.
1947 854 2010 892 34.
2053 866 2086 892 ιο

369 909 431 946 M.
440 909 475 951 7,
489 908 565 946 ΖΟ
576 907 947 955 complementum
956 907 1212 945 Altitudinis
1223 909 1416 945 inuentae
1428 909 1474 944 in
1484 907 1673 945 secunda
1683 907 2010 951 Obseruatione,

370 962 411 999 P.
424 962 486 999 77.
504 961 567 999 M.
579 961 642 1005 48,
659 960 950 1008 Angulusque
967 959 1306 1007 comprehensus
1324 960 1471 1004 OZH,
1488 965 1701 1007 tanquam
1717 960 2010 1008 complemen-

368 1020 460 1052 tum
477 1014 704 1052 Azimuthi
720 1014 775 1052 ad
793 1013 1109 1060 Quadrantem,
1126 1013 1168 1051 P.
1181 1013 1243 1051 83.
1257 1013 1320 1051 M.
1332 1013 1418 1058 36²5,
1434 1015 1646 1060 reperitur
1661 1025 1738 1061 per
1753 1013 2010 1061 Triangulo·

368 1080 466 1105 rum
486 1068 656 1115 placita,
681 1067 814 1105 Latus
834 1067 941 1111 HO,
965 1067 1007 1104 P.
1029 1067 1092 1105 76.
1114 1066 1177 1104 Μ.
1199 1066 1252 1111 21,
1277 1066 1315 1104 &
1338 1078 1391 1104 ex
1413 1067 1549 1105 tribus
1570 1068 1750 1115 cognitis
1770 1066 2009 1111 Lateribus,

369 1124 501 1159 etiam
511 1126 690 1167 vterque
703 1120 973 1167 reliquorum
985 1120 1276 1167 Angulorum,
1289 1119 1370 1158 ΖΟ
1380 1120 1438 1164 Η,
1453 1120 1495 1157 Ρ.
1508 1120 1570 1158 35.
1584 1120 1647 1157 Μ.
1659 1120 1696 1158 O.
1709 1119 1749 1158 S.
1761 1120 1797 1164 4,
1811 1120 1849 1158 &
1860 1119 2009 1164 ZHO,
2051 1132 2081 1157 15

369 1174 411 1212 P.
428 1175 489 1212 88.
509 1174 571 1211 M.
589 1174 642 1211 19.
660 1173 699 1211 S.
716 1173 779 1211 23.
801 1173 974 1211 Deinde
996 1184 1048 1210 ex
1070 1174 1316 1220 cognitione
1334 1175 1542 1220 temporis
1557 1173 1670 1211 binis
1688 1172 2011 1211 Obseruationi-

368 1228 449 1265 bus
461 1226 689 1274 interlapfi‚
700 1226 1114 1274 constabitAngulus
1126 1226 1223 1264 NH
1232 1226 1284 1265 O.
1297 1226 1341 1264 Si
1353 1228 1471 1264 enim
1484 1226 1855 1274 intercapedinem
1863 1225 2011 1264 vtrius-

369 1292 454 1328 que
471 1280 810 1324 Obseruationis‚
833 1291 933 1327 quae
952 1279 1007 1317 est
1023 1279 1253 1317 Horarum
1268 1279 1292 1317 2
1309 1279 1347 1317 &
1363 1279 1427 1317 Μ.
1444 1280 1471 1323 l,
1492 1281 1640 1317 minus
1655 1291 1743 1317 vna
1759 1284 1927 1327 quarta,
1948 1291 2011 1317 re·

368 1334 627 1371 soluerimus
642 1335 688 1370 in
704 1338 902 1379 tempora
913 1332 1180 1380 AEquatoris‚
1197 1332 1348 1371 habito
1364 1331 1555 1379 respectu
1571 1333 1716 1371 diurni
1728 1332 1875 1370 cursus
1886 1332 2011 1377 Solis,

368 1387 691 1424 reuolutionem
707 1388 884 1433 proprio
900 1391 1024 1424 motu
1040 1385 1311 1430 retardantis,
1328 1387 1596 1433 proueniunt
1613 1385 1667 1424 G.
1680 1386 1742 1423 30.
1758 1386 1821 1423 M.
1834 1386 1887 1424 16.
1903 1385 1943 1424 S.
1957 1386 2010 1430 17,
2049 1397 2083 1423 20

368 1440 596 1487 tantusque
621 1439 753 1477 existit
776 1439 978 1486 Angulus
1002 1439 1164 1483 NHO;
1190 1450 1323 1486 quem
1347 1438 1377 1476 fi
1400 1438 1735 1477 subduxerimus
1757 1438 1811 1477 ab
1834 1438 2011 1486 Angulo

369 1493 518 1537 ZHO,
534 1495 654 1540 prius
667 1493 780 1537 dato,
797 1492 1068 1539 relinquetur
1079 1492 1281 1540 Angulus
1292 1492 1431 1530 ZHN
1444 1493 1653 1540 cognitus,
1666 1492 1708 1530 P.
1721 1492 1783 1530 58.
1797 1492 1860 1530 Μ.
1873 1492 1909 1530 3.
1922 1491 1962 1530 S.
1975 1491 2011 1530 6.

371 1546 519 1592 Quare
540 1548 586 1583 in
606 1546 743 1584 altero
763 1545 1003 1593 Triangulo
1025 1545 1176 1590 HNZ,
1197 1545 1408 1593 liquidem
1427 1545 1630 1593 Angulus
1650 1545 1706 1583 ad
1729 1545 1775 1583 H
1795 1545 1928 1583 modo
1948 1546 2011 1583 in-

370 1602 523 1643 notuit,
541 1599 579 1636 &
595 1599 728 1637 Latus
744 1599 844 1641 Ι-ΙΖ,
861 1598 906 1636 fit
922 1599 964 1636 P.
982 1598 1044 1636 34.
1062 1598 1125 1636 M.
1142 1600 1178 1643 7,
1196 1598 1293 1636 HN
1308 1610 1413 1636 vero
1429 1598 1601 1646 aequale
1618 1598 1693 1646 ipfi
1709 1598 1803 1637 HO
1819 1609 1896 1646 per
1911 1609 2011 1636 con-

370 1652 656 1696 structionem,
674 1652 715 1690 P.
733 1652 795 1690 76.
814 1652 876 1689 Μ.
893 1652 947 1695 21,
964 1652 1136 1690 dabitur
1152 1652 1285 1689 Latus
1301 1651 1399 1695 ZN,
1415 1651 1458 1689 P.
1475 1652 1529 1689 61.
1547 1651 1610 1689 M.
1626 1652 1663 1695 4,
1683 1653 1807 1689 cuius
1823 1651 2011 1699 comple-
2049 1663 2083 1688 2⁵

371 1711 568 1743 mentum
590 1705 656 1748 est,
678 1706 719 1743 P.
736 1705 798 1743 28.
821 1705 884 1742 M.
901 1705 964 1749 56,
986 1705 1157 1752 aequale
1178 1705 1412 1743 Altitudini
1432 1706 1552 1752 prius
1574 1704 1839 1743 Obseruatae.
1861 1704 2012 1752 Itaque

372 1759 504 1796 Latus
520 1759 603 1796 ZN
622 1758 804 1796 efficitur
825 1758 1016 1796 eiusdem
1035 1760 1287 1805 quantitatis
1304 1769 1405 1796 cum
1421 1757 1742 1805 complemento
1758 1757 2012 1796 Altitudinis

372 1814 537 1858 primae,
562 1812 679 1858 quod
702 1811 796 1849 fieri
819 1823 909 1849 non
932 1811 1076 1859 potest,
1100 1811 1178 1849 nifi
1200 1811 1284 1849 ZN
1308 1817 1507 1858 aequetur
1529 1811 1605 1858 ipfi
1627 1811 1714 1849 ZL.
1740 1811 1842 1849 Erat
1864 1815 2013 1849 autem

372 1865 447 1902 ZL
463 1865 833 1911 complementum
846 1865 1101 1902 Altitudinis
1116 1864 1201 1902 loci
1215 1866 1307 1902 veri
1324 1864 1535 1908 Cometae,
1551 1864 1739 1911 ideoque
1755 1875 1856 1902 cum
1872 1865 1910 1901 ei
1926 1863 2012 1901 ZN

373 1918 555 1964 aequalis
577 1918 735 1961 existat,
759 1917 1053 1956 insensibiliter
1073 1917 1241 1956 differet
1260 1918 1383 1956 locus
1402 1928 1533 1955 verus
1549 1929 1575 1955 a
1590 1917 1691 1961 viso,
1714 1917 1752 1955 &
1771 1928 1848 1965 per
1868 1916 2011 1955 conse·
2049 1927 2084 1954 ³0

373 1982 523 2017 quens,
540 1970 629 2017 ipsa
641 1971 891 2013 Parallaxis‚
904 1976 979 2008 aut
990 1970 1113 2009 nulla
1125 1973 1215 2015 erit,
1230 1976 1305 2009 aut
1316 1976 1406 2009 tam
1418 1972 1587 2018 exigua,
1598 1976 1642 2008 vt
1654 1981 1832 2009 omnem
1843 1969 2013 2008 sensum

373 2023 560 2071 effugiat,
579 2024 695 2070 quod
712 2024 1113 2062 Demonstrandum
1128 2023 1446 2071 proposuimus.

426 2076 703 2123 Quapropter
724 2088 823 2114 cum
844 2076 1107 2120 insensibilis,
1128 2079 1218 2115 imo
1238 2079 1383 2124 potius
1402 2076 1526 2115 nulla
1546 2078 1786 2124 reperiatur
1806 2072 1822 2127 ΙΙ
1842 2075 1926 2114 hac
1945 2087 2011 2114 ra·
2039 2081 2096 2113 151

372 2131 489 2167 tione
514 2130 710 2167 Cometae
736 2130 987 2174 Parallaxis‚
1014 2130 1125 2168 adeo
1147 2136 1191 2168 vt
1214 2130 1549 2178 Regiomontani
1573 2129 1808 2177 speculatio
1832 2129 2012 2167 vlterius

373 2183 565 2229 produci,
582 2194 658 2229 per
674 2182 788 2220 hanc
800 2183 1092 2230 Pragmatiam
1107 2189 1309 2230 nequeat,
1326 2182 1561 2221 fistentibus
1572 2182 1612 2220 se
1624 2184 1740 2226 rotis,
1756 2182 1882 2220 vbiid
1894 2182 2011 2229 quod
2049 2194 2083 2220 3⁵

372 2235 788 2282 praesupponebatur
821 2237 1056 2282 inaequale,
1090 2248 1167 2284 per
1196 2238 1511 2283 experientiam
1539 2234 1663 2274 faclae
1693 2235 2011 2279 Obseruationi,

373 2288 646 2335 aequabatur:
664 2288 826 2326 Idcirco
838 2288 935 2326 satis
950 2289 1117 2336 liquido
1129 2289 1302 2333 constat,
1320 2291 1452 2327 etiam
1463 2300 1540 2336 per
1550 2288 1666 2326 hanc
1678 2288 2012 2336 Regiomontani

372 2343 502 2385 viam,
526 2341 757 2379 Cometam
777 2341 895 2379 hunc
917 2344 1037 2379 omni
1058 2342 1240 2380 sensibili
1256 2342 1430 2380 caruisse
1446 2340 1653 2389 Aspectus
1669 2341 1930 2385 diuerfitate;
1950 2341 2011 2379 id-

374 2405 514 2441 eoque
530 2406 621 2431 non
639 2394 751 2431 infra
767 2394 952 2438 Lunam,
973 2394 1043 2432 sed
1060 2395 1188 2443 longe
1204 2395 1332 2442 supra
1349 2406 1459 2438 eam,
1481 2396 1526 2432 in
1546 2394 1636 2442 ipso
1652 2393 1844 2438 AEthere,
1865 2394 2012 2432 locum

372 2447 498 2484 suum
514 2447 747 2485 obtinuisse.
765 2447 884 2485 Patet
899 2447 1072 2495 insuper
1084 2447 1121 2485 &
1133 2448 1228 2491 hoc,
1247 2448 1364 2495 quod
1380 2449 1500 2495 prius
1516 2447 1718 2491 diximus,
1734 2446 1849 2485 hanc
1861 2447 2010 2495 Regio·
2049 2459 2083 2485 40

372 2502 571 2539 montani
583 2500 933 2547 speculationem,
950 2503 1094 2547 potius
1106 2500 1253 2539 locum
1263 2502 1434 2544 mereri,
1451 2512 1540 2548 quo
1551 2501 1607 2539 ad
1619 2500 1790 2544 Prax1n,
1802 2502 1848 2539 in
1859 2499 2011 2538 distan-

1942 2554 2011 2601 tijs
