2209 3213
174 818 205 843 10

174 1084 205 1109 15

170 1350 204 1375 20

153 1557 217 1588 315

171 1616 205 1641 25

173 1881 206 1906 30

176 2148 210 2172 35

178 2413 212 2438 40

561 221 1084 262 RECENTIORIBUS
1105 221 1565 262 PHAENOMENIS
1812 222 1889 263 257

241 328 357 367 fuisse
375 328 493 366 hunc
510 328 755 373 Cometam,
775 329 874 367 satis
890 335 988 377 apte
1005 332 1300 373 ratiocinatur,
1323 330 1361 368 8(
1381 342 1474 368 rem
1495 342 1674 369 omnem
1694 332 1887 378 penitius

242 381 591 429 intelligentibus,
612 393 663 420 ac
683 382 770 420 fine
790 383 1046 430 praeiudicio
1067 383 1423 431 ponderantibus,
1443 383 1569 422 facile
1590 386 1650 422 ita
1664 383 1705 421 se
1724 383 1888 422 habere

243 434 509 482 persuaserit.

296 487 429 533 Quod
445 493 593 525 autern
609 487 823 534 postremo
840 491 886 526 in
908 490 931 533 Ψ
952 489 1069 527 Orbe
1082 489 1315 528 Cometam
1331 490 1527 534 collocat,
1545 490 1738 538 Cornelij
1755 490 1889 528 Gem-

242 552 328 578 mae
344 540 512 588 placitis
524 541 814 588 acquiescens,
831 542 938 580 dum
949 554 1003 580 ex
1014 542 1236 590 Analogia
1246 548 1391 580 motus
1403 543 1445 580 id
1457 543 1799 581 consentaneum
1812 544 1889 581 esse

242 594 427 641 probare
444 595 605 638 nititur,
623 599 739 632 caret
754 594 1055 633 fundamento.
1073 596 1193 633 Nam
1205 595 1409 634 Gemmae
1421 595 1671 634 Parallaxes
1686 608 1777 633 non
1793 596 1889 634 sunt

243 645 418 691 exaclae,
444 658 524 684 nec
550 659 624 685 eas
650 659 673 685 e
698 650 823 685 certis
849 648 1238 686 Obseruationibus
1264 649 1591 693 Mathematice‚
1617 654 1660 687 vt
1685 651 1888 696 oportuit,

242 699 580 743 Demonstrauit,
601 700 670 738 sed
689 700 933 748 simpliciter
948 703 1009 739 ita
1024 701 1064 739 se
1080 701 1283 746 habuisse,
1305 702 1484 740 asseruit.
1506 702 1687 749 Ipsaque
1705 702 1889 740 Roeslini

242 752 477 796 Sententia,
496 753 729 791 Cometam
745 753 863 791 hunc
880 756 1216 801 quamproxime
1238 756 1262 798 ἒξ
1281 759 1463 797 motum,
1485 757 1531 792 in
1547 755 1787 798 velocitate,
1806 760 1888 793 tar-

243 806 385 849 ditate,
410 805 662 844 stationibus
686 806 724 843 8(
746 807 1191 854 retrogradationibus
1214 807 1473 846 aemulatum
1495 808 1623 852 fuisse,
1648 814 1738 846 toto
1763 808 1888 846 Caelo

241 859 401 897 deuiat.
419 859 538 897 Nam
549 859 688 897 multo
700 859 892 897 velocior
904 865 996 898 erat
1007 860 1061 898 ab
1074 862 1210 904 initio,
1228 872 1363 907 quam
1385 862 1408 905 ζὲ
1427 873 1625 908 vnquam
1636 861 1731 899 fieri
1742 861 1887 908 potest,

242 924 322 950 nec
333 912 443 950 vllas
455 912 875 960 Retrogradationes,
888 918 963 950 aut
973 913 1201 957 stationes,
1214 913 1416 951 vniuerso
1427 914 1515 952 suae
1527 914 1772 952 durationis
1783 920 1888 952 tem-

242 977 347 1013 pore
358 966 496 1012 passus
508 965 579 1009 est;
596 965 666 1003 sed
677 965 914 1010 suceessiue,
931 978 958 1004 a
974 966 1181 1004 celeriore
1192 972 1431 1013 apparente
1444 967 1569 1005 cursu
1580 969 1627 1004 in
1637 967 1886 1011 tardiorem,

242 1018 430 1066 regulari
451 1018 490 1056 8(
510 1019 733 1057 ordinaria
750 1021 1006 1063 mutatione,
1027 1019 1298 1067 prorepebat‚
1316 1019 1354 1057 8(
1370 1019 1501 1067 vsque
1518 1020 1573 1058 ad
1589 1020 1792 1058 vltimum
1808 1025 1888 1058 ter-

242 1074 426 1115 minum,
447 1073 493 1109 in
509 1083 597 1119 quo
614 1071 801 1119 conspici
817 1072 948 1120 desijt‚
968 1074 1108 1110 motui
1124 1072 1268 1116 alicui,
1290 1072 1387 1110 licet
1408 1074 1454 1110 in
1474 1072 1562 1110 fine
1583 1075 1722 1121 magis
1737 1073 1888 1121 magis-

242 1136 327 1172 que
348 1126 593 1169 remittenti,
615 1125 834 1163 obnoxius
854 1130 962 1170 erat;
983 1125 1102 1163 velut
1122 1125 1218 1163 haec
1239 1137 1292 1163 ex
1312 1127 1376 1174 ijs,
1399 1138 1499 1173 quae
1521 1126 1676 1173 Capite
1697 1126 1844 1164 Tertio
1866 1138 1888 1164 e

242 1180 367 1216 certis
384 1177 774 1216 Obseruationibus
790 1178 1214 1223 Demonstrauimus,
1236 1190 1328 1216 non
1348 1179 1526 1217 obscure
1547 1179 1690 1227 colligi
1711 1180 1888 1226 possunt.

295 1231 413 1269 Licet
428 1243 533 1269 vero
550 1237 651 1269 ante
668 1231 770 1269 XIII
787 1232 904 1270 diem
920 1232 1201 1276 Nouembris,
1221 1232 1389 1279 aliquot
1405 1232 1559 1270 diebus
1575 1235 1772 1276 extiterit,
1794 1232 1889 1270 nul—

241 1284 414 1322 latenus
434 1289 583 1322 tamen
599 1284 737 1322 alium
753 1287 799 1322 in
815 1284 899 1323 illis
916 1283 1106 1329 ductum,
1129 1297 1264 1332 quam
1280 1287 1356 1332 qui
1371 1285 1644 1333 subsequenti
1660 1286 1890 1333 Analogus

242 1338 347 1381 esset,
369 1337 633 1381 admittebat,
650 1343 693 1375 vt
710 1338 985 1376 Moestlinum
1001 1340 1133 1376 etiam
1150 1337 1261 1377 redte
1278 1339 1534 1382 asseuerasse,
1555 1339 1684 1386 supra
1699 1338 1775 1376 suo
1791 1339 1889 1376 loco

243 1390 519 1428 ostendimus.

295 1443 525 1492 Subiungit
541 1444 686 1491 postea
702 1445 755 1482 de
772 1444 1171 1492 Significationibus
1192 1444 1325 1482 huius
1342 1444 1554 1488 Cometae,
1575 1445 1734 1492 quibus
1757 1447 1889 1483 etiam

243 1497 389 1535 Nouae
406 1497 551 1535 Stellae
568 1497 740 1535 decreta
756 1496 944 1542 innectit,
961 1497 1059 1536 suas
1072 1498 1317 1545 Opiniones
1329 1498 1563 1542 Roeanus,
1581 1498 1619 1536 8(
1635 1510 1735 1536 cum
1752 1498 1888 1546 Sibyl-

242 1550 342 1587 linis
372 1550 630 1597 quibusdam
660 1551 982 1598 antiquioribus
1008 1551 1224 1594 Oraculis,
1254 1548 1516 1601 An-nnisque
1541 1563 1568 1589 a
1593 1551 1726 1589 Stella
1754 1551 1890 1589 Noua

244 1603 428 1648 Criticis,
449 1602 784 1651 praedictionum
799 1609 997 1642 tenorem
1014 1606 1214 1648 contexit,
1235 1604 1380 1642 altiori
1396 1604 1497 1642 sane
1513 1605 1731 1652 indagine,
1754 1616 1890 1652 quam

243 1668 502 1694 communes
517 1656 814 1704 Astrologastri
829 1656 1023 1695 factitare
1040 1657 1377 1701 consueuerunt;
1400 1657 1437 1695 8(
1457 1657 1649 1705 plurima
1668 1659 1714 1695 in
1732 1657 1800 1695 his
1816 1657 1890 1695 ad-

243 1710 427 1747 modum
442 1709 753 1753 verosimiliter,
770 1709 912 1748 solerti
928 1710 1102 1754 iudicio,
1124 1712 1170 1748 in
1185 1710 1382 1748 medium
1398 1711 1585 1748 adducit.
1607 1710 1727 1757 Quia
1742 1715 1891 1748 tamen

243 1762 373 1800 nostri
390 1774 481 1800 non
498 1763 552 1800 est
568 1763 756 1807 instituti,
773 1768 816 1801 vt
832 1763 1065 1811 aliquoties
1078 1765 1199 1811 prius
1211 1765 1342 1801 etiam
1354 1763 1525 1801 testatus
1537 1763 1642 1807 sum,
1659 1763 1891 1811 Astrologi-

244 1827 342 1854 cam
363 1815 765 1860 considerationem,
788 1818 902 1854 circa
921 1815 1251 1864 praedictionem
1272 1815 1506 1855 effectuum
1526 1817 1660 1855 huius
1679 1816 1890 1859 Cometae,

244 1869 465 1913 discutere,
486 1869 557 1907 sed
573 1869 848 1908 solummodo
864 1871 978 1908 intra
993 1872 1203 1908 terminos
1220 1881 1307 1914 eos,
1328 1872 1404 1917 qui
1420 1870 1733 1908 Astronomicis
1748 1870 1891 1907 limiti-

245 1923 326 1961 bus
346 1922 792 1969 comprehenduntur,
814 1922 1047 1967 consistere,
1069 1923 1174 1961 nolo
1195 1925 1241 1960 in
1261 1925 1326 1971 ijs,
1348 1935 1448 1970 quae
1466 1923 1687 1961 Roeslinus
1702 1923 1891 1961 Astrolo—

245 1977 336 2023 gice
353 1976 406 2013 de
422 1975 506 2013 hoc
523 1975 711 2014 Cometa
726 1982 1055 2020 commemorat,
1073 1976 1355 2019 excutiendis,
1372 1982 1544 2024 tempus
1560 1982 1710 2014 terere.

299 2028 449 2066 Vnum
471 2028 621 2067 saltem
642 2029 918 2077 Colophonis
941 2029 1038 2067 loco
1061 2028 1134 2067 hic
1156 2029 1407 2077 adiungam,
1431 2030 1474 2067 id
1497 2030 1615 2077 quod
1638 2041 1730 2067 non
1752 2029 1892 2067 solum

246 2082 331 2125 ille,
355 2081 425 2119 sed
447 2082 574 2120 multi
596 2082 668 2130 alij
692 2082 859 2120 Eruditi
880 2082 1186 2121 Mathematici
1208 2081 1420 2120 haetenus
1443 2083 1694 2130 persuasum
1716 2082 1892 2127 habent,

248 2137 318 2173 cui
339 2137 470 2173 etiam
490 2135 726 2173 Sententiae
747 2135 982 2174 Cornelius
1004 2135 1197 2174 Gemma
1216 2135 1432 2173 adhaefisse
1450 2136 1632 2179 videtur,
1655 2136 1893 2174 Minimam

248 2188 361 2226 Solis
381 2188 753 2226 Eccentricitatem
774 2188 918 2226 adhuc
939 2188 1093 2227 instare
1114 2188 1204 2236 post
1224 2200 1366 2227 annos
1389 2191 1588 2236 proxime
1611 2194 1830 2231 centenos,
1855 2189 1892 2226 8(

248 2243 490 2279 maximam
514 2242 615 2279 inde
641 2244 842 2279 omnium
868 2242 1030 2279 Rerum
1054 2244 1345 2280 mutationem
1369 2243 1581 2290 portendi,
1608 2242 1893 2290 quemadmo-

249 2294 354 2332 dum
377 2300 507 2332 antea
529 2294 605 2333 illa
627 2296 673 2332 in
695 2294 917 2343 infigniori
939 2295 1090 2342 aliquo
1112 2295 1175 2332 sui
1198 2295 1386 2339 Circelli,
1411 2307 1544 2342 quem
1566 2295 1772 2339 describit,
1796 2295 1894 2333 loco

249 2347 486 2391 constituta,
503 2349 699 2396 ingentes
712 2347 750 2385 8(
761 2347 1027 2386 vniuersales
1043 2350 1089 2386 in
1105 2348 1280 2386 Mundo
1295 2348 1676 2396 Metamorphoses
1692 2349 1894 2396 peperisse

250 2401 453 2444 creditur;
471 2401 513 2439 id
531 2401 748 2448 (inquam)
766 2400 1056 2439 exaffloribus
1069 2401 1458 2440 Obseruationibus
1472 2404 1518 2439 in
1531 2407 1655 2440 motu
1667 2402 1792 2445 Solis,
1809 2413 1893 2439 coe-

250 2453 350 2491 litus
371 2456 553 2492 minime
573 2453 802 2492 fallacibus
824 2454 1012 2502 Organis
1033 2453 1238 2499 deduc‘tis,
1262 2467 1354 2492 non
1374 2454 1694 2503 correspondet;
1718 2454 1788 2493 sed
1810 2454 1894 2492 Co-

250 2508 474 2554 pernianis
489 2507 702 2545 duntaxat
718 2509 922 2551 inuentis,
944 2509 1056 2546 circa
1072 2509 1362 2546 variationem
1379 2508 1715 2546 Eccentricitatis
1732 2507 1895 2546 Solaris

357 2568 390 2593 33
1623 2561 1893 2604 saluandam,
