2209 3213
400 212 456 250 112
893 208 975 246 DE
997 206 1222 246 MUNDI
1244 205 1544 245 AETHEREI

399 332 422 356 a
442 318 685 355 Latitudine
703 315 846 353 Stellae
864 314 1058 351 Vulturis
1075 314 1149 351 ΕΒ
1167 313 1362 360 superius
1378 313 1591 360 inquisita.
1608 313 1741 360 fitque
1758 313 1799 351 P.
1818 315 1862 351 11.
1880 314 1942 352 M.
1961 314 2036 358 ΒΗ,

400 373 560 408 Idcirco
577 381 652 416 per
668 369 781 415 leges
793 367 1133 414 Triangulorum
1145 367 1316 404 dabitur
1328 368 1367 404 A
1376 367 1423 409 Β,
1441 366 1482 404 Ρ.
1496 366 1548 404 10.
1562 366 1625 404 Μ.
1638 367 1700 404 33.
1718 366 1783 404 Est
1795 372 1943 404 autem
1954 367 2036 404 AB

399 424 593 460 distantia
614 422 820 463 Vulturis,
843 432 869 458 a
889 422 961 458 via
982 419 1193 463 Cometae,
1216 421 1418 466 proxima
1438 419 1585 457 versus
1606 419 1806 463 Boream,
1828 420 1955 458 datur
1974 421 2036 457 in-

399 477 521 522 super
538 476 669 512 Latus
686 474 779 517 AC,
797 473 838 511 P.
851 474 887 511 4.
902 473 964 510 M.
978 473 1062 515 405⁷,
1080 472 1197 519 quod
1213 472 1242 509 fi
1258 473 1547 510 adiecerimus
1563 473 1618 510 ad
1635 472 1722 511 DC
1738 475 1857 520 prius
1873 472 2037 517 datum,

398 529 583 575 prodibit
603 527 705 570 AD,
729 526 926 564 distantia
947 525 1248 573 Longitudinis
1269 525 1414 563 Stellae
1435 525 1642 569 Vulturis,
1666 527 1711 563 in
1733 527 1805 564 via
1826 525 2037 570 Cometae,
2076 540 2090 564 5

398 582 451 619 ab
469 583 561 618 eius
577 586 730 617 mutua
747 591 847 617 curn
864 579 1071 626 Ecliptica
1087 577 1402 623 Intersefflone,
1419 578 1461 616 Ρ.
1478 578 1540 616 43.
1559 578 1622 616 M.
1639 578 1724 617 22⁷3.
1741 575 1756 628 ΙΙ

454 1746 766 1784 Examinantes
788 1748 935 1793 itaque
958 1745 1202 1783 distantiam
1224 1744 1310 1783 diei
1330 1745 1432 1783 XVI
1454 1745 1733 1789 Nouembris,
1758 1756 1856 1783 eam
1878 1745 1934 1783 ad
1956 1747 2039 1792 pri-
2068 1751 2128 1783 130

402 1811 523 1837 orem
544 1800 611 1837 die
632 1799 713 1836 XV
733 1801 855 1837 iuxta
874 1799 990 1837 idem
1011 1798 1134 1836 horae
1154 1804 1326 1845 tempus
1346 1796 1517 1842 faciam,
1538 1797 1825 1836 conferemus.
1848 1798 1944 1836 Fuit
1963 1809 2038 1836 au-

401 1859 488 1890 tem
509 1852 577 1890 die
597 1852 882 1899 praecedente,
904 1852 1031 1889 Hora
1050 1852 1086 1896 6,
1110 1853 1294 1889 remotio
1315 1863 1342 1889 a
1362 1851 1557 1895 Vulture,
1578 1851 1620 1889 P.
1642 1851 1704 1889 20.
1727 1851 1789 1889 M.
1810 1851 1873 1889 25.
1898 1851 2040 1889 Datur

402 1917 505 1943 vero
525 1905 720 1952 superius
737 1904 934 1943 Cometae
951 1905 1198 1952 Longitudo
1218 1906 1263 1942 in
1282 1903 1358 1942 sua
1373 1906 1457 1948 via,
1478 1916 1504 1942 a
1525 1904 1622 1942 loco
1639 1903 1964 1948 Intersedtionis,
1985 1904 2040 1942 ad
2081 1916 2112 1942 ιο

402 1958 485 1996 hoc
508 1963 690 2005 tempus,
714 1958 756 1995 P.
773 1958 835 1996 25.
858 1958 921 1995 M.
938 1958 1001 2002 48,
1025 1969 1213 2005 cumque
1236 1963 1381 1995 motus
1404 1957 1587 1995 diurnus
1610 1959 1655 1995 in
1677 1957 1753 1995 suo
1778 1957 1954 1995 Circulo
1977 1968 2040 1995 re-

402 2010 544 2058 [pediu
564 2011 914 2049 antecedentium
931 2011 1101 2049 dierum
1117 2010 1154 2048 8(
1170 2010 1455 2058 sequentium,
1476 2010 1903 2058 proportionabiliter
1923 2010 2040 2048 colli-

402 2069 525 2111 gatur
541 2076 594 2101 ex
609 2064 900 2111 superioribus
917 2063 1318 2108 obseruationibus,
1339 2063 1377 2101 8(
1397 2063 1499 2101 hinc
1520 2065 1710 2101 inuentis
1730 2063 2040 2111 supputationi-

402 2117 494 2160 bus,
511 2117 553 2154 P.
567 2117 602 2155 3.
615 2117 678 2154 Μ.
690 2117 727 2161 7,
743 2116 822 2155 fuit
833 2117 902 2155 die
914 2117 1014 2155 XVI
1026 2116 1156 2165 ipfius
1168 2116 1413 2164 Longitudo
1429 2128 1456 2155 a
1471 2117 1568 2154 loco
1581 2115 1906 2160 Interseetionis,
1923 2116 1965 2154 P.
1978 2116 2039 2154 28.

1091 2170 1154 2207 M.
1171 2170 1233 2208 55.
1255 2170 1446 2217 Ideoque
1467 2171 1512 2207 in
1530 2170 1731 2217 assignata
1748 2169 1917 2217 Figura,
1938 2168 1984 2207 fit
2000 2169 2041 2207 A
2082 2182 2111 2206 1⁵

1091 2222 1255 2261 Lucida
1275 2222 1483 2267 Vulturis,
1506 2224 1578 2260 via
1601 2222 1799 2260 Cometae
1822 2221 1867 2260 fit
1888 2221 1979 2266 BC,
2004 2221 2042 2260 &

1091 2275 1212 2313 locus
1233 2274 1546 2314 Intersectionis
1567 2287 1667 2313 curn
1687 2275 1894 2322 Ecliptica
1912 2275 1959 2313 B.
1981 2274 2042 2313 Sit

1091 2334 1239 2366 autem
1258 2328 1300 2366 D
1318 2328 1440 2367 locus
1457 2328 1654 2367 Cometae
1676 2328 1744 2366 die
1761 2327 1875 2372 XVI,
1897 2327 1935 2365 &
1956 2327 2041 2366 DA

419 2396 460 2442 B
1091 2381 1288 2419 distantia
1304 2393 1330 2419 a
1346 2381 1510 2419 Lucida
1526 2380 1721 2418 Vulturis
1742 2392 1794 2418 eo
1816 2381 1885 2418 die
1907 2392 2042 2428 quam

1092 2434 1370 2472 intendimus.
1402 2434 1517 2472 Cum
1546 2435 1693 2480 itaque
1719 2433 1810 2478 BC,
1840 2433 1885 2471 fit
1910 2433 1952 2471 P.
1977 2434 2040 2472 43.
2080 2446 2113 2472 20

637 2490 685 2528 D
992 2480 1028 2519 C
1093 2486 1155 2525 M.
1173 2487 1235 2530 23,
1252 2487 1349 2531 BD,
1367 2487 1408 2524 P.
1425 2486 1487 2525 28.
1506 2486 1568 2524 M.
1585 2487 1648 2530 55,
1665 2488 1725 2524 vti
1741 2487 2042 2579 diximusssegt
