2209 3213
112 487 154 519 20

120 874 150 898 10

123 1192 153 1217 15

121 1458 154 1483 20

122 1724 155 1748 25

117 2036 156 2067 21

125 2307 158 2332 35

504 221 1027 261 RECENTIORIBUS
1048 222 1507 260 PHAENOMENIS
1779 223 1830 260 25

186 330 383 367 additum
399 329 454 366 ad
470 327 681 375 punctum
698 328 814 366 Coeli
830 328 1109 366 mediationis
1125 330 1170 365 in
1188 328 1250 370 M,
1272 328 1344 366 dat
1364 328 1682 376 longitudinem
1698 327 1830 366 huius

187 382 332 421 Stellae
348 384 393 419 in
409 382 451 419 P.
469 382 531 420 28.
550 382 612 419 M.
630 382 654 419 8
674 387 714 425 z,
731 381 959 419 latitudine
975 383 1096 428 prius
1113 381 1314 419 existente
1331 381 1373 419 P.
1390 382 1426 419 4.
1445 382 1508 419 Μ.
1525 382 1566 419 41
1582 381 1762 419 boreali.
1779 378 1793 431 ΙΙ

580 478 839 517 SINISTER
860 478 1157 517 HUMERUS
1178 478 1442 525 AQUARII.

259 541 506 579 SCENSIO
523 539 653 579 Recta
669 552 695 578 a
710 541 837 578 nobis
853 540 1122 588 deprehensa
1138 540 1255 578 estin
1270 540 1353 578 hac
1370 540 1514 585 Stella,
1532 541 1574 578 P.
1589 540 1670 578 317.
1689 540 1751 578 M.
1769 540 1831 578 26.

303 594 551 632 Declinatio
574 605 679 632 vero
703 594 955 631 Meridiana
977 594 1019 631 P.
1041 594 1078 632 7.
1100 594 1163 631 M.
1184 593 1247 631 20.
1272 594 1337 631 Est
1360 596 1520 641 itaque,
1544 596 1590 631 in
1613 594 1832 641 Ecliptica‚

188 647 303 686 Coeli
314 648 522 685 mediatio
534 659 635 685 cum
646 647 688 684 P.
702 647 754 684 14.
769 647 832 684 M.
844 647 895 685 58
911 657 952 683 m
961 678 969 691 ,
982 649 1106 684 cuius
1119 649 1250 684 etiam
1262 647 1495 685 declinatio
1508 646 1562 684 est
1574 647 1616 684 P.
1628 647 1681 684 16.
1696 647 1758 684 M.
1770 646 1832 684 22.

239 701 351 748 Ergo
372 700 522 738 habita
542 702 710 738 ratione
731 702 930 747 proxime
949 700 1244 738 antecedentis
1260 699 1546 747 figurationis,
1570 699 1607 737 &
1629 700 1833 744 eiusdem,

187 765 275 800 qua
290 754 349 791 ibi
365 753 423 790 vsi
439 753 599 797 sumus,
621 752 902 797 Induffionis,
923 755 1127 800 prouenit
1142 755 1188 790 in
1204 753 1444 800 Triangulo
1461 753 1613 796 LMO,
1631 753 1834 801 Angulus

187 807 242 844 ad
258 806 322 850 M,
339 806 381 844 P.
398 806 461 844 72.
479 806 542 844 M.
559 807 644 845 574.
663 806 712 844 In
727 806 968 854 Triangulo
984 818 1089 844 vero
1107 806 1247 849 IMN‚
1265 808 1344 843 erit
1360 806 1492 844 Latus
1510 806 1598 850 IM,
1616 806 1658 843 P.
1671 807 1707 844 9.
1722 806 1784 844 M.
1797 806 1833 844 2.

187 860 378 906 Ideoque
395 859 566 897 dabitur
578 860 711 897 Latus
724 860 804 904 IN,
821 860 864 897 P.
877 860 912 897 8.
926 859 989 896 Μ.
1002 859 1064 897 38.
1082 859 1285 897 Latitudo
1298 859 1442 897 Stellae
1460 859 1649 906 quaefita,
1668 859 1705 896 &
1722 859 1835 897 latus

187 913 360 960 insuper
374 912 488 957 MN,
506 913 548 950 P.
561 913 597 950 2.
611 913 674 950 M.
688 913 750 956 40,
768 913 886 959 quod
902 912 1099 950 additum
1116 912 1171 950 ad
1187 910 1398 959 punctum
1411 912 1526 950 Coeli
1543 913 1834 956 mediationis,

186 966 384 1013 producit
400 965 719 1013 longitudinem
734 965 867 1003 huius
883 965 1028 1003 Stellae
1044 967 1090 1002 in
1106 965 1149 1002 P.
1166 966 1219 1003 17.
1238 965 1301 1003 M.
1318 965 1370 1003 38
1386 975 1444 1008 m,
1464 965 1711 1003 Latitudine
1729 965 1834 1003 eius-

187 1019 286 1057 dem
302 1018 437 1066 paulo
453 1024 554 1057 ante
570 1024 753 1066 reperta,
770 1019 813 1056 P.
830 1019 866 1057 8.
885 1018 948 1056 M.
965 1018 1016 1057 38
1032 1018 1210 1056 boreali.

590 1116 826 1154 DEXTER
848 1115 1145 1154 HUMERUS
1166 1115 1431 1162 AQUARII.

306 1178 434 1216 ANC
455 1178 634 1216 Stellam
653 1177 1023 1225 deprehendimus
1045 1177 1161 1215 Coeli
1182 1177 1358 1215 culmen
1380 1177 1570 1220 transire,
1595 1188 1695 1214 cum
1715 1183 1836 1224 parte

323 1231 577 1278 AEquatoris
593 1231 682 1269 326.
700 1231 763 1269 M.
780 1232 816 1275 7,
838 1231 1129 1269 declinatione
1151 1230 1342 1268 eiusdem
1364 1230 1578 1273 existente,
1600 1231 1643 1268 P.
1660 1230 1696 1268 2.
1714 1231 1777 1268 M.
1795 1230 1837 1268 16

191 1284 488 1329 Meridionali,
512 1284 816 1331 correspondet
837 1286 998 1331 itaque,
1021 1286 1067 1321 in
1091 1284 1309 1331 Ecliptica‚
1333 1284 1375 1321 P.
1393 1284 1455 1321 23.
1478 1283 1541 1321 Μ.
1558 1284 1609 1321 48
1630 1293 1688 1328 zzz,
1713 1286 1836 1321 cuius

191 1337 424 1376 declinatio
445 1337 500 1375 est
520 1338 562 1376 P.
580 1338 633 1375 13.
656 1338 719 1376 M.
736 1338 798 1375 36.
820 1337 1034 1375 Manente
1055 1339 1202 1384 itaque
1223 1339 1426 1384 proxima
1445 1336 1719 1384 figuratione,
1741 1337 1836 1375 reli-

192 1402 280 1438 qua
294 1390 335 1428 se
351 1390 575 1429 habebunt
590 1393 635 1428 in
651 1391 769 1428 hunc
785 1391 984 1428 modum:

245 1444 295 1482 In
309 1444 549 1492 Triangulo
566 1444 718 1485 LMO.
736 1444 939 1492 Angulus
955 1444 1009 1482 ad
1028 1444 1091 1487 M,
1109 1445 1187 1481 erit
1203 1443 1244 1481 P.
1263 1444 1325 1482 70.
1344 1444 1407 1481 M.
1423 1444 1509 1483 4323.
1532 1443 1580 1481 In
1596 1443 1836 1491 Triangulo

191 1509 295 1535 vero
312 1497 452 1541 IMN‚
469 1498 602 1535 Latus
619 1497 694 1535 ΙΜ
712 1498 839 1535 datur
854 1497 896 1535 P.
915 1498 958 1535 11.
977 1497 1040 1535 M.
1057 1497 1120 1541 20,
1136 1497 1303 1535 sublata
1318 1497 1529 1539 videlicet,
1546 1502 1589 1534 vt
1605 1499 1651 1534 in
1667 1503 1836 1535 antece-

192 1551 404 1594 dentibus,
426 1551 718 1589 declinatione
735 1550 892 1593 Stellae,
910 1562 936 1588 a
952 1550 1243 1588 declinatione
1260 1548 1408 1597 puncti
1426 1550 1541 1588 Coeli
1558 1550 1836 1588 mediationis

191 1606 237 1641 in
262 1604 481 1651 Ecliptica.
508 1604 798 1652 Quapropter,
824 1615 901 1651 per
925 1603 1267 1651 Triangulorum
1293 1605 1608 1650 operationem,
1634 1606 1837 1650 prouenit

192 1657 325 1695 Latus
348 1657 428 1701 IN,
452 1657 494 1695 P.
517 1657 570 1695 10.
594 1657 657 1694 M.
683 1658 759 1701 4113,
784 1658 902 1704 quod
924 1657 1199 1695 latitudinem
1222 1657 1366 1695 Stellae
1390 1656 1679 1704 repraesentat.
1704 1657 1837 1694 Latus

192 1722 297 1748 vero
321 1710 435 1754 MN,
458 1712 504 1747 in
527 1711 683 1748 eodem
706 1710 958 1758 Triangulo‚
984 1712 1208 1748 inuenitur
1230 1710 1273 1747 P.
1297 1710 1332 1747 3.
1358 1710 1421 1747 Μ.
1445 1710 1508 1753 47,
1535 1710 1578 1747 id
1601 1709 1630 1747 fi
1653 1710 1838 1748 addatur

191 1762 352 1810 punc'to
376 1763 607 1810 Eclipticae‚
632 1775 733 1801 cum
755 1775 844 1810 quo
867 1763 1000 1802 Stella
1023 1762 1202 1801 Coelum
1224 1763 1399 1807 mediat,
1425 1763 1497 1800 dat
1520 1763 1839 1810 longitudinem

192 1816 324 1854 huius
340 1816 485 1855 Stellae
501 1819 547 1854 in
563 1817 605 1854 P.
622 1817 685 1855 27.
703 1816 766 1854 M.
783 1817 833 1855 35
855 1826 912 1861 m,
929 1816 1156 1855 latitudine
1173 1818 1292 1864 prius
1309 1818 1492 1864 cognita,
1510 1816 1552 1854 P.
1570 1816 1623 1854 10.
1642 1816 1704 1854 M.
1722 1816 1784 1854 42.

859 1914 930 1953 OS
951 1913 1173 1952 PEGASI.

266 1976 510 2014 TELLAM
531 1978 577 2014 in
598 1988 672 2014 ore
693 1976 849 2024 Pegafi,
872 1988 1007 2023 quam
1027 1976 1099 2024 alij
1124 1975 1292 2014 Rictum
1313 1975 1548 2023 appellant,
1570 1975 1839 2023 deprehendi

289 2029 451 2068 habere
476 2029 785 2067 Ascenfionem
811 2028 998 2073 Rectam,
1024 2029 1067 2067 P.
1091 2029 1180 2067 320.
1205 2029 1268 2067 M.
1294 2029 1357 2073 59,
1385 2041 1486 2067 cum
1510 2026 1839 2079 declinati-{lone

193 2082 544 2130 Septentrionali,
567 2083 610 2120 P.
632 2083 667 2121 8.
690 2083 753 2120 M.
774 2083 811 2120 2.
833 2082 1194 2129 correspondente
1217 2082 1333 2120 Coeli
1353 2082 1633 2127 mediatione,
1654 2084 1700 2120 in
1721 2083 1763 2120 P.
1785 2083 1838 2120 18.

194 2136 257 2173 M.
281 2136 355 2175 32}
381 2145 439 2181 m,
463 2138 587 2174 cuius
610 2136 843 2174 declinatio
868 2136 923 2173 est
945 2136 987 2173 P.
1012 2136 1065 2174 15.
1090 2135 1153 2173 M.
1178 2136 1231 2179 17,
1258 2147 1358 2183 quae
1382 2147 1483 2173 cum
1507 2135 1666 2173 euadat
1689 2138 1734 2173 in
1757 2136 1840 2173 hac

194 2188 327 2227 Stella
350 2188 551 2233 borealis,
577 2194 796 2237 repetatur
821 2191 963 2236 prima
988 2188 1202 2236 figuratio,
1232 2201 1319 2236 qua
1345 2188 1399 2226 ab
1424 2191 1549 2226 initio
1574 2191 1620 2226 in
1644 2189 1840 2227 Vulturis

194 2242 382 2280 volantis
406 2242 552 2280 lucida
576 2242 635 2280 vfi
659 2242 819 2280 sumus.
847 2242 960 2288 Quae
986 2253 1077 2279 non
1102 2241 1241 2279 solum
1266 2244 1312 2279 in
1337 2241 1433 2286 hac,
1459 2242 1528 2280 sed
1554 2242 1759 2280 omnibus
1782 2242 1839 2279 se-

195 2295 428 2342 quentibus
448 2295 595 2333 locum
616 2295 791 2339 obtinet,
814 2307 866 2333 eo
885 2295 1004 2342 quod
1020 2295 1334 2334 declinationes
1351 2297 1552 2333 omnium
1567 2295 1841 2342 sequentium

195 2347 428 2386 Stellarum
444 2351 576 2386 etiam
588 2349 795 2386 Boreales
812 2348 1002 2386 existant.
1020 2348 1233 2386 Manente
1249 2351 1396 2395 itaque
1413 2351 1582 2386 ratione
1600 2349 1841 2386 earundem

195 2401 620 2446 denominationum,
642 2401 680 2439 &
700 2401 892 2440 eiusdem
912 2402 1135 2449 processus‚
1158 2413 1246 2448 quo
1262 2401 1321 2439 vfi
1336 2401 1484 2439 sumus
1501 2404 1546 2439 in
1562 2401 1757 2439 Vulturis
1777 2401 1840 2438 lu-

196 2455 303 2499 cida,
326 2456 440 2492 circa
458 2457 648 2502 primam
667 2454 987 2503 figurationem,
1009 2454 1172 2492 habent
1190 2455 1230 2493 se
1249 2455 1431 2502 reliqua,
1452 2457 1498 2492 in
1515 2454 1647 2493 Stella
1663 2457 1750 2492 oris
1766 2454 1840 2492 Pe-

195 2507 293 2555 gafi,
309 2509 356 2545 in
370 2507 489 2546 hunc
504 2508 703 2546 modum:

303 2569 319 2594 4
1615 2560 1843 2607 Trianguli
