2209 3213
404 238 495 276 AD
517 237 828 276 CRAIGUM
850 237 1121 277 SCOTUM
1143 238 1226 276 DE
1248 236 1540 276 COMETIS
1725 236 1793 274 471

153 343 488 384 CORNELIUS
501 343 733 382 GEMMA
746 344 890 391 Belga,
908 349 948 382 et
963 344 1294 382 Germanorum
1310 343 1488 391 qvidam
1504 342 1591 390 alij,
1609 341 1793 389 idipsum

152 409 283 445 qvam
299 399 510 444 proxime,
527 398 573 434 in
590 397 764 434 diversis
780 397 886 434 locis
902 397 1223 435 adinvenerunt
1238 402 1277 434 et
1291 396 1452 443 scriptis
1464 396 1648 443 publicis
1659 394 1793 433 testati

150 450 257 488 sunt.
276 450 326 488 Et
342 449 371 487 fi
387 451 459 497 qvi
475 449 584 487 forte
601 450 949 493 inveniebantur,
967 452 1039 497 qvi
1056 452 1323 488 contrarium
1339 450 1574 487 asseverare
1590 460 1681 486 non
1698 459 1792 486 eru-

150 503 388 546 bescebant,
405 502 516 540 nihil
532 502 652 540 aliud
664 514 795 550 qvam
807 505 1030 550 propriam
1043 503 1384 550 imprudentiam
1396 508 1523 549 atqve
1535 503 1639 540 artis
1650 500 1792 539 Astro-

98 570 113 595 5
150 558 313 594 nomiae
334 557 464 593 nimis
485 556 661 593 crassam
681 558 975 603 ignorantiam
991 556 1268 599 ostentarunt,
1290 561 1336 593 ut
1356 555 1452 593 haec
1472 554 1732 602 locupletius
1748 556 1793 592 in

149 611 292 657 primo
308 608 450 646 nostro
466 607 628 646 horum
644 608 925 646 ascititiorum
937 609 1036 646 coeli
1048 608 1384 647 Phaenomenoev
1400 608 1510 646 libro
1522 608 1711 645 indicata
1723 608 1793 645 de-

149 661 469 708 monstrataqve
490 663 701 699 invenies.
724 661 1001 708 Qvapropter
1022 673 1121 699 cum
1142 662 1237 699 haec
1258 673 1376 699 nova
1391 661 1508 699 stella
1524 662 1793 708 inexpugna-

149 715 226 753 bili
241 715 339 753 labe
358 714 672 752 Aristotelicam
688 714 1016 761 Philosophiam
1033 714 1264 762 asperserit,
1284 714 1395 752 adeo
1413 720 1458 751 ut
1474 714 1623 751 nullus
1639 713 1685 751 fit
1699 713 1792 751 sub-

148 767 316 816 terfugij
342 767 477 811 locus,
502 767 578 805 illa
600 766 742 805 nostro
765 778 864 805 aevo
887 767 1050 805 coelum
1073 769 1200 805 novis
1222 772 1370 814 patere
1393 767 1647 814 corporibus
1670 778 1792 814 aper-

83 834 113 859 lo
149 821 295 859 tissime
316 820 507 863 ostendit,
532 825 578 858 ut
598 820 627 857 si
648 820 749 867 qvid
772 820 985 867 paradoxi
1009 820 1091 858 hac
1115 822 1160 858 in
1183 825 1304 867 parte
1328 825 1479 858 contra
1502 821 1794 857 communiter

149 879 367 922 receptam
384 885 410 911 a
426 873 811 921 Peripateticorum
832 873 992 911 Schola
1013 875 1269 920 opinionem
1291 885 1317 911 a
1337 884 1407 910 me
1431 874 1627 911 assertum
1647 872 1792 910 videa-

148 933 228 971 tur,
250 927 293 965 id
314 938 406 964 non
425 926 535 966 mihi
553 926 623 964 sed
639 926 714 973 ipfi
731 926 857 970 coelo,
879 926 994 973 qvod
1011 938 1102 964 non
1118 927 1242 964 aliter
1258 926 1333 964 sua
1350 926 1651 964 Phaenomena
1666 925 1793 963 nobis

148 979 412 1024 monstravit,
429 980 738 1026 imputandum
753 981 912 1017 veniat.

201 1033 314 1071 Haec
330 1033 385 1071 ad
402 1044 466 1077 ea,
486 1044 583 1080 qvae
600 1037 751 1071 contra
767 1032 931 1070 nostras
948 1033 1000 1070 de
1017 1032 1095 1070 situ
1112 1033 1398 1071 Cometarum
1415 1031 1572 1069 coelesti
1589 1032 1792 1069 assevera-

83 1099 112 1124 15
149 1088 288 1124 tiones
305 1085 526 1134 protulisti,
543 1091 589 1124 ut
606 1085 850 1124 ostenderes
863 1091 903 1123 te
916 1097 942 1123 a
953 1085 1233 1134 Phyficorum
1249 1087 1431 1133 receptis
1447 1083 1705 1132 conjecturis
1723 1084 1793 1131 (fic

149 1141 267 1178 enim
283 1139 460 1187 ipsemet
476 1140 622 1177 verius
639 1150 770 1186 qvam
786 1144 974 1186 putares,
992 1141 1072 1182 ais;
1094 1151 1248 1177 revera
1265 1141 1382 1177 enim
1398 1137 1509 1175 nihil
1525 1137 1645 1175 aliud
1662 1149 1792 1185 qvam

147 1195 303 1231 inanes
323 1191 594 1240 conjec'turas
615 1192 840 1239 promunt)
862 1204 952 1230 non
973 1193 1084 1239 posse
1105 1192 1333 1236 discedere,
1355 1190 1655 1238 respondenda
1674 1191 1791 1229 duxi.

149 1245 259 1292 Qvae
280 1257 372 1283 non
392 1245 467 1283 illo
488 1247 640 1283 animo
656 1257 683 1283 a
698 1257 768 1282 me
790 1245 943 1292 scripta
964 1246 1040 1283 esse
1061 1245 1287 1288 existimes,
1309 1245 1424 1292 qvod
1444 1250 1532 1282 tuae
1554 1244 1792 1282 contradic·

147 1301 288 1337 tiones
308 1298 419 1336 mihi
439 1300 620 1346 ingratae
641 1298 814 1343 fuerint,
836 1300 926 1336 imo
947 1298 1159 1345 plurimas
1175 1298 1319 1336 habeo
1335 1299 1506 1345 gratias,
1528 1297 1643 1344 qvod
1660 1297 1793 1335 dubia

79 1364 112 1390 20
148 1357 223 1390 tua
238 1352 527 1400 proponendo
539 1353 709 1389 veritati
725 1351 907 1389 ulterius
923 1351 1186 1390 illustrandae
1200 1351 1237 1389 &
1249 1350 1539 1389 rectificandae
1556 1349 1705 1388 ansam
1722 1350 1792 1388 de-

149 1405 274 1443 deris.
296 1405 343 1443 Id
359 1405 509 1443 saltem
524 1410 564 1442 te
581 1404 858 1442 admonitum
874 1404 1019 1448 velim,
1041 1410 1087 1442 ut
1108 1403 1454 1451 circumspectius
1471 1408 1510 1441 et
1526 1405 1709 1450 aeqviori
1724 1405 1792 1451 ju-

148 1459 260 1497 dicio
281 1470 374 1496 rem
395 1469 574 1496 omnem
594 1458 852 1505 perpendas,
874 1458 1002 1505 idqve
1019 1469 1072 1495 ex
1089 1458 1178 1505 ipso
1196 1458 1380 1495 Naturae
1396 1457 1576 1500 lumine,
1597 1455 1793 1494 adhibita

148 1511 338 1550 evidenti
359 1513 640 1558 experientia,
662 1516 899 1558 anteqvam
917 1516 957 1548 te
973 1511 1043 1548 vel
1058 1511 1336 1554 Aristoteleis,
1358 1510 1428 1547 vel
1448 1509 1580 1547 ullius
1601 1508 1791 1554 alterius,

148 1569 243 1603 utut
259 1565 487 1612 approbati
504 1563 755 1611 Philosophi
770 1564 1076 1602 traditionibus
1092 1566 1328 1611 mancipes.
1352 1564 1398 1601 Id
1415 1564 1532 1600 enim
1549 1573 1681 1609 qvam
1698 1562 1792 1609 plu·

79 1630 111 1655 25
148 1619 282 1656 rimos
298 1629 325 1656 a
339 1619 532 1656 veritatis
552 1617 767 1655 secretiori
788 1619 1034 1665 cognitione
1055 1617 1202 1655 multis
1219 1619 1313 1665 jam
1333 1616 1485 1654 seculis
1506 1615 1683 1653 seduxit.
1704 1615 1792 1653 Ad-

148 1671 251 1709 dam
266 1676 415 1709 tamen
432 1675 471 1708 et
487 1670 571 1708 hoc
588 1670 821 1708 excusandi
833 1670 1071 1708 Aristotelis
1087 1673 1149 1708 tui
1166 1671 1316 1714 caussa,
1334 1670 1449 1717 qvod
1462 1668 1639 1716 ipsemet
1651 1679 1792 1716 neqve

149 1723 495 1772 Meteorologica
510 1723 597 1768 sua,
614 1735 756 1771 neqve
771 1724 823 1761 de
836 1723 1033 1761 Cornetis
1049 1724 1254 1772 dogmata
1270 1723 1381 1761 adeo
1398 1728 1525 1765 certa,
1542 1727 1753 1768 tanqvam
1770 1733 1792 1759 e

148 1777 316 1825 tripode
332 1777 550 1824 Delphico
567 1782 671 1815 nata
687 1777 825 1819 essent,
844 1778 1158 1824 pronunciarit,
1176 1779 1265 1814 imo
1282 1787 1461 1814 omnem
1478 1775 1530 1813 de
1546 1776 1750 1812 meteoris
1766 1786 1793 1813 a

66 1836 125 1868 37Γ
148 1830 188 1869 se
204 1830 420 1878 prolatam
432 1832 812 1868 ratiocinationem
824 1830 973 1868 saltem
985 1826 999 1880 ΙΙ
1012 1829 1350 1878 conjecturalem
1363 1829 1400 1867 &
1412 1827 1704 1866 stochasticam
1717 1828 1792 1866 esse

80 1896 113 1921 30
149 1884 347 1922 voluerit.
365 1883 434 1922 Sic
449 1883 658 1922 TOMAS
676 1883 949 1927 ERASTUS‚
967 1886 1038 1930 qvi
1054 1895 1133 1931 pro
1146 1883 1384 1921 Aristotelis
1400 1880 1681 1928 Philosophia
1697 1881 1794 1919 asse·

149 1937 286 1975 renda
310 1936 550 1984 plurimum
576 1936 755 1980 sudavit,
782 1938 827 1973 in
852 1936 1099 1974 defensione
1124 1937 1201 1974 sua
1226 1942 1376 1974 contra
1402 1934 1795 1981 SQVARCIALU-

150 1990 279 2028 PUM
302 1989 616 2037 Philosophum
638 1989 675 2027 &
697 1989 924 2027 Medicum
948 1990 1147 2028 Italicum
1170 1990 1307 2028 statim
1331 1989 1384 2027 ab
1408 1990 1545 2031 initio,
1570 1987 1795 2034 postqvam

150 2043 352 2091 qvaedam
368 2043 606 2081 Aristotelis
622 2043 756 2080 verba
772 2043 824 2080 de
842 2042 1028 2081 Cometa
1045 2048 1085 2081 et
1101 2042 1239 2081 lacteo
1256 2042 1418 2080 circulo
1435 2041 1601 2084 citasset,
1622 2040 1681 2078 ibi
1702 2040 1794 2078 sub-

93 2099 113 2130 ’τ
146 2098 303 2145 jungit:
324 2097 399 2134 Ex
413 2095 581 2145 qvibus
597 2095 813 2134 omnibus
828 2094 1067 2144 manifeste
1083 2098 1217 2145 patet
1230 2093 1521 2143 Aristotelem
1536 2104 1629 2132 non
1652 2093 1794 2132 habu-

80 2162 112 2187 35
149 2147 221 2197 isse
232 2160 321 2199 pro
333 2149 462 2188 veris
479 2147 952 2197 demonstrationibus,
972 2160 1077 2198 qvae
1089 2149 1144 2188 de
1159 2149 1453 2188 Cometarum
1471 2145 1633 2194 caustis
1650 2145 1792 2195 dispu-

151 2202 278 2242 tavit.
299 2203 403 2241 Non
424 2201 514 2241 fuit
534 2204 627 2241 tam
648 2202 780 2241 iners
801 2204 848 2240 et
861 2199 1053 2249 stolidus
1071 2202 1145 2241 Vir
1152 2200 1377 2251 summus,
1402 2203 1451 2239 ut
1465 2199 1672 2239 omnium
1688 2210 1793 2249 per-

150 2253 316 2295 fectam
336 2255 557 2294 noticiam
572 2253 624 2304 se
646 2257 806 2294 tenere
828 2254 1146 2295 arbitraretur.
1171 2255 1373 2294 Stultum
1396 2253 1518 2293 enim
1537 2254 1583 2292 et
1599 2254 1793 2292 temera-

150 2308 269 2348 rium
287 2311 426 2348 vocat
440 2320 559 2354 eum,
578 2308 659 2358 qvi
671 2307 736 2346 ita
747 2306 830 2356 sibi
839 2309 1008 2357 placet.
1031 2310 1082 2347 Et
1097 2309 1231 2357 paulo
1248 2308 1429 2346 inferius
1445 2309 1505 2345 ait
1521 2306 1795 2344 Aristotelem

150 2361 202 2400 fic
219 2362 496 2400 concludere:
520 2361 574 2400 Si
593 2361 670 2400 cui
689 2360 950 2411 contigerit,
968 2360 1316 2412 praestantiores
1335 2360 1585 2411 magisqve
1607 2357 1796 2398 exac‘tas

81 2427 114 2452 40
150 2415 360 2455 rationes
371 2414 599 2464 proferre,
618 2414 664 2453 ei
676 2414 844 2453 merito
855 2415 1042 2464 gratias
1056 2414 1344 2454 habebimus.
1367 2415 1431 2452 Ex
1446 2414 1514 2451 his
1531 2418 1571 2451 et
1587 2413 1795 2451 fimilibus

149 2468 281 2516 liqvet
306 2468 446 2516 ipsum
468 2468 743 2506 Aristotelem
768 2468 820 2505 de
845 2467 930 2507 suis
955 2471 1142 2517 proprijs
1168 2471 1281 2507 circa
1304 2468 1592 2506 Cometarum
1617 2477 1794 2514 genera-

149 2523 289 2560 tiones
309 2522 477 2570 placitis
497 2533 589 2559 non
609 2521 707 2559 satis
728 2526 893 2559 certum
914 2522 1043 2566 fuisse,
1065 2523 1229 2560 nedum
1248 2527 1294 2560 ut
1313 2521 1468 2568 aliqvis
1485 2519 1794 2581 discipulorum

1700 2583 1794 2620 ejus
