2209 3213
108 824 138 850 10

109 1090 138 1115 15

92 1243 156 1276 39v

106 1356 139 1381 20

106 1622 139 1648 25

429 227 519 264 AD
542 226 852 265 CRAIGUM
874 226 1146 266 SCOTUM
1170 227 1253 265 DE
1275 227 1565 266 COMETIS
1740 227 1817 265 475

174 335 303 378 neris,
324 344 479 371 verum
499 331 571 370 hic
592 343 692 370 mea
712 331 1012 377 fundamenta,
1034 333 1189 380 qvibus
1208 335 1337 371 nixus
1353 333 1459 377 sum,
1477 333 1514 371 8(
1531 332 1817 381 qvamobrem

174 386 433 436 hypotheses
449 387 494 424 in
511 396 614 423 eum
629 385 813 423 modum
829 386 1109 430 ordinandas,
1126 391 1173 424 ut
1189 386 1430 425 coelestibus
1446 387 1713 434 apparentijs
1725 397 1816 424 om—

175 442 250 479 nia
265 439 565 486 respondeant,
583 438 836 482 censuerim,
854 450 945 476 non
960 439 1058 477 satis
1075 440 1281 477 assecutus
1297 440 1468 477 videris.
1486 440 1532 477 Id
1546 439 1686 487 ipsum
1699 441 1817 477 enim

175 493 242 538 est,
255 492 370 540 qvod
380 491 702 540 Hypothefium
713 490 873 529 harum
883 492 1185 530 certitudinem
1197 492 1362 540 probat,
1373 493 1488 540 qvod
1503 496 1537 536 d*
1548 491 1586 517 fis
1595 492 1713 531 stella
1724 504 1817 540 per-

174 557 264 585 nox
284 543 397 584 faeta
416 546 539 583 terris
559 544 658 592 plus
679 556 811 591 qvam
831 547 873 588 Θ
894 547 1224 592 appropinqvet.
1247 545 1358 592 Qvae
1379 547 1511 584 etiam
1527 557 1618 584 non
1633 547 1819 584 minima

174 599 254 638 fuit
274 599 425 642 caussa,
447 609 523 636 cur
544 599 696 635 omnia
715 596 769 635 fic
790 597 1058 645 disponenda
1079 599 1359 636 necessarium
1376 598 1588 643 duxerim,
1611 598 1818 646 fiqvidem

175 663 268 691 rem
283 653 342 690 ita
357 651 398 689 se
413 650 589 694 habere,
605 652 651 688 in
667 649 755 688 fine
771 652 878 688 anni
890 651 997 694 1582,
1015 663 1115 688 cum
1135 655 1169 695 ἅ
1189 653 1234 689 111
1247 658 1323 692 ςδῑῡ
1334 652 1527 690 sublimis
1540 652 1577 690 8(
1588 652 1817 690 latitudine

175 706 318 744 Borea
341 704 485 743 adhuc
509 703 719 742 elevatior
741 703 947 747 redditus,
977 702 1046 748 ΘΗ
1070 710 1377 752 opponeretur,
1404 705 1670 752 experiebar.
1694 704 1819 743 Tunc

175 760 306 802 enim,
323 769 378 796 ne
394 756 707 804 multiplicibus
723 758 837 795 circa
853 764 1010 801 ortum,
1030 758 1278 798 Meridiem.
1296 757 1333 795 8(
1350 758 1550 797 0003111111
1568 758 1817 806 scrupulosi-

175 812 289 850 ssime
302 809 423 849 factis
434 809 863 854 confiderationibuS‚
881 810 919 848 8(
935 810 1130 849 adhibito
1147 823 1237 849 una
1253 816 1398 849 motus
1413 813 1575 859 proprij
1595 811 1818 856 concursu,

174 865 272 903 satis
289 868 404 902 certo
421 862 690 911 deprehendi
706 862 846 910 ipsum
857 863 1108 902 Parallaxin
1120 863 1261 902 Solari
1273 864 1497 912 aliqvanto
1512 866 1729 913 majorem
1745 865 1818 903 ad-

174 917 333 961 mifisse,
358 916 543 964 ideoqve
565 917 689 954 terris
712 917 942 954 necessario
965 918 1223 955 viciniorem
1246 917 1374 962 fuisse,
1398 918 1772 965 qvemadmodum
1795 929 1817 955 e

174 970 443 1009 subtilissimis
469 969 730 1017 qvibusdam
755 969 1141 1014 observationibus,
1167 970 1243 1008 suo
1266 975 1461 1018 tempore
1485 971 1817 1009 demonstrative

176 1025 449 1063 convincam.
471 1022 587 1070 Qvid
608 1034 725 1060 nunc
746 1023 936 1070 amplius
957 1023 1111 1067 haeres,
1134 1023 1421 1061 Cometarum
1438 1024 1700 1068 Parallaxes‚
1722 1029 1817 1062 utut

175 1079 315 1116 motui
330 1078 508 1124 proprio
524 1076 702 1123 obnoxij
721 1075 811 1120 sint,
828 1088 854 1114 a
870 1076 996 1114 nobis
1013 1078 1118 1114 citra
1134 1088 1266 1114 omne
1283 1077 1466 1115 dubium
1482 1079 1710 1115 extricatas
1727 1077 1816 1121 esse,

176 1142 277 1169 cum
301 1130 583 1168 Planetarum
609 1131 741 1167 etiam
766 1128 1038 1177 superiorum
1064 1129 1340 1174 diversitates,
1369 1142 1476 1178 qvas
1499 1130 1818 1168 semidiameter

175 1183 323 1221 Terrae
343 1181 600 1231 suggere[re]
622 1181 767 1230 potest,
789 1182 887 1220 licet
907 1182 993 1220 illic
1015 1194 1147 1230 qvam
1166 1185 1402 1221 minimum
1417 1183 1599 1227 sensiles,
1620 1186 1730 1221 meis
1746 1195 1816 1221 ex-

176 1235 385 1275 ac'tissimis
402 1231 734 1285 Instru-ssmenfis
749 1247 841 1273 non
857 1237 1091 1274 intentatas
1107 1235 1379 1283 relinqvam'?
1396 1237 1514 1275 Huic
1526 1236 1700 1284 insuper
1710 1236 1816 1284 pofi-

174 1291 284 1328 110111
305 1289 599 1328 indubitatum
621 1288 914 1327 testimonium
936 1289 1111 1337 praebet‚
1136 1290 1251 1337 qvod
1277 1293 1312 1333 0⁷¹
1338 1289 1558 1328 multoties
1581 1292 1627 1327 in
1649 1291 1817 1328 acroni-

176 1343 275 1381 chio
291 1342 370 1381 fitu
383 1354 410 1381 a
423 1342 549 1380 nobis
565 1341 790 1390 diligenter
807 1342 1056 1380 observatus
1072 1343 1365 1390 repedationis
1381 1348 1551 1381 motum
1566 1343 1701 1390 paulo
1718 1354 1817 1381 con-

176 1398 417 1435 citatiorem
434 1394 691 1439 exhibuerit,
710 1407 842 1443 qvam
858 1395 1136 1434 Ptolemaicae
1152 1396 1292 1443 ipsum
1308 1402 1410 1434 tunc
1426 1396 1554 1444 supra
1573 1398 1653 1441 <Dm
1670 1396 1817 1434 consti-

175 1454 345 1488 tuentes
361 1449 472 1487 ferre
488 1451 708 1497 potuerint
728 1451 932 1493 rationes,
954 1449 1066 1487 adeo
1087 1455 1133 1487 ut
1153 1449 1292 1487 multo
1313 1448 1468 1488 rectius
1490 1461 1590 1487 cum
1607 1449 1817 1497 Coperni-

176 1514 264 1541 ana
273 1503 538 1545 concitatior,
550 1502 604 1540 ob
616 1504 703 1550 maj
710 1514 831 1540 orem
843 1504 1328 1550 appropinqvationem,
1339 1505 1375 1551 ej
1382 1515 1432 1541 us
1444 1514 1661 1550 apparens
1673 1507 1818 1541 motus

176 1555 445 1600 consenserit,
466 1554 703 1603 praesertim
719 1555 748 1593 fi
763 1557 907 1593 verior
923 1556 1107 1604 Apogaei
1128 1556 1263 1600 locus,
1285 1558 1356 1603 qvi
1377 1562 1467 1594 tam
1485 1556 1602 1603 apud
1619 1555 1817 1604 Alphon-

176 1609 289 1648 finos
314 1621 446 1657 qvam
469 1608 768 1656 Copernicum
792 1609 940 1647 multis
965 1609 1168 1656 gradibus
1194 1621 1219 1647 a
1245 1609 1358 1647 coelo
1383 1609 1539 1653 deviat,
1565 1609 1817 1656 applicetur.

177 1662 452 1710 Qvapropter
475 1661 648 1700 nullum
671 1662 853 1700 dubium
876 1662 1010 1700 subest
1038 1660 1120 1705 &¹¹1³
1141 1662 1305 1701 stellam
1328 1664 1440 1701 circa
1465 1660 1552 1707 ΟΠΞ
1576 1660 1673 1711 000111
1695 1664 1818 1700 terris

176 1717 428 1764 propiorem
448 1714 554 1760 fieri,
576 1727 708 1763 qvam
732 1717 775 1760 Θ
800 1715 887 1763 ipse
907 1727 1104 1763 unqvam
1124 1716 1253 1763 possit,
1277 1716 1462 1763 ideoqve
1481 1720 1649 1754 veteres
1671 1715 1771 1754 inde
1792 1727 1818 1754 a

176 1769 414 1808 Ptolemaeo
430 1768 684 1816 approbatae
700 1768 960 1817 hypotheses
976 1780 1253 1816 neqvaqvam
1270 1781 1370 1807 cum
1386 1771 1448 1807 rei
1461 1770 1640 1807 veritate
1657 1768 1817 1807 consta-

176 1823 297 1867 bunt,
321 1822 392 1861 sed
416 1822 697 1860 necessarium
722 1824 800 1860 erit
823 1828 898 1860 aut
919 1821 1102 1860 Terram
1124 1834 1276 1861 annuo
1299 1828 1422 1861 motu
1444 1822 1660 1866 convolvi,
1685 1822 1817 1860 stante

107 1888 140 1915 30
172 1878 299 1925 juxta
315 1881 512 1914 centrum
528 1875 715 1913 universi
736 1874 825 1920 (3¹0,
847 1876 1220 1923 qvemadmodum
1236 1875 1445 1923 superiori
1462 1887 1559 1914 aevo
1578 1877 1731 1923 ingens
1746 1875 1819 1913 ille

106 2155 139 2181 35

107 2422 140 2447 40

177 1929 450 1978 Copernicus
470 1929 706 1968 asseverare
724 1940 815 1967 non
833 1929 1061 1967 dubitavit:
1083 1935 1158 1967 aut
1174 1929 1203 1967 fi
1219 1929 1302 1968 hoc
1319 1929 1554 1968 absurdum
1569 1929 1752 1973 videtur,
1774 1934 1821 1967 ut

176 1994 252 2031 per
267 1982 307 2021 se
324 1982 380 2021 est
395 1982 660 2027 incredibile,
682 1982 805 2021 nulla
824 1982 911 2020 3113
927 1982 1051 2020 restat
1067 1982 1389 2031 Hypothesium
1409 1982 1712 2027 conformatio,
1735 1994 1820 2030 qva

177 2035 417 2084 qviescente
433 2035 569 2074 Terra
586 2035 640 2080 id,
663 2036 778 2083 qvod
794 2038 839 2073 in
863 2037 936 2079 <3¹¹³
951 2035 1046 2073 fieri
1063 2036 1266 2080 diximus,
1288 2036 1443 2074 salvari
1459 2037 1589 2084 possit,
1606 2047 1738 2083 qvam
1755 2047 1819 2079 ea,

177 2100 274 2137 qvae
286 2101 313 2127 a
323 2089 449 2128 nobis
461 2100 602 2137 nuper
615 2087 861 2127 introducta
874 2089 940 2127 est.
959 2089 1008 2127 In
1020 2101 1105 2137 qva
1117 2091 1249 2128 etiam
1260 2089 1355 2128 sunt
1368 2089 1571 2137 qvaedam
1583 2089 1671 2127 alia
1681 2091 1820 2137 magis

176 2142 469 2191 particularia,
487 2154 585 2190 qvae
599 2154 692 2180 rem
704 2154 884 2180 omnem
896 2154 1049 2181 revera
1059 2144 1119 2181 ita
1130 2142 1170 2181 se
1182 2142 1357 2187 habere,
1375 2145 1481 2181 citra
1492 2154 1624 2181 omne
1637 2141 1821 2181 dubium

177 2195 450 2241 confirmant,
473 2207 661 2243 qvorum
677 2208 795 2234 nunc
811 2207 903 2234 non
919 2195 1037 2234 lubet
1053 2195 1265 2244 sigillatim
1281 2198 1553 2234 mentionem
1569 2195 1724 2234 facere.
1746 2196 1821 2233 At-

177 2261 258 2297 qve
275 2248 378 2287 hinc
393 2249 491 2287 satis
507 2249 717 2297 superqve
734 2249 878 2296 liqvet,
896 2249 1010 2297 qvod
1027 2261 1118 2287 non
1133 2254 1296 2288 temere
1308 2250 1483 2288 orbium
1494 2249 1738 2288 realitatem
1750 2260 1820 2287 ex-

176 2302 390 2351 ploserim,
411 2303 575 2341 Martia
591 2302 721 2346 stella,
739 2302 767 2340 fi
782 2302 918 2341 Terra
935 2302 1149 2350 qviescere
1166 2303 1332 2347 debeat,
1349 2303 1392 2341 id
1409 2303 1549 2351 ipsum
1565 2302 1820 2351 postulante.

176 2367 231 2394 ne
252 2356 434 2404 sphaerae
454 2355 584 2404 ipfius
601 2356 639 2394 8(
656 2356 819 2394 Solaris
840 2358 1095 2403 penetratio,
1117 2368 1214 2404 qvae
1236 2356 1291 2394 est
1311 2356 1587 2405 impossibilis.
1610 2356 1820 2394 conceda-

176 2414 257 2447 tur.
280 2408 436 2458 Cogita
452 2411 545 2457 jam
565 2415 722 2453 tecum,
744 2415 846 2457 qvot
862 2409 1060 2458 vigilatas
1079 2408 1227 2448 noctes
1244 2409 1527 2455 insumserim‚
1550 2414 1820 2458 qvantosqve

176 2462 360 2506 labores,
382 2467 475 2500 tum
495 2465 541 2500 in
563 2462 948 2507 observationibus,
972 2468 1066 2501 tum
1087 2465 1219 2501 etiam
1236 2463 1518 2502 Geometrica
1534 2463 1589 2502 ad
1606 2463 1731 2501 usum
1747 2474 1820 2510 ap-

176 2515 409 2563 plicatione
426 2516 701 2561 exantlarim‚
719 2521 955 2564 anteqvam
971 2518 1123 2555 omnia
1139 2519 1406 2565 apparentijs
1421 2516 1662 2555 coelestibus
1674 2516 1820 2554 secun-

283 2577 333 2603 60*
1715 2569 1820 2607 dum
