2209 3213
503 229 1025 269 RECENTIORIBUS
1045 231 1504 269 PHAENOMENIS
1777 231 1827 269 29

184 349 286 375 nem
308 339 599 384 inquiremus;
623 348 713 374 non
737 336 872 380 aliter,
896 348 1031 384 quam
1053 339 1098 374 in
1121 337 1476 375 antecedentibus
1499 335 1738 375 faetitatum
1760 337 1826 374 est.

185 391 417 438 Repetatur
432 392 579 436 itaque
596 390 831 427 delineatio
847 389 1012 437 figurae,
1035 402 1122 437 qua
1138 392 1183 427 in
1199 390 1394 427 Vulturis
1411 390 1556 434 Stella,
1578 401 1653 428 ore
1670 390 1826 437 Pegafi,

184 443 222 481 &
238 444 291 482 de
307 443 409 481 hinc
425 443 592 490 aliquot
607 442 963 490 subsequentibus
974 443 1032 480 vfi
1048 443 1208 487 sumus,
1225 455 1326 481 cum
1343 443 1497 481 eadem
1514 442 1777 481 circulorum
1789 443 1827 480 8(

183 508 367 535 arcuum
383 496 755 534 denominatione.

133 1731 149 1757 5
240 1718 358 1766 Quia
378 1720 581 1759 Ascenfio
602 1718 729 1765 recta,
750 1722 809 1758 vti
829 1719 931 1764 dixi,
952 1721 1135 1757 inuenta
1155 1719 1222 1763 est,
1244 1731 1320 1766 per
1340 1720 1654 1764 antecedentia,
1675 1720 1718 1757 P.
1740 1719 1828 1757 335.

187 1772 249 1810 M.
267 1773 329 1817 49,
352 1774 390 1812 &
411 1774 656 1818 declinatio,
678 1773 720 1811 P.
737 1773 800 1812 28.
818 1773 881 1811 M.
898 1773 934 1811 2.
956 1775 1034 1811 erit
1052 1771 1237 1820 punctus
1254 1773 1473 1820 Eclipticae
1490 1773 1830 1821 correspondens

110 1832 153 1864 26
186 1827 231 1863 in
248 1825 290 1863 Ρ.
307 1826 343 1864 3.
361 1827 424 1865 Μ.
442 1828 492 1866 55
516 1829 572 1872 )(‚
594 1829 718 1865 cuius
734 1827 968 1865 declinatio
985 1826 1040 1864 est
1056 1826 1098 1864 P.
1116 1826 1169 1864 10.
1188 1826 1250 1864 M.
1268 1827 1291 1864 5
1308 1826 1466 1865 Merid.
1489 1824 1503 1877 ΙΙ
1524 1827 1573 1865 In
1589 1825 1830 1874 Triangulo

184 1880 331 1926 itaque
353 1880 512 1925 KOM,
535 1882 771 1924 inuenitur,
795 1885 838 1918 vt
858 1881 903 1917 in
924 1879 1292 1923 antecedentibus,
1316 1880 1518 1928 Angulus
1539 1881 1594 1919 ad
1615 1881 1678 1924 M,
1702 1880 1745 1917 P.
1767 1879 1829 1917 68.

185 1932 248 1970 M.
266 1933 328 1977 42,
350 1936 425 1981 qui
446 1934 501 1972 est
517 1933 720 1981 Angulus
740 1933 1036 1971 inclinationis
1053 1933 1292 1970 Meridiani
1310 1933 1366 1971 ad
1385 1934 1650 1981 Eclipticam.
1673 1933 1722 1971 In
1738 1932 1829 1970 Tri-

117 1997 148 2023 ιο
185 1986 348 2033 angulo
363 1998 469 2025 vero
486 1987 625 2031 IMN,
647 1986 781 2025 existit
797 1987 930 2024 Latus
947 1986 1026 2029 IN,
1048 1986 1090 2024 P.
1107 1986 1170 2024 35.
1188 1986 1251 2024 M.
1268 1987 1304 2024 6.
1325 1986 1467 2034 estque
1485 1987 1630 2025 Stellae
1646 1986 1830 2025 latitudo

184 2039 374 2086 quaefita.
396 2040 625 2078 Inuenitur
646 2042 778 2078 etiam
798 2040 931 2078 Latus
948 2039 1062 2083 MN,
1084 2039 1126 2077 P.
1144 2040 1197 2077 15.
1215 2039 1278 2077 Μ.
1296 2040 1358 2083 55,
1380 2040 1625 2079 differentia
1644 2041 1830 2088 longitu-

185 2092 297 2130 dinis
317 2105 344 2131 a
364 2092 525 2141 puncto
543 2093 762 2141 Eclipticae
784 2105 884 2131 cum
905 2104 994 2140 quo
1011 2092 1190 2131 Coelum
1210 2093 1385 2137 mediat,
1408 2105 1508 2141 quae
1529 2094 1677 2132 addita
1695 2094 1750 2131 ad
1769 2093 1829 2130 lo-

185 2157 285 2183 cum
297 2146 413 2184 Coeli
425 2147 723 2190 Mediationis‚
737 2147 809 2185 dat
820 2146 1138 2194 longitudinem
1149 2146 1282 2184 huius
1294 2146 1438 2185 Stellae
1451 2149 1496 2184 in
1508 2147 1551 2185 P.
1564 2148 1617 2185 19.
1630 2147 1694 2185 M.
1707 2147 1758 2185 50
1773 2148 1829 2190 )(.

185 2198 432 2237 Latitudine
448 2200 577 2248 ipsius
593 2202 713 2247 prius
730 2199 932 2238 existente
948 2204 1065 2243 nota,
1082 2199 1125 2237 P.
1142 2199 1204 2238 35.
1223 2199 1285 2237 M.
1303 2200 1327 2237 6
1342 2200 1521 2238 boreali.

117 2264 147 2289 15
237 2253 396 2300 Atque,
409 2255 455 2290 in
466 2253 584 2291 hunc
596 2253 791 2298 modum,
808 2253 905 2291 loca
916 2252 1200 2300 longitudinis
1212 2252 1249 2290 8(
1262 2253 1501 2291 latitudinis
1514 2265 1668 2291 earum
1680 2253 1830 2292 Stella-

184 2317 295 2349 rum,
317 2306 475 2353 quibus
496 2308 542 2344 in
562 2306 769 2354 distantijs
790 2306 923 2344 huius
943 2306 1142 2344 Cometae
1163 2306 1438 2345 dimetiendis
1459 2307 1517 2344 vfi
1537 2307 1697 2351 sumus,
1719 2306 1830 2344 resti-

184 2360 361 2403 tuimus,
378 2359 509 2407 idque
525 2364 569 2398 vt
584 2360 824 2407 plurimum
841 2371 894 2397 ex
911 2371 1064 2397 earum
1080 2359 1258 2397 tranfitu
1274 2371 1350 2407 per
1365 2360 1667 2398 Meridianum
1683 2360 1720 2398 8(
1737 2360 1829 2397 alti-

183 2412 333 2450 tudine
354 2414 550 2451 maxima
570 2413 811 2458 obseruata,
833 2412 1050 2460 longeque
1070 2412 1267 2457 faciliori,
1288 2413 1519 2460 minusque
1535 2413 1744 2461 perplexa
1760 2413 1829 2451 de-

184 2465 505 2504 monstrationis
524 2466 874 2514 operationisque
892 2465 1120 2510 MethodO,
1143 2477 1277 2513 quam
1293 2478 1320 2504 a
1337 2467 1698 2514 Regiomontano,
1721 2465 1829 2513 alijs-

113 2529 147 2555 20
184 2529 269 2565 que
286 2520 616 2558 antecessoribus
632 2515 795 2564 nostris,
813 2522 857 2557 in
874 2519 958 2557 hoc
975 2519 1130 2557 eodem
1142 2522 1317 2567 negotio
1328 2518 1569 2558 factitatum
1582 2519 1648 2557 est.
1667 2519 1829 2565 Quem-

1589 2573 1830 2611 admodum
