2209 3213
409 215 485 251 438
805 211 1273 249 APOLOGETICA
1296 211 1651 249 RESPONSIO

408 323 583 361 tionem,
602 325 645 355 ut
662 318 919 354 Mercatoris
934 322 1008 354 aut
1023 317 1224 359 aliorum,
1243 328 1340 363 qvae
1354 319 1431 354 rite
1449 317 1666 355 denotatae
1683 317 1790 361 sunt,
1807 318 2046 357 confidera-

408 374 531 413 veris,
554 383 644 408 rem
664 373 722 407 ita
738 370 777 407 se
794 370 968 411 habere,
990 382 1080 407 non
1098 370 1274 407 obscure
1292 370 1604 417 deprehendes.
1626 370 1745 408 Nam
1761 371 1920 418 ubiqve
1937 374 2045 410 occi-

408 425 621 462 dentalior
645 424 871 460 Bohemiae
895 435 995 470 pars
1018 423 1160 460 nostro
1185 423 1438 461 Meridiano
1460 435 1591 470 qvam
1612 426 1810 470 proxime
1832 425 2046 469 coincidit,

407 479 588 523 ideoqve
606 477 741 523 Praga
759 476 873 522 qvafi
890 478 935 513 in
952 476 1167 514 Vmbilico
1190 478 1283 524 ejus
1305 476 1528 519 collocata,
1550 477 1777 514 necessarie
1794 478 2048 516 orientalior

407 531 560 568 evadit.
584 530 666 567 Sed
684 530 810 567 video
827 529 965 572 facile,
988 541 1073 576 qva
1090 529 1313 567 occafione
1331 532 1376 567 in
1392 530 1509 567 hunc
1527 541 1719 568 errorem
1736 530 1961 578 prolapsus
1978 531 2045 569 fis:
2084 545 2100 569 5

406 583 575 621 seorsim
600 584 716 619 enim
741 588 954 629 utranqve
978 583 1174 620 tabulam
1197 585 1378 620 intuitus
1402 594 1459 626 es,
1484 583 1644 620 Daniae
1666 595 1763 630 qvae
1784 595 1970 622 numero
1993 584 2047 622 est

405 638 491 677 44³1,
510 637 582 673 ubi
598 636 892 683 longitudines
907 636 1183 673 mediocriter
1198 636 1309 673 bene
1325 636 1365 674 se
1382 635 1557 679 habent,
1577 636 1654 673 nisi
1671 637 1785 683 qvod
1802 643 1841 674 et
1858 636 1928 675 hae
1946 637 2047 685 ipsae

406 689 678 736 aliqvantulo
691 689 801 736 justo
818 691 1011 727 minores
1028 689 1117 732 sint,
1135 691 1261 737 juxta
1277 689 1419 727 nostra
1435 691 1676 733 ratiocinia,
1698 689 1926 728 Bohemiae
1942 702 2047 729 vero

405 743 491 785 53²¹,
510 744 553 779 in
571 754 656 789 qva
671 742 897 789 longitudo
914 742 1064 790 Pragae
1080 743 1131 780 32
1147 743 1362 790 graduum
1379 754 1610 790 perperam
1624 743 1788 790 Apiani
1804 745 2046 782 imitatione

406 798 592 842 ponitur,
610 795 711 832 ficut
723 801 812 833 tota
824 795 1039 833 Bohemia
1055 796 1216 833 ibidem
1233 796 1287 834 ad
1304 798 1539 833 minimum
1555 795 1666 833 senis
1682 796 1886 843 gradibus
1902 797 2046 835 debito

406 849 714 886 occidentalior
723 848 926 892 redditur,
936 851 1008 896 qvi
1017 854 1166 886 tamen
1176 861 1296 887 error
1305 861 1408 887 mox
1418 849 1619 896 seqvente
1627 849 1788 887 Silefiae
1798 850 1948 888 tabula
1955 862 2046 888 ma-

401 904 485 949 jori
503 914 555 939 ex
572 907 691 949 parte
709 903 946 949 corrigitur.
969 902 1059 939 Illic
1081 904 1198 940 enim
1215 903 1351 950 Praga
1372 902 1459 940 38m
1478 902 1762 950 longitudinis
1778 903 1962 950 gradum
1979 915 2046 941 oc-

407 961 546 1003 cupat,
564 955 678 1002 qvod
694 957 863 992 veritati
879 958 1058 1002 propius
1075 956 1249 993 accedit.
1268 956 1525 1003 Oportuisset
1541 958 1684 1003 itaqve
1701 961 1741 993 te
1757 956 2048 994 universalem

407 1009 599 1055 aliqvam
616 1008 822 1051 tabulam,
840 1010 885 1046 in
902 1020 987 1055 qva
1001 1009 1150 1046 Dania
1164 1009 1201 1046 &
1216 1009 1444 1052 Bohemia,
1462 1021 1563 1046 curn
1578 1009 1847 1057 intermedijS
1863 1011 2046 1057 regioni-

406 1063 486 1099 bus
511 1061 635 1099 fimul
660 1061 1147 1108 comprehenderentur,
1173 1062 1462 1109 introspicere,
1488 1062 1626 1109 ficqve
1649 1062 1773 1100 situm
1796 1062 1969 1107 horum,
1996 1063 2048 1101 de

407 1115 560 1162 qvibus
577 1117 716 1162 agitur
732 1115 944 1159 locorum,
961 1115 1108 1153 versus
1123 1115 1281 1153 Ortum
1298 1115 1335 1153 8(
1353 1115 1567 1153 Occasum
1583 1127 1668 1162 qvo
1685 1116 1740 1153 ad
1756 1117 1944 1154 invicem
1961 1128 2048 1154 rec-

405 1171 488 1205 tius
506 1168 698 1206 definire.
722 1169 840 1206 Nam
856 1168 1086 1216 segregatae
1102 1169 1189 1206 illae
1205 1169 1489 1216 particulares
1508 1169 1692 1213 tabellae,
1715 1181 1815 1207 cum
1831 1181 1858 1207 a
1874 1169 2048 1207 diversis

405 1222 663 1259 authoribus
680 1221 926 1269 compofitae
944 1221 1034 1266 sint,
1051 1222 1344 1270 longitudines
1357 1233 1436 1269 pro
1449 1222 1677 1270 cujuslibet
1689 1222 1866 1260 arbitrio
1879 1222 2048 1260 diverfi-

2088 810 2118 834 10

2090 1075 2120 1100 15

405 1275 534 1312 mode
544 1275 700 1322 pofitas
710 1287 789 1312 nec
797 1275 964 1322 semper
973 1275 1047 1313 fibi
1056 1277 1245 1313 invicem
1255 1275 1562 1323 respondentes
1573 1275 1790 1319 exhibent,
1798 1277 1841 1313 id
1849 1272 1864 1326 ΙΙ
1872 1276 1987 1323 qvod
1994 1276 2048 1314 ab
2077 1282 2116 1314 16
2124 1290 2138 1302 v

406 1328 584 1371 Ortelio,
603 1330 674 1375 qvi
690 1329 903 1375 plurimas
920 1331 966 1366 in
982 1340 1123 1366 unum
1136 1329 1347 1366 volumen
1364 1331 1620 1376 aggregavit,
1638 1341 1729 1366 non
1741 1341 1793 1366 ea
1806 1341 1890 1376 qva
1906 1329 2049 1367 decuit

405 1380 783 1428 circumspectione
801 1380 1043 1419 correctum
1060 1382 1125 1420 est.
1144 1382 1297 1420 Habes
1313 1384 1457 1429 itaqve
1473 1387 1561 1420 tuae
1578 1382 1839 1420 deviationis
1851 1383 2048 1427 caussam,

406 1441 444 1472 et
461 1434 489 1472 fi
506 1440 674 1479 caetera,
692 1435 847 1482 qvibus
864 1435 1028 1473 nostras
1044 1436 1290 1473 assertiones
1307 1441 1499 1473 evertere
1517 1437 1701 1479 conaris,
1719 1447 1811 1473 non
1826 1435 1924 1483 plus
1941 1447 2048 1483 pon-

405 1488 517 1525 deris
529 1488 703 1531 habent,
716 1494 762 1526 ut
774 1488 874 1526 sane
889 1491 961 1526 vix
976 1488 1150 1531 habent,
1169 1500 1301 1536 qvam
1314 1489 1398 1526 hoc
1413 1488 1564 1536 ipsum,
1578 1489 1693 1536 qvod
1705 1489 1757 1526 de
1770 1489 2048 1536 longitudini-

404 1541 483 1579 bus
504 1541 653 1589 Pragae
675 1541 712 1579 8(
734 1541 862 1579 nostri
885 1542 969 1579 loci
990 1554 1017 1580 a
1037 1554 1107 1580 me
1131 1548 1282 1580 contra
1304 1541 1675 1590 Geographorum
1697 1542 1856 1589 placita
1879 1544 1924 1579 in
1947 1554 2047 1580 con-

403 1597 556 1632 trarias
568 1600 711 1641 partes
723 1595 940 1642 dispositis,
958 1597 1003 1632 in
1014 1595 1211 1633 medium
1223 1595 1378 1639 adfers,
1395 1595 1569 1633 nullum
1582 1597 1659 1633 erit
1670 1595 1926 1642 periculum.
1945 1597 2048 1642 qvin

405 1647 601 1685 Cometae
619 1650 663 1685 in
681 1648 794 1686 coelo
811 1648 900 1696 ipso
916 1648 1035 1686 sedes
1052 1648 1126 1686 fibi
1142 1648 1385 1692 destinatas,
1406 1648 1476 1686 vel
1495 1650 1641 1686 invitis
1658 1650 1859 1686 omnium
1874 1649 2046 1696 Peripa-

404 1703 631 1738 teticorum
644 1701 799 1739 scholis
812 1702 1121 1740 inviolabiliter
1134 1707 1358 1749 occupent,
1376 1701 1414 1739 8(
1430 1714 1456 1740 a
1472 1707 1533 1739 tot
1548 1701 1793 1740 seculorum
1809 1701 2046 1749 sophisma-

404 1754 516 1792 tibus
537 1766 586 1792 ac
608 1757 801 1792 erroneis
818 1756 994 1803 judicijs
1011 1757 1105 1803 jam
1123 1756 1299 1793 tandem
1319 1755 1556 1802 aliqvando
1577 1756 1859 1793 vindicentur.
1881 1755 2047 1793 Verum

405 1808 553 1854 qvales
566 1819 644 1855 ego
657 1808 911 1846 constituam
927 1814 1020 1846 tum
1036 1808 1168 1856 hujus
1182 1814 1275 1846 turn
1289 1809 1479 1846 aliorum
1490 1811 1536 1846 in
1549 1808 1793 1846 Germania
1804 1810 2045 1855 praecipuo—

405 1872 502 1898 rum
525 1861 723 1898 locorum
746 1861 1052 1909 longitudines,
1079 1862 1222 1909 qvoad
1249 1864 1342 1910 ejus
1368 1861 1462 1899 fieri
1485 1862 1613 1909 possit,
1641 1861 1973 1906 emendatiores,
1999 1863 2045 1899 in

404 1916 537 1960 priori
552 1914 693 1951 Tomo
712 1917 854 1961 operis
871 1915 1000 1952 nostri
1017 1915 1069 1952 de
1086 1915 1153 1953 his
1170 1915 1358 1963 ascititijs
1376 1915 1492 1953 Coeli
1508 1914 1818 1952 Phaenomenis
1834 1916 2045 1958 invenies,

404 1966 546 2013 ibiqve
560 1969 649 2004 voti
667 1967 703 2004 8(
721 1970 765 2005 in
781 1968 849 2005 his
865 1968 974 2015 ipfis,
992 1980 1099 2015 qvas
1117 1971 1293 2015 expetis,
1310 1968 1668 2016 longitudinibus,
1686 1967 1724 2005 &
1741 1970 1872 2006 etiam
1888 1969 1933 2005 in
1949 1968 2046 2015 alijs

405 2020 663 2066 qvibusdam
690 2032 869 2067 compos
894 2022 1097 2059 redderis.
1127 2021 1170 2060 Si
1196 2021 1382 2068 Eclipses
1407 2021 1572 2068 aliqvot
1597 2021 1794 2059 Lunares
1818 2023 2046 2068 praeteritis

405 2074 532 2109 annis
550 2073 796 2121 Edenburgi
812 2074 881 2112 vel
898 2075 1001 2112 alibi
1017 2077 1061 2112 in
1079 2075 1255 2113 Schotia
1271 2075 1497 2123 diligenter
1514 2074 1760 2112 observatas
1778 2076 1823 2111 in
1841 2079 2046 2121 promptu

404 2125 551 2168 habes,
576 2137 644 2163 me
669 2138 821 2164 earum
845 2130 975 2165 etiam
998 2127 1065 2165 fac
1088 2130 1356 2175 participem,
1380 2134 1426 2166 ut
1450 2128 1683 2166 collatione
1707 2139 1807 2165 cum
1829 2127 1980 2165 nostris
2000 2129 2046 2164 in

404 2179 558 2225 ijsdem
575 2179 946 2218 observationibus
963 2181 1162 2224 instituta,
1179 2181 1503 2229 longitudinum
1521 2180 1811 2219 differentiam
1824 2192 1876 2218 eo
1890 2179 2046 2219 rectius

405 2231 604 2278 colligere
621 2232 758 2270 liceat.
782 2233 1084 2271 Elevationem
1101 2246 1272 2282 qvoqve
1288 2235 1391 2281 poli,
1413 2246 1510 2282 qvae
1527 2234 1613 2272 illic
1631 2234 1697 2277 est,
1719 2234 1891 2272 coelitus
1908 2233 2045 2271 obser-

404 2290 551 2321 vatam
567 2285 727 2328 indica;
751 2297 849 2323 eam
867 2288 996 2330 enim,
1020 2299 1117 2334 qvae
1135 2290 1179 2325 in
1195 2287 1354 2325 tabulis
1371 2290 1662 2325 communiter
1678 2287 1892 2334 usurpatis
1908 2298 2045 2324 anno-

404 2342 530 2380 tatur,
547 2340 731 2375 nimiam
749 2339 823 2376 esse
840 2339 1037 2386 suspicor.

458 2390 569 2427 Haec
593 2391 648 2428 ad
672 2403 735 2434 ea,
763 2403 858 2438 qvae
884 2395 1020 2430 tertiae
1046 2393 1199 2431 nostrae
1223 2394 1572 2441 comprobationi
1598 2394 1760 2442 obijcis,
1787 2393 2045 2440 respondere

405 2442 577 2489 placuit.
601 2443 711 2481 Tute
732 2445 843 2487 vide,
871 2451 1032 2491 qvanta
1053 2447 1343 2493 discrepantia
1366 2449 1477 2484 inter
1498 2446 1844 2485 observationem
1864 2446 2045 2484 Taddaei

406 2495 443 2532 8(
460 2496 648 2534 nostram
665 2498 873 2535 inciderit.
892 2498 935 2536 Si
947 2498 1133 2537 Cometa
1149 2500 1172 2537 5
1188 2500 1258 2536 vel
1274 2500 1298 2538 6
1313 2500 1529 2547 graduum
1542 2500 1804 2543 Parallaxin,
1821 2505 1867 2537 ut
1882 2505 1929 2536 tu
1946 2510 2046 2536 cum

1786 2552 2046 2600 qvibusdam

2086 1341 2120 1366 20

2086 1608 2119 1632 25

2083 1874 2116 1899 30

2083 2140 2117 2165 35

2083 2405 2117 2430 40
