2209 3213
120 507 184 538 353

142 831 172 856 10

141 1098 171 1122 15

136 1364 170 1389 20

136 1631 170 1656 25

137 1898 170 1923 30

120 2105 184 2137 354

138 2164 172 2190 35

139 2430 173 2456 40

529 237 1052 277 RECENTIORIBUS
1073 235 1532 277 PHAENOMENIS
1778 240 1855 278 285

209 350 379 383 motum
395 355 561 387 verum,
584 344 622 382 8(
643 356 745 382 eum
767 347 842 392 qui
863 345 909 383 fit
930 347 1099 383 ratione
1115 344 1409 390 Parallaxeos,
1430 345 1611 383 discerni
1628 345 1771 393 potest.
1794 346 1855 384 Si-

211 398 389 445 quidem
411 398 597 436 Cometa
618 400 739 436 iuxta
759 398 939 437 Stellam
959 399 1015 437 ad
1036 399 1169 437 Latus
1189 398 1419 442 ferebatur,
1444 398 1672 446 aequaliter
1692 399 1780 437 sere
1802 400 1856 438 ab

210 463 274 494 ea,
298 450 532 489 interuallo
552 455 613 489 tot
634 451 875 495 Horarum,
900 452 1068 495 distans,
1092 457 1186 490 tum
1207 454 1375 489 ratione
1397 452 1690 496 Parallaxeos,
1714 453 1856 500 qualis

210 507 256 542 in
271 505 410 542 Lunae
423 504 553 548 Orbe,
570 509 663 542 tum
680 506 812 543 etiam
827 505 938 543 vltra
954 502 968 555 ΙΙ
985 505 1104 542 hunc
1119 505 1257 548 fieret;
1274 510 1318 543 vt
1335 504 1390 543 ob
1406 505 1449 543 id
1466 504 1576 543 nihil
1593 508 1694 543 certi
1711 505 1794 544 hoc
1811 508 1856 544 in

209 558 306 596 loco
327 557 440 601 inde,
463 569 551 604 quo
572 558 627 595 ad
648 558 929 596 Parallaxeos
948 558 1211 602 mensuram,
1235 557 1384 596 inferri
1404 559 1533 606 possit‚
1554 559 1790 606 praesertim
1811 561 1857 597 in

209 611 352 649 altiori
369 613 463 649 eius
475 622 501 649 a
512 610 657 649 Terris
672 611 933 649 eleuatione.
950 611 997 649 Id
1008 616 1157 649 tamen
1169 611 1267 649 satis
1279 611 1504 649 euidenter
1515 611 1617 649 hinc
1630 612 1855 660 colligitur,

209 676 311 702 eum
332 675 618 711 nequaquam
638 665 765 702 nobis
785 665 897 702 adeo
918 665 1292 712 appropinquasse,
1313 670 1356 702 vt
1377 663 1544 703 octonis
1565 665 1777 704 duntaxat
1793 678 1856 704 re-

208 722 462 756 moueretur
477 717 832 756 Semidiametris.
850 718 969 756 Nam
985 717 1132 765 posito,
1150 717 1268 764 quod
1285 719 1427 765 prima
1444 718 1701 756 Obseruatio
1718 731 1770 757 eo
1787 719 1855 757 die

208 771 337 809 suerit
348 770 476 809 Hora
486 771 533 810 52}
544 773 590 808 in
601 770 843 809 Altitudine
856 771 1054 809 Cometae
1071 771 1122 808 44
1137 771 1254 818 grad.
1266 770 1339 808 vbi
1350 771 1590 809 Parallaxis
1602 772 1857 810 Altitudinis

209 824 331 862 fieret
347 824 397 862 47
412 826 517 862 min.
535 823 573 861 8(
590 823 803 868 Secunda,
823 824 951 862 Hora
967 825 1013 863 91³
1028 826 1074 861 in
1091 824 1333 862 Altitudine
1349 824 1374 862 8
1390 830 1496 870 part.
1519 825 1737 863 Parallaxi
1753 830 1855 864 tunc

210 881 482 924 competente
497 879 543 915 in
560 877 738 915 Circulo
754 877 948 915 verticali
964 877 1081 925 grad.
1098 877 1125 915 1.
1142 878 1247 914 min.
1264 878 1301 921 5,
1322 877 1467 922 sufflet,
1489 877 1723 916 collatione
1744 877 1856 917 facta

209 931 265 969 ad
281 930 460 969 Stellam
476 932 522 968 in
539 930 627 969 Ore
643 930 800 978 Pegasi,
817 933 863 968 in
878 930 1101 978 posteriori
1118 930 1435 969 Obseruatione
1451 933 1660 969 remotior
1675 933 1721 969 in
1737 937 1855 970 ante-

210 984 408 1022 cedentia
430 984 484 1022 ab
507 983 591 1022 hac
613 995 690 1031 per
710 988 912 1031 quartam
932 984 1091 1032 gradus
1112 988 1293 1031 partem,
1318 988 1411 1021 vtut
1435 989 1559 1022 motu
1581 984 1657 1022 suo
1678 988 1856 1032 proprio

209 1039 299 1076 iarn
315 1041 406 1075 erat
421 1039 670 1084 proximam
686 1036 831 1075 Stellae
847 1039 1114 1075 vicinitatem
1134 1038 1180 1074 in
1200 1037 1510 1084 consequentia
1531 1039 1855 1086 praetergressus‚

209 1090 373 1129 nedum
395 1095 439 1128 vt
462 1095 652 1138 quatuor
673 1090 744 1128 vel
767 1093 962 1138 quinque
987 1090 1137 1128 saltem
1161 1090 1384 1138 scrupulis,
1410 1090 1643 1129 interuallo
1667 1096 1857 1138 quatuor

208 1144 448 1187 Horarum,
465 1143 568 1182 huic
584 1144 909 1182 admoueretur.
927 1144 1103 1187 Idcirco,
1120 1155 1175 1181 ne
1191 1143 1294 1181 hinc
1311 1144 1488 1191 quidem
1504 1144 1559 1188 id,
1578 1145 1695 1191 quod
1712 1144 1855 1183 Thad-

208 1197 331 1235 daeus
346 1197 533 1235 astruere
548 1197 699 1241 voluit,
716 1197 787 1235 sed
802 1197 933 1244 plane
950 1197 1170 1235 diuersum
1186 1199 1331 1244 potius
1347 1197 1549 1244 sequitur.

261 1250 347 1288 Cui
368 1252 500 1289 etiam
520 1250 665 1289 adhuc
687 1251 933 1288 euidentius
953 1251 1117 1298 praebet
1133 1250 1425 1288 testimonium
1441 1251 1484 1288 id
1501 1250 1619 1298 quod
1636 1251 1747 1295 dicit,
1770 1251 1855 1290 Die

207 1304 330 1342 XIIII
346 1303 386 1342 se
403 1303 574 1342 nullam
588 1304 722 1342 talem
737 1306 1028 1342 mutationem
1043 1306 1089 1342 in
1105 1304 1303 1342 distantia
1319 1304 1373 1342 ab
1391 1304 1479 1342 Ore
1496 1304 1641 1352 Pegafi
1657 1305 1854 1343 animad-

207 1358 384 1401 uertisse‚
402 1369 502 1395 cum
517 1362 666 1395 tamen
683 1369 735 1395 eo
752 1358 833 1402 die,
850 1357 948 1395 licet
963 1358 1017 1396 ab
1033 1357 1117 1396 hac
1132 1357 1223 1405 ipsa
1234 1357 1367 1396 Stella
1378 1357 1523 1405 Pegafi
1538 1363 1662 1396 motu
1678 1361 1855 1406 proprio

207 1410 450 1454 discederet,
467 1410 758 1449 nihilominus
773 1411 1008 1449 interuallo
1024 1412 1157 1449 trium
1169 1411 1398 1449 Horarum
1414 1409 1551 1449 factus
1565 1411 1697 1449 fuisset
1709 1412 1764 1450 ad
1776 1414 1854 1450 mi-

206 1476 290 1502 nus
307 1464 331 1502 6
346 1463 557 1511 scrupulis
573 1464 715 1502 eidem
731 1466 921 1511 propior,
942 1464 1075 1511 idque
1091 1464 1399 1502 tantummodo
1415 1466 1584 1502 ratione
1601 1467 1854 1512 quantitatis

208 1519 301 1555 eius
318 1517 611 1561 Parallaxeos,
633 1529 734 1565 quae
750 1517 820 1555 vel
836 1520 880 1555 in
897 1519 1170 1556 concauitate
1188 1517 1317 1556 Orbis
1333 1518 1473 1555 Lunae
1494 1517 1628 1562 fieret,
1651 1518 1689 1556 &
1709 1518 1854 1557 adhuc

206 1570 305 1618 plus
328 1571 554 1614 accessisset,
578 1570 608 1608 fi
631 1576 820 1618 quatuor
839 1571 1069 1609 Horarum
1092 1570 1363 1609 interstitium
1386 1572 1676 1609 assumeretur.
1699 1572 1854 1610 Vtrum

208 1625 327 1662 enim
342 1623 504 1662 horum
519 1624 659 1669 fuerit,
677 1635 731 1662 ex
746 1623 960 1662 Thaddaei
977 1626 1263 1662 annotatione
1280 1636 1371 1662 non
1388 1630 1503 1662 certo
1519 1624 1666 1672 liquet.
1684 1626 1742 1663 At
1753 1625 1782 1663 si
1794 1626 1854 1663 di-

206 1677 406 1715 stantiam
423 1677 621 1715 Cometae
643 1689 669 1715 a
689 1677 833 1715 Terris
853 1677 1246 1725 praesupponamus
1266 1682 1437 1715 tantum
1457 1678 1481 1716 8
1502 1677 1854 1717 Semidiametro-

206 1742 318 1774 rum,
330 1732 510 1778 propius
520 1731 725 1769 accedere
735 1730 849 1769 visus
858 1731 991 1769 fuisset
999 1733 1045 1769 in
1054 1730 1276 1778 posteriori
1287 1730 1615 1775 obseruatione,
1628 1731 1683 1769 ad
1695 1730 1854 1770 dictam

207 1783 387 1822 Stellam
409 1783 510 1822 Oris
530 1784 686 1832 Pegafi,
711 1784 766 1822 ad
786 1786 1021 1822 minimum
1043 1784 1214 1822 duabus
1234 1786 1368 1832 tertijs
1388 1786 1518 1822 vnius
1538 1785 1709 1832 gradus.
1734 1785 1854 1831 Quo-

207 1836 341 1875 modo
366 1839 514 1884 itaque
539 1837 759 1885 aequalem
783 1837 1012 1885 vtrobique
1037 1838 1266 1875 retinuisset
1291 1837 1690 1885 intercapedinem?
1717 1838 1854 1876 Nullo

207 1892 335 1938 igitur
350 1890 484 1928 modo
500 1895 591 1929 tam
606 1902 741 1938 prope
753 1890 911 1929 Terras
928 1890 989 1937 (vt
1004 1891 1096 1928 vult
1107 1890 1377 1937 Thaddaeus)
1394 1891 1645 1929 versabatur
1657 1891 1854 1936 Cometa,

209 1945 298 1981 imo
314 1943 352 1981 &
369 1955 468 1982 eam
484 1946 775 1982 remotionem
791 1956 892 1991 quae
909 1944 963 1982 est
979 1956 1006 1982 a
1021 1944 1148 1982 nobis
1164 1944 1219 1982 ad
1236 1944 1422 1988 Lunam,
1438 1944 1679 1991 plurimum
1696 1957 1854 1993 exupe-

208 1997 310 2035 rasse
326 2008 403 2044 per
418 1997 514 2035 haec
530 1997 619 2045 ipsa
635 1997 737 2035 data
753 1999 1040 2035 conuincitur.

262 2049 542 2098 Quapropter
565 2062 617 2088 ex
640 2050 708 2088 his
732 2050 937 2088 omnibus
959 2050 1341 2089 manifestissimum
1365 2051 1524 2095 euadit,
1548 2051 1662 2090 hanc
1685 2053 1856 2090 tertiam

209 2103 452 2148 Rationem,
470 2115 558 2151 qua
569 2103 821 2142 Thaddaeus
833 2104 1018 2151 probare
1031 2108 1226 2147 conatur,
1243 2103 1362 2141 hunc
1374 2101 1643 2154 Co-ssmetam
1656 2105 1855 2144 Elemen-

209 2161 348 2195 tarem
368 2156 497 2201 fuisse,
519 2157 772 2195 nullatenus
791 2169 871 2204 pro
891 2157 981 2204 ipso
1002 2156 1156 2202 facere,
1179 2157 1249 2195 sed
1270 2159 1414 2204 potius
1435 2158 1566 2205 plane
1587 2161 1856 2197 contrarium

210 2209 444 2253 ostendere,
461 2210 499 2248 8(
516 2222 569 2248 ex
585 2212 771 2258 proprijs
784 2212 877 2248 eius
889 2210 1158 2254 dedomenis‚
1175 2222 1278 2248 eum
1289 2210 1417 2259 longe
1429 2211 1558 2259 supra
1569 2212 1743 2250 Lunam
1755 2224 1855 2250 con-

209 2262 399 2301 stitutum
415 2263 543 2307 fuisse‚
560 2264 700 2302 multo
717 2264 964 2302 euidentius
980 2263 1269 2311 comprobari.

264 2316 584 2355 Concludimus
603 2319 763 2364 itaque,
785 2316 955 2355 nullam
976 2328 1130 2355 earum
1150 2319 1384 2361 rationum,
1406 2329 1516 2365 quas
1538 2318 1693 2366 Capite
1709 2318 1855 2356 Tertio

211 2371 256 2407 in
271 2369 468 2408 medium
484 2370 659 2408 adducit
675 2370 940 2415 Thaddaeus‚
961 2372 1237 2415 conuincere,
1259 2370 1492 2409 Cometam
1514 2371 1632 2409 hunc
1652 2371 1854 2410 subluna-

210 2434 303 2460 rem
326 2422 455 2467 fuisse‚
481 2423 646 2462 nedum
670 2428 713 2461 vt
738 2423 989 2462 Parallaxin
1013 2424 1036 2462 5
1061 2424 1265 2472 gradibus
1290 2426 1504 2462 maiorem
1530 2424 1759 2469 admiserit,
1785 2425 1854 2463 sed

210 2475 321 2523 ipsas
345 2475 560 2515 Thaddaei
585 2476 937 2521 ObseruationeS,
965 2488 1044 2524 pro
1074 2479 1234 2515 veriori
1264 2489 1399 2525 quam
1427 2483 1602 2516 tuemur
1632 2478 1855 2516 Sententia

210 2528 320 2575 (vtut
340 2529 516 2577 ipsemet
536 2529 620 2568 hoc
639 2532 786 2568 minus
802 2541 878 2577 per
894 2530 1090 2578 aliquam
1107 2532 1323 2569 incuriam
1339 2531 1714 2577 animaduerterit)
1735 2531 1853 2574 stare,

1568 2584 1605 2621 &
1623 2584 1853 2621 Cometam
