2209 3213
502 218 1025 258 RECENTIORIBUS
1046 217 1504 257 PHAENOMENIS
1773 216 1824 254 93

182 330 350 373 quartae
372 327 506 372 partis
525 326 655 362 vnius
677 325 848 372 gradus.
872 326 1068 373 Apparet
1090 327 1238 372 itaque
1260 323 1484 372 quomodo
1507 328 1677 360 motum
1700 322 1826 360 [uum

181 378 401 416 ordinarie
418 378 456 416 8(
471 377 694 416 successiue
711 378 960 422 inhibuerit,
981 390 1061 416 nec
1077 390 1104 417 a
1118 378 1308 416 tardiore
1328 377 1466 415 subito
1484 378 1530 414 in
1545 376 1824 420 velociorem,

180 431 251 469 vel
266 431 320 469 ab
336 431 421 469 hoc
436 433 482 468 in
497 430 623 468 illum
639 431 864 478 prolapsus
880 431 938 476 fit,
957 431 994 469 8(
1010 432 1145 469 veluti
1161 431 1215 469 ab
1232 432 1369 473 initio,
1389 441 1490 467 cum
1506 429 1687 467 celerior
1702 434 1826 466 motu

181 489 284 528 erat,
300 486 556 522 varietatem
572 483 842 522 alterationis
857 486 996 532 magis
1011 484 1251 522 senfibilem
1266 483 1446 527 admisit,
1468 482 1521 520 fic
1542 485 1587 520 in
1603 482 1704 526 fine,
1726 493 1827 519 cum

180 537 344 575 tardior
363 536 458 575 fieri
478 539 665 584 incaepit,
689 537 979 575 diuerfitatem
1002 538 1148 575 diurni
1170 542 1315 575 motus
1338 548 1430 574 non
1453 536 1564 574 adeo
1587 535 1725 573 subito
1748 537 1826 572 im-

180 592 379 634 mutauit,
401 601 490 637 quo
510 592 713 637 proprius
733 596 879 628 motus
899 590 971 628 ille
988 592 1123 638 quieti
1139 590 1259 638 quafi
1275 589 1495 637 applicare
1510 588 1625 626 visus
1642 588 1713 632 est;
1736 599 1827 625 non

180 643 305 682 311101·
321 654 455 690 quam
470 645 517 681 in
533 645 728 690 quinque
745 644 990 681 errantibus
1006 643 1148 682 Stellis
1165 643 1395 681 obseruare
1411 642 1521 685 licet,
1543 653 1644 679 cum
1660 653 1687 679 a
1703 641 1827 679 cursu

179 696 410 740 velociore,
426 708 504 744 per
518 696 618 734 suos
635 696 847 740 Circulos,
865 697 920 734 ad
937 702 1222 744 apparentem
1237 696 1464 734 stationem
1480 695 1791 733 deuoluuntur.

239 748 439 788 Tertium
461 751 593 788 etiam
608 761 697 787 vna
716 749 815 787 satis
836 750 1067 793 inducitur,
1089 749 1288 787 Cometae
1308 754 1479 786 motum
1500 748 1709 785 diurnum
1728 759 1826 794 pro-

112 815 169 847 10†
179 804 325 850 prium
344 804 391 840 in
411 802 487 840 suo
508 802 640 841 ductu
660 803 877 850 nusquam
897 802 1013 841 fuisse
1035 802 1160 841 cursu
1180 803 1339 840 diurno
1356 802 1495 839 Lunae
1511 801 1581 838 vel
1600 801 1826 838 lentissimo

111 1082 141 1107 15

106 1347 140 1372 20

91 1607 150 1638 105

105 1878 139 1904 30

105 2144 138 2170 35

105 2409 138 2435 40

178 856 426 894 tardiorem.
448 856 567 894 Nam
588 858 702 894 circa
722 858 858 900 initia,
879 856 1059 903 quando
1079 855 1189 893 mihi
1210 857 1402 903 primum
1418 856 1633 901 apparuit,
1655 865 1747 891 non
1763 855 1826 891 111-

177 914 293 957 tegre
314 914 503 956 quatuor
523 909 683 956 gradus
703 911 980 956 promotione
1001 909 1160 947 diurna
1180 910 1357 956 propria
1380 907 1644 951 absoluebat,
1668 906 1706 944 8(
1729 906 1828 944 11001

178 964 298 1010 prius
318 973 345 1000 a
365 962 636 1009 quibusdam,
657 967 803 1009 vtpote
819 962 875 1000 ad
891 962 1008 999 diem
1024 962 1245 999 decimum
1262 960 1530 998 Nouembris
1546 960 1661 997 visus
1677 959 1734 1004 fit,
1757 960 1827 997 vel

178 1016 310 1053 etiam
319 1026 407 1053 vno
419 1015 615 1053 alteroue
627 1015 696 1053 die
708 1020 809 1053 ante
822 1015 958 1062 (quod
969 1014 1200 1052 difficulter
1210 1014 1341 1052 fiebat
1353 1014 1408 1052 ob
1418 1015 1684 1051 vicinitatem
1694 1013 1823 1059 Solis)

177 1073 326 1106 tamen
346 1079 438 1106 non
457 1068 646 1106 multum
665 1068 777 1106 vltra
797 1070 956 1115 quinos
977 1068 1047 1105 vel
1067 1068 1192 1106 senos
1212 1067 1371 1115 gradus
1394 1069 1440 1104 in
1462 1066 1640 1104 transitu
1663 1066 1823 1103 diurno

177 1123 308 1159 etiam
322 1121 609 1159 velocissimus
625 1121 849 1159 absoluere
865 1126 1046 1168 poterat,
1068 1120 1218 1159 habita
1234 1122 1403 1158 ratione
1419 1121 1714 1167 proportionis
1730 1119 1823 1157 sub-

176 1174 392 1222 sequentis
407 1179 566 1219 motus,
583 1186 718 1222 quam
735 1174 954 1212 ordinarie
970 1174 1173 1212 seruauit.
1191 1174 1241 1211 In
1253 1175 1420 1211 caeteris
1430 1184 1536 1210 vero
1548 1172 1713 1215 diebus,
1730 1177 1823 1210 tan-

176 1232 270 1266 tum
284 1227 410 1272 abest,
428 1232 472 1265 vt
488 1232 658 1265 motum
674 1227 792 1265 hunc
808 1228 1017 1266 diurnum
1034 1228 1294 1274 exuperarit,
1315 1232 1358 1264 vt
1374 1228 1519 1274 potius
1535 1225 1758 1263 successiue
1776 1225 1823 1262 il-

175 1280 269 1318 lum
284 1282 566 1325 imminuerit,
588 1281 727 1319 donec
743 1281 922 1319 tandem
937 1282 984 1318 in
999 1280 1151 1318 vltimo
1168 1280 1256 1318 fine
1273 1291 1364 1317 non
1379 1279 1491 1317 vltra
1510 1283 1679 1326 partem
1695 1290 1822 1326 quar-

176 1338 266 1372 tam
289 1335 415 1372 vnius
434 1334 593 1382 gradus
614 1345 690 1381 per
710 1334 761 1372 24
781 1333 914 1372 horas
935 1333 1160 1372 absoluere
1181 1333 1296 1371 visus
1318 1333 1376 1377 fit,
1399 1332 1514 1370 vnde
1536 1332 1703 1379 semper
1726 1343 1822 1379 pro-

175 1387 353 1435 gressum
368 1389 595 1435 proprium
612 1387 739 1425 Luna
754 1387 991 1425 tardiorem
1006 1389 1195 1431 retinuit,
1212 1386 1250 1424 &
1267 1386 1322 1424 ob
1338 1386 1381 1424 id
1397 1386 1525 1433 longe
1542 1387 1823 1423 remotiorem

175 1451 202 1478 a
217 1439 343 1478 nobis
358 1440 487 1484 fuisse,
504 1452 639 1488 quam
651 1440 790 1478 Lunae
803 1440 933 1479 Orbis
949 1440 1095 1485 existit,
1113 1439 1393 1479 Circulorum
1406 1438 1659 1478 Coelestium
1676 1438 1714 1476 &
1730 1450 1822 1476 mo-

174 1498 300 1531 tuum
316 1493 499 1541 postulat
515 1494 778 1532 Harmonia.

235 1546 454 1585 Vltimum
470 1559 574 1585 vero
591 1547 710 1594 quod
726 1547 929 1591 diximus,
947 1546 1146 1585 Cometae
1162 1546 1430 1593 Principium
1447 1545 1485 1583 8(
1501 1545 1666 1589 Finem,
1684 1546 1729 1582 in
1745 1544 1821 1582 suo

174 1602 358 1644 tramite,
383 1599 499 1638 fuisse
522 1600 577 1638 ab
599 1612 688 1638 vno
711 1600 890 1638 Circulo
912 1600 1099 1648 Tropico
1122 1599 1254 1647 vsque
1279 1601 1325 1637 in
1350 1595 1584 1648 alte-nrum,
1611 1600 1743 1636 etiam
1768 1609 1821 1635 ex

174 1653 395 1700 praemissis
414 1652 540 1691 facile
561 1653 703 1701 colligi
723 1655 896 1700 poterit;
918 1653 1036 1691 Nam
1056 1652 1086 1690 fi
1105 1653 1241 1691 tribus
1260 1652 1330 1690 vel
1351 1657 1540 1699 quatuor
1561 1651 1725 1696 diebus,
1746 1656 1822 1689 aut

175 1708 322 1754 quinis
343 1706 597 1754 priusquam
619 1706 746 1744 nobis
768 1708 982 1754 apparuit,
1006 1718 1162 1744 reuera
1185 1708 1332 1749 extitit,
1355 1710 1484 1753 prout
1504 1704 1732 1742 verisimile
1753 1704 1820 1748 est,

175 1761 297 1797 iuxta
317 1759 570 1806 Eclipticam
590 1761 636 1797 in
655 1759 753 1798 loco
775 1758 1088 1798 Interfectionis
1108 1759 1172 1797 sui
1193 1758 1358 1797 Circuli
1378 1770 1477 1796 cum
1498 1760 1569 1796 via
1590 1757 1717 1796 solari
1737 1759 1821 1804 pri-

174 1824 298 1851 mum
314 1812 491 1850 exorsus
507 1812 574 1857 est,
596 1824 687 1851 non
702 1813 830 1860 longe
847 1824 874 1850 a
889 1812 1077 1860 Tropico
1093 1813 1291 1861 hyberno
1308 1814 1421 1850 circa
1441 1811 1600 1849 limites
1616 1811 1820 1849 Declina-

175 1867 306 1904 tionis
327 1866 546 1913 Eclipticae
567 1868 787 1910 maximae,
809 1866 847 1903 &
868 1866 922 1904 ob
944 1866 987 1904 id
1009 1877 1144 1913 prope
1165 1865 1304 1913 ipsum
1326 1865 1554 1903 Circulum
1570 1864 1820 1911 Tropicum.

175 1919 348 1957 Deinde
368 1919 521 1957 vltimo
547 1921 833 1967 apparitionis
857 1924 1066 1966 tempore,
1092 1919 1147 1957 ad
1172 1919 1289 1957 diem
1313 1918 1458 1956 XXVI
1485 1918 1676 1966 Ianuarij
1700 1918 1821 1955 Anni

174 1972 402 2019 sequentis,
424 1972 569 2010 rursus
585 1984 685 2010 eum
701 1984 836 2019 prope
853 1972 1010 2011 Scheat
1025 1972 1170 2020 Pegafi
1186 1971 1515 2019 conspiceretur,
1536 1970 1617 2009 fuit
1636 1973 1758 2009 iuxta
1774 1971 1821 2008 li-

174 2027 300 2063 mites
316 2025 636 2063 Declinationis
652 2028 872 2070 maximae,
894 2037 1030 2073 quam
1049 2026 1234 2063 admittit
1251 2025 1469 2072 Ecliptica‚
1491 2024 1529 2062 8(
1550 2025 1605 2062 01)
1626 2025 1669 2062 1(1
1684 2036 1821 2072 prope

174 2078 412 2126 Tropicum
420 2079 653 2123 AEstiuum;
666 2079 790 2123 adde,
803 2079 922 2126 quod
933 2078 1017 2117 11οο
1027 2077 1165 2126 paeto,
1177 2084 1267 2117 tam
1277 2080 1446 2116 ratione
1457 2078 1676 2125 Eclipticae
1687 2090 1822 2125 quam

174 2132 338 2180 Proprij
362 2130 528 2177 ductus,
550 2132 854 2178 Quadrantem
871 2132 1036 2170 Circuli
1056 2134 1102 2170 in
1118 2131 1302 2179 Sphaera
1321 2133 1505 2170 maximi
1525 2131 1744 2169 absoluisse
1760 2133 1820 2168 vi-

174 2184 340 2229 deatur,
358 2186 476 2232 quod
493 2187 625 2223 etiam
641 2197 732 2223 non
748 2197 906 2233 parum
922 2185 1022 2223 facit
1033 2185 1089 2223 ad
1100 2185 1465 2232 persuadendum,
1484 2184 1716 2223 Coelestem
1729 2196 1821 2223 non

175 2237 487 2277 elementarem
503 2243 708 2277 naturam
725 2238 900 2277 adfuisse
916 2238 1019 2276 huic
1035 2238 1246 2277 Cometae.

228 2290 518 2339 Quapropter,
540 2303 641 2330 cum
657 2292 755 2330 satis
771 2292 1041 2330 declaratum
1057 2291 1486 2339 demonstratumque
1507 2291 1565 2336 fit,
1588 2291 1821 2330 Cometam

174 2344 293 2382 hunc
304 2344 379 2382 suo
391 2350 514 2382 motu
525 2347 702 2393 proprio
714 2344 961 2392 descripfisse
974 2345 1202 2383 Circulum
1212 2347 1258 2383 in
1270 2345 1454 2393 Sphaera
1465 2345 1671 2392 exquifite
1683 2347 1819 2382 maxi-

174 2409 311 2442 mum,
327 2400 441 2436 intra
455 2398 555 2436 suos
570 2398 700 2436 Polos
715 2398 861 2436 medio
877 2398 975 2436 loco
992 2403 1245 2436 contentum
1261 2398 1299 2436 8(
1315 2398 1532 2445 nusquam
1548 2399 1601 2436 ab
1618 2397 1714 2441 hoc,
1731 2403 1820 2436 toto

175 2450 418 2489 durationis
433 2456 642 2499 tempore,
658 2453 705 2489 in
720 2451 835 2490 hanc
846 2451 916 2489 vel
931 2451 1053 2489 illam
1066 2457 1235 2499 partem
1248 2452 1444 2496 deuiasse,
1462 2451 1639 2499 Insuper
1650 2451 1725 2489 sub
1737 2451 1821 2489 hoc

177 2503 367 2548 Circulo,
390 2510 561 2543 motum
583 2505 857 2543 ordinarium
880 2516 960 2542 nec
983 2504 1223 2543 instabilem
1244 2505 1482 2549 reseruasse,
1505 2505 1575 2543 sed
1598 2505 1821 2543 successiue

1467 2558 1819 2606 pedetentimque
