2209 3213
337 231 386 266 22
828 228 911 264 DE
933 227 1158 265 MUNDI
1179 225 1480 265 AETHEREI

391 335 449 371 Sit
472 335 661 371 Colurus
683 334 967 371 Solstitiorum
989 333 1123 376 ΕΑΒ,
1146 333 1354 380 Ecliptica
1374 332 1518 375 AOB,
1540 330 1670 368 Polus
1692 331 1738 374 E,
1760 330 1975 377 AEquator
2012 337 2050 369 16

339 388 484 429 COD,
507 387 635 423 Polus
657 387 699 429 F,
724 387 865 423 Locus
881 386 1075 423 Vulturis
1096 386 1272 424 Lucidae
1294 386 1323 430 Ι,
1346 386 1616 430 ducaturque
1637 396 1664 421 a
1684 383 1790 421 Polo
1810 383 1974 430 AEqua-

337 442 439 476 toris
461 452 535 486 per
555 440 699 476 locum
717 439 860 477 Stellae
878 438 1007 485 vsque
1024 441 1069 475 in
1086 438 1350 485 Eclipticam,
1372 440 1513 485 portio
1532 436 1680 474 circuli
1697 436 1871 474 FIKM.
1893 436 1974 473 Eo-

338 494 434 529 dem
456 492 587 529 modo
609 504 634 529 a
655 492 760 529 Polo
782 492 999 538 Eclipticae
1020 494 1065 528 in
1087 492 1273 530 eandem
1294 492 1547 539 Eclipticam
1567 501 1643 537 per
1663 489 1810 527 locum
1831 489 1975 527 Stellae

338 546 557 591 quadrans
579 545 699 587 EIN,
722 545 869 591 Sitque
892 545 943 587 O,
965 543 1203 582 interfectio
1225 545 1443 592 Eclipticae
1466 544 1503 581 &
1519 543 1773 590 AEquatoris
1794 544 1839 579 in
1858 544 1974 589 prin·
2012 554 2028 579 5

337 600 448 644 cipio
465 598 635 634 Arietis.
655 597 719 634 Est
735 600 880 644 itaque
898 597 996 639 OK.
1015 598 1385 645 complementum
1397 596 1669 634 Ascenfionis
1686 593 1826 632 Red‘tae
1843 595 1898 632 ad
1914 600 1975 632 to-

337 656 428 687 tum
445 651 666 694 circulum,
684 651 747 687 KI
764 651 1008 694 declinatio,
1030 651 1275 698 Longitudo
1291 651 1364 688 seu
1380 650 1577 688 distantia
1593 661 1619 687 a
1634 650 1848 696 principio
1866 654 1912 688 V
1930 649 1976 685 in

336 703 635 740 antecedentia
657 703 766 745 ΟΜ,
792 704 993 741 Latitudo
1014 715 1118 741 vero
1139 704 1193 742 ab
1214 704 1421 751 Ecliptica
1441 703 1521 740 IN.
1546 701 1659 748 Quae
1680 701 1768 739 duo
1789 703 1835 738 in
1857 700 1975 738 hunc

337 756 518 793 modum
535 767 557 793 e
573 756 913 803 Triangulorum
929 757 1170 795 rationibus
1187 757 1504 805 inuestigemuS.

389 1971 583 2009 Primum
604 1974 649 2009 in
669 1971 907 2019 Triangulo
928 1972 1086 2015 KOM,
1110 1972 1243 2010 Latus
1265 1972 1363 2016 OK‚
1385 1984 1439 2010 ex
1459 1971 1719 2010 Ascenfione
1739 1970 1854 2010 recta
1874 1971 1976 2010 data
2016 1984 2046 2009 ιο

337 2029 491 2062 notum
504 2025 569 2069 est,
587 2037 687 2062 curn
699 2024 744 2062 fit
755 2027 848 2062 eius
861 2025 1231 2072 complementum
1243 2025 1298 2063 ad
1310 2027 1526 2072 integrum
1537 2025 1760 2069 circulum,
1777 2025 1975 2063 videlicet

337 2077 379 2114 P.
397 2077 458 2115 67.
477 2078 539 2115 M.
557 2078 618 2115 25.
641 2078 773 2115 Latus
790 2078 886 2115 KM
908 2078 963 2115 est
984 2078 1216 2116 declinatio
1233 2076 1384 2116 Puncti
1399 2078 1591 2122 Zodiaci,
1613 2090 1713 2116 cum
1733 2089 1821 2125 quo
1842 2077 1975 2116 Stella

338 2130 558 2173 culminat,
580 2131 622 2168 P.
643 2131 705 2168 20.
727 2131 789 2168 Μ.
812 2131 861 2168 53
882 2137 922 2175 z,
947 2143 1081 2178 quam
1101 2131 1272 2169 Tabula
1293 2131 1653 2169 Declinationum
1673 2131 1836 2179 praebet
1855 2131 1898 2169 P.
1919 2131 1973 2169 21.

337 2183 399 2220 Μ.
411 2183 461 2221 50
473 2183 612 2229 (nolui
625 2185 754 2227 enim,
766 2183 835 2220 vel
848 2184 1144 2232 inuestigando
1155 2181 1351 2234 pun-Helo
1364 2184 1479 2222 Coeli
1491 2184 1768 2222 mediationis
1779 2186 1825 2221 in
1837 2183 1974 2231 Eclip-
2011 2191 2049 2222 17

336 2238 430 2279 tica,
447 2236 516 2273 vel
532 2239 577 2273 in
593 2236 783 2274 eiusdem
799 2236 945 2283 puncti
961 2237 1252 2274 declinatione
1267 2249 1344 2284 per
1359 2237 1621 2285 Triangulos
1636 2237 1897 2284 indaganda,
1913 2237 1973 2274 la·
2015 2250 2045 2275 15

336 2289 544 2326 boriofior
567 2290 655 2333 esse,
679 2301 733 2327 ne
757 2290 924 2327 nodum
946 2292 991 2327 in
1014 2290 1162 2336 scirpo,
1186 2290 1304 2337 quod
1327 2290 1410 2328 dici
1433 2290 1548 2333 solet,
1572 2301 1769 2337 quaerere
1791 2290 1973 2334 viderer,

336 2341 545 2388 liquidem
561 2347 777 2389 vtrunque
794 2343 980 2386 abunde,
1001 2345 1046 2380 in
1062 2343 1232 2387 tabulis,
1254 2355 1280 2380 a
1300 2343 1489 2387 diuerfis‚
1508 2343 1590 2380 hac
1606 2345 1652 2380 in
1667 2348 1801 2390 parte,
1817 2342 1973 2390 suppu-

337 2396 445 2438 tatis,
466 2394 563 2432 satis
583 2395 838 2441 scrupulose,
860 2397 965 2433 citra
981 2396 1141 2433 laboris
1156 2396 1409 2440 molestiam,
1431 2395 1639 2442 offertur).
1662 2396 1867 2443 Cumque
1882 2396 1973 2433 An-

336 2447 474 2494 gulus.
492 2450 567 2494 qui
584 2447 638 2484 est
650 2448 704 2485 ad
716 2448 768 2491 K,
785 2448 830 2485 fit
846 2447 997 2491 rectus,
1014 2449 1206 2495 procedit
1220 2451 1338 2486 enim
1349 2460 1376 2486 a
1387 2449 1493 2486 Polo
1504 2449 1567 2486 sui
1579 2448 1755 2492 Circuli‚
1771 2448 1973 2496 Angulus

337 2512 441 2538 vero
464 2501 518 2538 ad
542 2500 594 2544 O,
620 2503 861 2538 maximam
886 2501 1223 2539 declinationem
1248 2501 1518 2548 representet,
1547 2513 1647 2549 quae
1672 2501 1865 2540 statuitur
1889 2501 1973 2539 hoc
2010 2514 2045 2539 20

1170 2570 1176 2575 ·
1860 2566 1973 2598 aeuo,
