2209 3213
137 814 167 840 10

136 1080 166 1106 15

132 1347 166 1372 20

114 1447 179 1479 415

132 1614 165 1639 25

132 1880 166 1906 30

132 2147 166 2173 35

133 2413 167 2438 40

522 216 1045 256 RECENTIORIBUS
1065 215 1524 254 PHAENOMENIS
1770 214 1848 254 329

203 326 263 362 ita
281 329 326 362 vt
345 323 490 362 Terris
510 322 646 361 ferme
666 322 882 361 Parallela
904 322 1037 367 fieret,
1061 322 1365 361 retraheretur.
1390 322 1548 369 Neque
1571 323 1690 359 enim
1711 333 1789 369 per
1808 321 1849 359 se

203 377 362 424 absque
375 376 463 415 alia
474 375 602 414 causa
613 375 863 422 impellente
873 387 899 414 a
908 376 1099 414 naturali
1110 377 1280 414 tramite
1293 375 1556 423 degenerare
1567 376 1719 422 potuit.
1733 374 1850 413 Cum

203 432 330 478 igitur
342 429 557 468 Scultetus
572 429 800 467 admittere
816 440 908 466 non
919 429 1091 473 audeat,
1109 429 1296 467 caudam
1307 429 1440 466 huius
1453 428 1652 467 Cometae
1663 428 1850 475 superna

203 482 409 531 spectasse,
429 482 500 520 vel
519 482 559 520 se
580 481 670 529 ipso
690 483 831 519 inuito
849 484 975 519 tacite
992 482 1200 527 concedit,
1222 493 1324 520 eum
1340 493 1432 519 non
1448 481 1563 519 fuisse
1579 484 1758 529 igneum
1773 481 1849 519 ali-

204 536 322 584 quod
343 536 595 573 Meteorum
614 537 661 572 in
680 535 882 581 suprema
902 535 1030 572 Aeris
1051 535 1242 583 Regione
1264 534 1562 573 efferuescens.
1586 534 1711 573 Alias
1732 536 1850 573 enim

203 591 399 628 materiae
415 588 601 626 incensae
617 587 924 636 flagrantisque
940 591 1225 635 proprietates
1241 589 1471 626 necessario
1488 589 1729 626 retinuisset.

256 642 463 680 Formam
483 641 657 689 insuper
677 641 831 679 caudae
852 640 1146 679 Conoidalem
1167 641 1308 685 efficit,
1330 642 1454 685 adeo,
1476 647 1519 679 vt
1540 646 1734 679 extrema
1757 642 1851 679 eius

204 695 552 733 circumferentia
570 700 692 733 tanta
711 694 851 737 fuerit,
872 698 916 731 vt
937 705 1074 732 conus
1094 694 1166 732 ille
1186 695 1240 732 ab
1256 694 1420 742 Anguli
1436 693 1538 732 recti
1555 694 1810 742 Quantitate
1827 705 1849 732 e

204 750 343 796 capite
364 748 563 786 Cometae
585 749 795 791 exeuntis,
816 758 908 784 non
928 747 1116 785 multum
1137 747 1337 785 distiterit.
1360 748 1407 785 Id
1423 759 1527 785 vero
1548 750 1608 786 ita
1626 747 1667 785 se
1688 747 1851 785 habere

204 813 295 840 non
320 803 444 839 certis
465 801 709 839 rationibus
730 800 1003 838 demonstrat.
1028 800 1177 846 Quam
1197 805 1345 838 autem
1366 806 1464 847 apte
1485 800 1581 838 haec
1600 800 1851 844 statuantur,

204 855 394 894 aliorum
410 854 494 892 esto
510 854 733 897 iudicium,
750 853 877 891 nobis
892 853 993 891 sane
1010 855 1124 891 circa
1141 854 1293 891 caudae
1310 853 1499 891 formam
1513 854 1679 901 aliquid
1694 853 1850 891 eiusce-

203 908 324 946 modi
335 908 482 946 locum
493 907 696 951 habuisse,
711 908 893 944 minime
905 906 1129 954 probabile
1140 907 1327 950 videtur;
1344 912 1464 945 tanta
1477 909 1595 944 enim
1606 912 1708 945 tunc
1719 906 1852 945 fuisset

204 961 333 1009 ipfius
349 961 419 999 vel
435 963 548 999 circa
563 961 755 998 mediam
772 960 1097 1008 elongationem
1113 959 1310 1004 denfitas,
1327 960 1382 998 ob
1399 960 1639 998 Radiorum
1654 960 1851 998 flamme-

205 1026 333 1053 orum
343 1013 612 1058 concursum,
620 1019 664 1051 vt
674 1025 959 1061 nequaquam
967 1013 1100 1051 talem
1109 1015 1331 1051 raritatem
1341 1013 1603 1058 exhibuisset,
1611 1025 1699 1060 qua
1706 1013 1851 1051 Stellae

204 1068 323 1106 Fixae
344 1079 669 1115 nonnunquam
690 1066 826 1113 (velut
846 1066 1087 1114 aliquando
1104 1066 1396 1104 Obseruatum
1417 1066 1488 1113 est)
1509 1078 1586 1113 per
1604 1078 1703 1104 eam
1718 1066 1849 1105 trans—

202 1132 355 1169 parere
371 1122 603 1168 potuerint.
621 1121 837 1158 Praeterea
853 1131 905 1158 ea
921 1131 1021 1167 quae
1037 1119 1235 1167 flagrant,
1253 1131 1344 1157 non
1359 1121 1405 1156 in
1417 1120 1553 1158 latam
1565 1120 1761 1167 aliquam
1772 1122 1849 1158 cir-

203 1174 548 1218 cumferentiam,
559 1173 684 1212 sedin
694 1175 993 1212 acuminatam
1001 1173 1206 1221 Figuram
1215 1172 1407 1210 definere
1416 1172 1563 1216 solent,
1575 1185 1709 1220 quam
1720 1175 1851 1211 etiam

203 1239 294 1266 non
304 1229 351 1265 in
363 1227 593 1274 obliquum
604 1227 660 1265 ad
671 1227 866 1271 Terram,
883 1226 953 1265 sed
964 1226 1129 1264 sursum
1141 1228 1187 1264 in
1198 1226 1338 1273 ipsum
1351 1226 1528 1264 Coelum
1541 1226 1755 1264 attollunt.
1773 1226 1850 1274 Igi-

202 1286 271 1319 tur
286 1281 382 1319 haec
398 1281 557 1328 Figura
572 1281 738 1323 caudae,
756 1291 890 1327 quam
907 1280 1106 1318 Cometae
1122 1280 1315 1318 attribuit
1330 1279 1557 1323 Scultetus,
1573 1285 1667 1317 tum
1679 1279 1850 1324 Forma,

202 1339 297 1373 tum
311 1336 443 1372 etiam
458 1334 537 1437 [ihu
553 1333 591 1371 &
607 1333 891 1381 dispositione,
908 1332 1109 1381 suspecta,
1126 1345 1181 1371 ne
1194 1333 1337 1371 dicam
1348 1333 1521 1380 prorsus
1532 1335 1851 1371 inconueniens

203 1389 480 1435 comperitur.

257 1440 413 1488 Qualis
429 1446 578 1479 autem
594 1452 751 1479 reuera
766 1439 894 1478 fuerit
910 1440 1064 1478 caudae
1079 1439 1209 1487 ipfius
1226 1438 1409 1483 eductio,
1427 1440 1581 1487 Capite
1594 1439 1800 1487 Septimo,
1813 1439 1851 1477 &

204 1506 339 1542 quam
354 1494 556 1532 habuerit
567 1496 613 1532 in
624 1493 714 1542 ipso
727 1493 856 1532 Coelo
868 1493 1220 1541 Longitudinem,
1238 1493 1393 1541 Capite
1406 1493 1552 1536 Nono,
1570 1505 1596 1531 a
1612 1493 1738 1531 nobis
1753 1493 1852 1531 satis

204 1548 429 1586 euidenter
445 1559 468 1585 e
485 1549 610 1585 certis
627 1547 1016 1586 obseruationibus
1033 1546 1389 1584 Demonstratum
1406 1546 1472 1590 est,
1494 1551 1537 1584 vt
1558 1558 1648 1584 non
1665 1558 1776 1594 opus
1791 1546 1850 1591 fit,

203 1600 272 1639 his
288 1601 558 1639 excutiendis
573 1601 818 1649 longiorem
834 1600 905 1638 hic
921 1611 1094 1638 moram
1110 1598 1293 1638 nectere.

247 1655 308 1704 Jn
323 1653 492 1693 Vltimo
507 1654 554 1693 dc
567 1653 742 1702 Quarto
760 1653 959 1704 Trigono
975 1651 1242 1699 Redtilineo,
1260 1653 1615 1701 Magnitudinem
1631 1652 1767 1700 ipsam
1783 1664 1850 1691 ca-

202 1710 301 1755 pitis
313 1707 351 1745 &
363 1708 516 1746 caudae
530 1707 741 1752 Cometae,
754 1709 1172 1755 proportionemque
1184 1706 1346 1744 horum
1357 1707 1413 1745 ad
1421 1706 1604 1744 Terram
1616 1706 1653 1744 &
1664 1706 1851 1750 Lunam,

203 1766 296 1799 tum
313 1763 444 1799 etiam
460 1766 606 1799 motus
622 1763 716 1799 eius
733 1760 1060 1804 dimensionem,
1078 1762 1215 1798 nimia
1227 1760 1265 1798 &
1276 1760 1407 1807 plane
1419 1760 1746 1807 superuacanea
1758 1760 1851 1798 sub-

203 1814 354 1853 tilitate
370 1814 592 1853 scrutatur.
614 1814 732 1852 Facit
748 1820 896 1852 autem
912 1814 1176 1852 diametrum
1193 1816 1344 1861 capitis
1361 1813 1559 1852 Cometae
1576 1813 1644 1851 124
1660 1812 1748 1851 fere
1765 1813 1850 1851 Mi-

203 1867 391 1911 liarium,
413 1868 614 1915 qualium
629 1867 777 1906 Terrae
793 1868 1024 1906 dimetiens
1040 1867 1095 1905 est
1111 1867 1209 1911 1718,
1232 1867 1269 1904 &
1291 1867 1429 1905 Lunae
1445 1866 1539 1911 505;
1561 1866 1730 1905 Caudae
1746 1878 1851 1904 vero

203 1921 332 1969 ipfius
354 1933 506 1959 veram
528 1921 868 1969 Longitudinem
891 1921 1135 1959 eorundem
1157 1920 1273 1958 2623.
1300 1921 1445 1968 Atque
1471 1920 1566 1958 haec
1590 1920 1768 1967 quidem
1793 1922 1852 1958 ita

203 1974 395 2013 constare
416 1975 588 2022 possent,
609 1974 639 2012 fi
660 1986 713 2012 ea
731 1986 831 2022 quae
847 1974 1144 2022 praesupponit
1159 1976 1205 2011 in
1221 1974 1419 2012 distantia
1435 1985 1461 2011 a
1476 1973 1613 2011 Terra
1629 1973 1667 2011 &
1682 1972 1851 2011 vifibili-

202 2027 284 2066 bus
296 2027 624 2074 Quantitatibus
640 2027 751 2066 recte
767 2027 808 2066 se
824 2027 1048 2072 haberent,
1064 2030 1111 2065 in
1127 2028 1286 2074 quibus
1297 2029 1485 2065 nimium
1496 2027 1630 2065 latere
1642 2028 1747 2074 vitij‚
1763 2028 1852 2064 iam

203 2086 334 2120 antea
354 2093 381 2119 a
401 2081 527 2119 nobis
548 2081 762 2119 ostensum
782 2081 849 2119 est.
871 2082 969 2119 Fuit
990 2083 1108 2118 enim
1125 2080 1312 2119 Cometa
1332 2080 1430 2128 ipfis
1446 2081 1585 2118 Lunae
1604 2080 1774 2118 sedibus
1789 2091 1852 2117 re-

204 2146 311 2173 uera
322 2134 450 2182 longe
462 2134 602 2178 altior,
614 2140 658 2172 vt
668 2135 823 2182 Capite
833 2134 964 2173 Sexto
976 2133 1403 2172 Demonstrauimus:
1416 2145 1495 2172 nec
1506 2133 1596 2172 visa
1608 2133 1852 2181 Longitudo

204 2188 357 2226 caudae
373 2193 494 2226 tanta
511 2188 587 2226 esse
603 2189 743 2235 potuit
762 2190 884 2226 iuxta
902 2188 1099 2226 medium
1115 2187 1384 2231 Decembris,
1406 2193 1618 2235 quantam
1638 2186 1710 2224 ille
1732 2188 1771 2224 ei
1792 2186 1851 2224 as-

204 2240 353 2289 fignat;
370 2246 413 2279 vt
425 2246 556 2279 antea
568 2242 867 2288 probauimus.
885 2241 1105 2287 Quamuis
1117 2241 1169 2279 de
1181 2241 1276 2285 hac,
1289 2252 1381 2279 non
1393 2240 1557 2278 curiose
1569 2240 1853 2287 quaestionem

203 2295 475 2332 mouendam
496 2294 708 2339 censeam,
731 2306 785 2332 ex
806 2306 894 2342 quo
916 2306 968 2332 ea
988 2306 1080 2332 non
1101 2295 1306 2332 omnibus
1327 2295 1483 2332 eodem
1503 2293 1636 2331 modo
1658 2293 1852 2340 elongari

203 2347 293 2386 visa
308 2347 452 2392 fuerit;
474 2348 512 2386 &
533 2347 641 2386 forte
659 2350 791 2386 etiam
807 2350 853 2385 in
869 2347 1047 2386 diuersis
1063 2347 1340 2395 Regionibus,
1361 2359 1453 2385 non
1468 2346 1670 2389 similiter,
1692 2358 1780 2393 quo
1797 2346 1852 2383 ad

204 2401 538 2449 protensionem,
550 2401 634 2439 sese
646 2401 907 2445 exhibuerit;
922 2402 1050 2439 Aeris
1062 2412 1239 2448 quoque
1252 2401 1508 2445 diuerfitate,
1520 2400 1716 2447 visusque
1729 2401 1851 2437 vario

204 2456 421 2499 acumine,
437 2454 626 2493 multum
642 2455 725 2492 hac
741 2456 787 2492 in
802 2459 924 2502 parte
940 2454 1237 2492 alterantibus.

259 2507 305 2545 Id
325 2519 430 2546 vero
452 2508 570 2555 quod
591 2510 637 2546 in
658 2510 797 2555 capite
814 2508 1012 2546 Cometae
1034 2508 1211 2552 assumit,
1233 2507 1511 2546 Diametrum
1533 2508 1626 2544 eius
1644 2505 1852 2595 vifibilelr3n

311 2570 344 2594 42
879 2566 885 2570 '
1680 2564 1797 2596 extiti
1828 2568 1850 2594 e
