2209 3213
106 823 136 848 10

106 1088 136 1113 15

492 226 1015 265 RECENTIORIBUS
1035 227 1494 265 PHAENOMENIS
1766 227 1817 264 37

173 334 456 378 aduertimus‚
472 332 596 370 nolui
613 332 667 370 ob
684 332 795 370 adeo
811 343 965 379 pauca,
983 345 1083 379 quae
1100 333 1394 371 desiderantur
1410 333 1622 381 scrupula,
1642 334 1817 370 uniuer-

173 387 267 425 sum
283 386 514 430 calculum,
532 397 685 423 eorum
701 385 808 423 locis
823 387 869 422 in
885 390 974 423 toto
991 385 1074 424 hoe
1090 386 1200 424 libro
1217 386 1462 430 fundatum,
1479 386 1656 424 taedioso
1673 385 1711 423 &
1727 398 1817 423 mo-

173 440 274 478 lesto
294 441 450 487 potius,
472 450 607 486 quam
627 438 722 476 utili
743 438 815 476 uel
835 439 1065 476 necessario
1086 439 1248 483 labore,
1269 439 1344 477 sub
1365 440 1570 477 incudem
1591 451 1817 482 reuocare;

172 493 421 541 praesertim,
445 503 544 530 cum
565 491 739 529 nullum
759 491 941 529 euidens
958 492 995 529 &
1012 492 1203 530 sensibile
1225 492 1464 536 discrimen,
1485 495 1531 530 in
1552 494 1819 540 apparentijs

175 546 385 590 Cometae,
412 557 500 592 quo
522 547 669 582 minus
692 546 771 582 rite
795 544 1032 583 constitutae
1055 545 1145 589 lint,
1171 546 1267 583 haec
1292 546 1512 583 minutula
1534 545 1820 593 discrepantia

173 599 374 642 infinuet;
388 599 438 636 Et
449 598 709 645 parallaxes,
723 609 832 644 quas
843 598 1103 645 potissimum
1115 598 1370 646 inuestigare
1384 599 1453 645 (eo
1466 600 1584 646 quod
1595 601 1820 646 praecipua

174 652 457 690 confideratio
473 653 519 689 in
535 651 603 688 his
620 650 828 697 uersetur)
846 653 1022 689 animus
1038 657 1141 695 erat,
1159 652 1412 689 nullatenus
1429 652 1483 690 ob
1498 652 1552 696 id,
1570 652 1658 690 alio
1672 652 1818 696 modo,

174 717 309 753 quam
324 704 400 742 suo
416 704 513 742 loco
530 704 733 742 indicatae
752 703 859 748 sunt,
880 707 1160 751 proueniant:
1183 705 1420 751 Siquidem,
1442 707 1487 742 in
1509 707 1573 752 iJ's,
1594 717 1671 752 per
1690 707 1818 742 inter-

225 758 396 796 uallum
409 757 590 805 aliquod
603 758 811 805 temporis
825 757 1119 805 interlapsum,
1137 758 1432 801 enucleandis,
1449 759 1635 795 eandem
1650 763 1765 795 utro-

278 811 409 858 bique
426 810 570 849 Stellae
592 812 698 854 eius,
720 811 843 848 cuius
864 810 964 848 usus
986 811 1258 848 commodior
1279 810 1555 854 offerebatur,
1576 811 1712 858 longi-

331 864 528 902 tudinem
540 863 865 901 &latitudinem
880 863 1208 907 assumserimus,
1225 864 1355 907 unde,
1372 863 1401 901 fi
1417 864 1489 901 uel
1505 866 1658 908 maior,

385 928 519 964 quam
536 919 732 964 quinque
748 922 823 954 aut
839 916 910 954 sex
926 916 1241 964 scrupulorum,
1262 929 1288 955 a
1309 929 1429 961 uero,
1451 919 1497 954 in
1513 919 1606 955 eius

437 970 548 1014 loco,
571 970 788 1008 aberratio
811 969 987 1007 admissa
1008 969 1153 1014 fuisset,
1177 969 1468 1008 nihilominus
1491 972 1553 1007 rei

490 1023 766 1070 inquirendae
783 1023 1086 1061 certitudinem
1106 1023 1189 1060 hac
1207 1025 1253 1060 in
1271 1028 1392 1071 parte
1409 1035 1500 1061 non

543 1076 783 1123 impediret.
804 1076 889 1113 His
904 1078 1052 1123 itaque
1068 1078 1113 1113 in
1130 1076 1248 1114 hunc
1264 1076 1447 1114 modum

596 1129 695 1167 satis
705 1134 1000 1176 competenter
1008 1129 1254 1174 constitutis,
1263 1141 1393 1173 nunc,

651 1185 773 1220 iuxta
781 1182 1048 1230 propofitum
1059 1183 1272 1226 ordinem,
1285 1183 1340 1221 ad

734 1235 904 1283 reliqua
914 1236 1255 1284 progrediemur.

1625 2567 1817 2605 CAPVT
