2209 3213
635 331 972 399 CAPVT
1004 333 1079 399 N
1088 332 1242 399 ΟΝ
1247 331 1426 397 VM.

275 427 366 471 DE
390 424 653 470 CAPITIS
675 425 719 469 &
741 424 1010 469 CAUDAE
1032 424 1256 469 HUIUS
1278 423 1587 468 COMETAE
1607 423 1787 467 VERA

351 493 806 536 MAGNITUDINE‚
828 492 1080 539 QUANTA
1101 493 1164 530 IN
1186 492 1311 531 IPSO
1333 491 1508 530 COELO
1530 491 1709 530 CIRCA

596 555 889 593 PRINCIPIA
911 555 1043 594 SUAE
1062 554 1467 593 APPARITIONIS

153 629 168 653 5
869 617 1189 655 EXTITERIT.

255 736 271 755 5
390 738 391 741 ,
487 698 535 781 f}
562 702 826 745 VPEREST‚
847 707 892 740 vt
911 705 1022 740 inter
1039 714 1090 740 ea
1107 714 1207 749 quae
1224 713 1277 739 ex
1293 701 1444 740 nostris
1461 701 1852 740 obseruationibus

244 781 254 788 x
375 792 384 805 τ
425 772 532 809 2³4³.
563 756 776 799 deriuare‚
795 756 892 793 &in
909 756 993 794 hoc
1008 756 1194 794 Cometa
1211 755 1526 794 Mathematice
1543 755 1852 793 Demonstrare

427 798 536 856 ’ῆς-Χ.
562 809 881 856 proposuimus,
906 810 1226 857 Magnitudinis
1247 811 1379 847 etiam
1399 821 1516 847 verae
1537 808 1852 846 dimensionem

403 870 432 910 ’λ
466 872 494 905 ²>
563 864 847 909 assequamur‚
869 868 911 900 vt
933 863 1181 906 innotescat,
1204 868 1394 910 quantus
1410 864 1455 900 in
1472 862 1561 909 ipso
1579 862 1707 900 Coelo
1725 861 1853 900 fuerit

226 917 427 987 [ἃμ
446 898 537 972 ᾗ
563 916 633 954 hic
650 917 873 959 Cometes;
895 917 1026 963 idque
1042 928 1118 963 per
1134 916 1343 954 visibilem
1360 916 1397 953 &
1413 921 1698 963 apparentem
1715 927 1852 962 quan-

227 974 234 993 *
290 975 298 977 *
414 962 500 992 *9
563 973 741 1014 titatem,
754 970 904 1008 habita
915 972 1009 1008 eius
1021 970 1369 1017 intercapedinis,
1383 981 1471 1016 qua
1480 968 1651 1007 aTerra
1663 969 1852 1012 distabat,

206 1027 388 1069 ratione,
405 1027 450 1062 in
467 1025 584 1062 hunc
601 1023 784 1061 modurn
799 1023 1007 1061 breuibus
1023 1023 1313 1061 absoluemus.

258 1079 401 1125 thue
417 1080 609 1125 primum
622 1077 788 1124 Capitis
804 1076 933 1124 ipfius
951 1077 1149 1115 Cometae
1166 1088 1273 1114 uera
1289 1076 1545 1123 magnitudo
1563 1075 1732 1119 constet,
1750 1076 1853 1113 assu-

205 1136 350 1170 matur
372 1143 589 1179 apparens
613 1133 706 1168 eius
729 1130 940 1168 diameter
960 1132 1233 1168 minutorum
1254 1130 1290 1173 7,
1315 1134 1528 1176 quantam
1548 1129 1616 1167 die
1638 1129 1741 1166 XIII
1762 1129 1852 1166 No-

138 1196 167 1220 15
206 1185 409 1228 uembris,
427 1197 516 1232 quo
532 1186 724 1232 primum
736 1196 762 1222 a
773 1183 900 1221 nobis
912 1182 1162 1231 conspectus
1179 1183 1245 1226 est,
1263 1183 1456 1230 diligenti
1472 1182 1853 1220 animaduerfione

204 1239 431 1282 adiuuem:
445 1249 633 1285 cumque
646 1239 691 1275 in
703 1236 1059 1275 antecedentibus
1071 1237 1125 1275 ad
1138 1236 1257 1274 hunc
1267 1236 1407 1284 ipsum
1419 1236 1534 1274 diem
1547 1235 1853 1273 Demonstrata

203 1291 250 1329 fit
262 1292 428 1338 Capitis
445 1303 471 1329 a
487 1297 635 1329 centro
651 1290 799 1328 Terrae
816 1290 1013 1328 distantia
1024 1290 1460 1328 Semidiametrorum
1476 1289 1548 1333 211,
1565 1291 1687 1327 iuxta
1699 1289 1851 1337 Hypo-

204 1345 372 1383 theseos
394 1345 548 1383 nostrae
569 1346 844 1392 exigentiam,
868 1344 967 1382 ideo
988 1355 1015 1382 a
1034 1343 1258 1391 superficie
1279 1343 1427 1380 Terrae
1449 1342 1585 1381 abfuit
1606 1354 1697 1380 una
1717 1342 1852 1380 Semi-

205 1399 418 1437 diametro
441 1400 600 1441 minus,
624 1400 684 1436 ita
706 1402 752 1435 ut
774 1399 958 1435 extiterit
978 1409 1086 1435 uera
1106 1409 1133 1435 a
1153 1397 1279 1435 nobis
1300 1408 1353 1434 eo
1374 1397 1443 1434 die
1464 1396 1632 1443 Capitis
1654 1395 1852 1434 Cometae

134 1462 167 1486 20
205 1453 389 1496 remotio
404 1451 840 1490 Semidiametrorum
857 1451 936 1488 210.
954 1450 1266 1498 Praesuppofita
1281 1452 1428 1497 itaque
1445 1449 1528 1487 hac
1543 1449 1673 1496 ipsius
1686 1449 1852 1496 Capitis

204 1517 231 1543 a
241 1505 389 1542 Terrae
406 1504 630 1552 superficie
646 1504 856 1548 distantia,
874 1515 1014 1551 eaque
1029 1516 1164 1551 quam
1176 1504 1264 1541 dixi
1277 1505 1527 1550 apparentis
1539 1502 1852 1550 magnitudinis

203 1558 418 1601 mensura,
439 1570 516 1606 per
530 1557 859 1605 subsequentem
876 1557 1217 1595 delineationem
1233 1557 1276 1595 id
1293 1556 1411 1604 quod
1427 1556 1695 1594 intendimus
1710 1558 1849 1593 mani-

204 1611 433 1650 festabitur.

258 1665 319 1703 Sit
341 1667 468 1712 igitur
490 1667 535 1702 in
558 1666 760 1712 proxima
782 1663 922 1711 figura
943 1663 1071 1702 DEC
1093 1666 1244 1711 capitis
1265 1663 1464 1701 Cometae
1487 1662 1849 1706 circumferentia,

134 1729 167 1753 25
204 1723 352 1756 centro
376 1719 409 1756 Β
433 1718 471 1756 8(
495 1717 749 1764 Quantitate
773 1717 852 1755 BC
875 1717 1175 1755 orbiculariter
1197 1716 1417 1763 descripta.
1444 1717 1546 1754 Erat
1572 1718 1690 1753 enim
1710 1715 1850 1763 ipsum

205 1771 350 1818 Caput
362 1769 509 1809 exacte
522 1771 760 1809 rotundum
772 1770 900 1808 instar
912 1770 1182 1817 reliquarum
1195 1770 1440 1808 Stellarum.
1457 1769 1623 1808 Oculus
1636 1769 1850 1807 Obserua—

203 1827 307 1862 toris
324 1824 369 1862 fit
384 1826 430 1862 in
446 1825 487 1861 A
503 1823 727 1871 superficie
739 1823 900 1867 Terrae,
917 1823 1035 1861 unde
1051 1824 1106 1861 ad
1123 1823 1262 1870 ipsum
1275 1823 1473 1862 Cometae
1490 1828 1619 1870 caput
1636 1823 1851 1860 ducantur

202 1883 288 1916 tres
310 1877 453 1921 lineae,
477 1878 559 1915 AB
581 1878 636 1915 ad
657 1877 787 1924 ipsius
807 1876 1113 1919 meditullium,
1135 1877 1225 1914 AD
1247 1876 1285 1914 8(
1306 1877 1388 1915 AC
1410 1877 1466 1914 ad
1489 1875 1851 1914 circumferentiae

204 1929 464 1969 contactum.
482 1931 567 1968 His
581 1929 848 1978 praestructis,
866 1942 966 1968 cum
978 1932 1023 1967 in
1034 1930 1275 1978 Triangulo
1287 1930 1435 1973 DCA,
1453 1930 1610 1967 Latera
1621 1929 1707 1967 DA
1720 1929 1757 1966 8(
1770 1929 1851 1967 CA

133 1995 166 2020 30
203 1984 396 2032 aequalia
420 1984 510 2027 fint,
537 1983 575 2021 &
600 1984 897 2022 eleuationem
922 1985 1073 2030 capitis
1099 1983 1298 2021 Cometae
1321 1995 1348 2021 a
1369 1983 1506 2021 Terra
1531 1982 1850 2030 repraesentent,

114 2042 179 2074 202
203 2049 338 2085 quam
359 2038 448 2076 dixi
469 2037 905 2076 Semidiametrorum
925 2037 1041 2074 fuisse
1061 2037 1141 2081 210,
1164 2048 1264 2084 quae
1285 2038 1330 2074 in
1350 2033 1576 2086 milia-uria
1597 2037 1852 2073 communia

203 2091 408 2129 nostratia
428 2090 501 2129 uel
522 2090 804 2133 Germanica,
828 2090 1026 2133 resoluta,
1051 2090 1307 2136 accipiendo
1328 2101 1406 2137 pro
1429 2090 1622 2137 qualibet
1642 2089 1851 2127 Semidia-

202 2149 342 2182 metro
363 2144 560 2182 Miliaria
581 2144 670 2188 860,
693 2143 886 2181 efficiunt
902 2143 1099 2181 Miliaria
1120 2143 1280 2187 180600,
1302 2155 1493 2190 quorum
1513 2142 1748 2180 interuallo
1766 2142 1850 2180 Co-

203 2203 319 2235 meta
335 2209 361 2235 a
377 2196 513 2235 Terra
529 2199 642 2235 circa
657 2199 850 2244 primum
867 2196 1103 2234 effulfionis
1120 2209 1146 2234 a
1162 2196 1288 2234 nobis
1304 2196 1623 2234 animaduersae
1640 2196 1768 2239 diem,
1788 2207 1851 2233 re-

132 2262 165 2286 35
203 2251 476 2288 mouebatur.
500 2251 550 2288 Et
567 2252 780 2297 quoniam
796 2250 999 2297 Angulus
1020 2249 1088 2288 his
1106 2250 1277 2288 duobus
1297 2250 1425 2287 lineis
1441 2249 1780 2296 comprehensus
1797 2248 1852 2286 est

202 2315 279 2351 per
296 2303 660 2342 Obseruationem
680 2305 953 2341 minutorum
973 2304 1009 2347 7,
1031 2315 1134 2341 eum
1155 2305 1273 2341 enim
1293 2305 1469 2341 metitur
1488 2308 1578 2341 tota
1597 2304 1749 2349 capitis
1766 2302 1850 2340 Co-

202 2362 331 2395 metae
347 2368 566 2404 apparens
582 2357 806 2400 diameter,
824 2356 862 2394 &
878 2356 1034 2403 reliqui
1052 2356 1140 2394 duo
1156 2356 1321 2404 Anguli
1339 2356 1435 2394 sunt
1456 2356 1652 2403 aequales
1672 2356 1727 2393 ob
1749 2355 1851 2393 late-

202 2422 301 2448 rum
324 2410 634 2457 aequalitatem,
659 2412 737 2448 erit
758 2409 938 2457 quilibet
962 2421 1116 2447 eorum
1138 2414 1246 2456 part.
1268 2410 1331 2448 89.
1352 2412 1457 2447 min.
1480 2410 1564 2451 563,
1589 2409 1701 2456 Ergo
1725 2409 1851 2446 datur

202 2466 378 2501 tertium
394 2463 527 2501 Latus
543 2463 631 2501 DC
648 2463 895 2500 Miliarium
911 2463 988 2501 368
1007 2462 1109 2500 fere.
1130 2463 1277 2510 Atque
1297 2468 1419 2501 tanta
1438 2462 1518 2500 fuit
1539 2462 1594 2500 ad
1615 2462 1731 2500 diem
1748 2461 1850 2499 XIII

132 2527 166 2552 40
203 2516 472 2554 Nouembris
488 2528 596 2554 uera
611 2518 763 2564 capitis
780 2516 978 2554 Cometae
994 2517 1041 2553 in
1056 2516 1145 2563 ipso
1163 2516 1292 2554 Coelo
1309 2516 1532 2554 diameter.
1795 2568 1835 2604 Α

311 2577 361 2602 22*
1839 2571 1853 2603 t
