2209 3213
358 224 432 260 294
848 216 929 253 DE
952 213 1176 253 MUNDI
1198 211 1500 249 AETHEREI

359 329 686 380 ObseruatiOne
703 322 824 366 Noui
840 326 1021 366 Sideris
1041 323 1149 372 Vsus
1170 324 1363 368 fueram,
1385 323 1462 362 hic
1477 323 1647 369 Pragae
1669 323 1805 360 erant
1823 322 1885 360 ad
1902 332 1995 361 ma-

356 397 475 427 num,
490 394 639 431 neque
651 393 705 421 ea
718 380 1023 420 commoditas
1033 379 1120 418 fuit
1130 377 1417 427 Obseruandi
1426 378 1550 417 hunc
1563 378 1811 423 Cometam,
1824 380 1995 426 quanta

356 438 477 476 Noui
486 437 611 474 illius
614 434 822 484 Jubaris‚·
838 434 960 481 quod
973 444 1077 471 cum
1091 430 1344 481 longissimo
1359 433 1578 480 tempore,
1596 432 1643 470 ὅ(
1651 433 1761 481 plus
1778 432 1828 470 15
1836 430 1995 480 Mensi-

356 494 441 529 bus
456 490 555 528 luxi
551 488 639 536 sset,
658 488 820 527 crebro
836 486 1018 525 iteratis
1033 484 1453 533 Obseruationibus,
1470 484 1656 524 Veritas
1672 486 1727 524 de
1743 496 1799 524 eo
1815 485 1995 524 confor-

355 543 475 582 mari
493 542 643 591 potuit
666 539 845 585 redtius,
873 540 920 578 id
941 540 1062 588 quod
1082 539 1129 576 in
1156 538 1343 577 Cometa
1369 538 1541 588 exiguo
1564 538 1750 577 lucente
1776 541 1994 588 tempore,
2035 546 2049 570 5

355 596 681 645 denegabatur.
704 595 864 642 Neque
887 595 1063 631 tantum
1084 593 1184 636 hoc,
1210 593 1405 630 deerant
1419 592 1558 640 plura
1579 591 1719 630 etiam
1741 593 1994 637 commoda,

356 660 458 693 quae
470 648 688 693 efficiunt,
699 649 749 685 vt
756 646 1078 695 parcertitudo
1091 643 1473 693 Obseruationum
1483 644 1530 683 in
1541 644 1617 683 his
1627 646 1756 684 nulla
1766 644 1994 695 essepossit.

356 703 487 750 Ouod
499 702 702 751 ingenue
721 699 942 739 Veritatis
958 710 1118 738 amore
1133 709 1208 737 me
1220 697 1434 747 profiteri
1446 709 1540 737 non
1552 699 1708 747 pudet.
1725 695 1740 748 ΙΙ

407 755 552 793 Postea
562 755 648 792 alio
659 756 704 792 in
714 754 868 792 eodem
878 753 1044 791 Libello
1054 753 1164 795 loco,
1174 751 1391 798 prioribus
1400 752 1485 790 suis
1495 752 1852 799 conceptionibus
1862 752 1995 791 fidem
2019 752 2084 784 366

354 809 541 856 derogat,
566 808 603 845 8(
626 808 858 846 Cometam
880 806 998 844 hunc
1021 806 1149 854 supra
1169 806 1342 844 Lunam
1365 804 1521 844 rectius
1544 805 1903 849 constituendum,
1927 806 1995 844 his
2036 812 2066 837 1⁰

355 862 495 900 verbis
512 861 740 899 attestatur.

398 916 457 962 Jn
474 914 689 964 proximo
707 914 894 953 Cometa
910 912 1040 951 Anni
1056 914 1115 957 77,
1138 912 1194 951 ob
1215 911 1381 960 causas
1391 910 1534 961 supra
1550 910 1810 962 assignatas,
1829 923 1994 961 parem

355 967 640 1018 diligentiam
667 967 887 1006 adhibere
910 978 1002 1005 non
1024 966 1167 1015 potui.
1193 967 1354 1014 Itaque
1377 965 1570 1004 minimo
1592 965 1781 1016 negotio
1803 965 1994 1005 euenire

351 1021 509 1070 potuit,
525 1023 575 1059 Vt
588 1020 705 1059 mibi
719 1031 898 1069 quoque
913 1020 960 1058 in
976 1019 1096 1059 meis
1113 1018 1384 1058 dedomenis
1400 1018 1571 1068 aliquis
1584 1030 1719 1058 error
1730 1018 1993 1068 obrepserit.

354 1076 472 1113 Nam
489 1073 583 1123 ipse
593 1085 718 1113 nunc
729 1075 912 1113 demum
924 1072 1198 1121 infecundis
1209 1071 1334 1121 hisce
1344 1071 1466 1111 meis
1477 1071 1839 1122 cogitationibus
1850 1072 1993 1111 anim·
2035 1078 2064 1103 1⁵

354 1127 544 1173 aduerti,
569 1127 836 1166 Parallaxin
861 1138 888 1165 a
910 1138 986 1165 me
1008 1125 1289 1174 assignatam,
1314 1128 1521 1175 acceptae
1545 1123 1766 1173 distantiae
1791 1126 1994 1165 Cometae

355 1180 541 1229 diuersis
564 1180 706 1220 Horis
729 1192 756 1219 a
778 1180 947 1219 vicinis
972 1180 1143 1225 SteIIis,
1170 1180 1216 1218 ἄν
1233 1179 1314 1218 vix
1335 1181 1359 1217 4
1382 1181 1463 1218 aut
1482 1180 1511 1217 5
1524 1177 1759 1228 scrupulis
1783 1179 1991 1225 variatae,

353 1233 630 1283 respondere
645 1245 737 1273 non
750 1232 881 1283 posse.
897 1235 1059 1283 Itaque
1071 1233 1200 1272 illum
1214 1244 1395 1282 quoque
1409 1232 1646 1272 Cometam
1658 1244 1748 1283 ego
1751 1232 1895 1282 supra
1906 1234 1992 1272 Lu-

354 1299 462 1326 nam
479 1288 797 1326 coIIocandum
814 1286 1063 1336 censerem.

406 1342 455 1379 In
471 1341 588 1379 hunc
603 1341 785 1379 modum
802 1343 991 1388 optimus
1003 1340 1074 1378 ille
1087 1341 1175 1383 Vir,
1191 1352 1271 1387 pro
1283 1342 1487 1388 ingenuo,
1505 1352 1594 1387 quo
1606 1340 1814 1387 praeditus
1826 1340 1880 1378 est
1892 1352 1993 1388 erga
2030 1345 2064 1371 20

352 1395 553 1432 Veritatis
571 1394 905 1441 inquifitionem,
927 1406 1090 1437 amore,
1112 1393 1245 1432 libere
1261 1394 1388 1432 suum
1405 1405 1598 1432 errorem
1614 1395 1728 1432 circa
1743 1393 1993 1432 Parallaxes

352 1447 483 1485 huius
496 1447 693 1486 Cometae
709 1448 877 1491 fatetur,
896 1447 933 1485 8(
949 1450 1140 1495 priorem
1152 1447 1421 1486 Sententiam
1432 1447 1587 1485 lubens
1602 1452 1791 1492 reuocat,
1808 1449 1992 1485 irritam-

353 1513 436 1547 que
453 1501 564 1544 facit,
581 1512 771 1548 eumque
787 1501 915 1548 supra
931 1501 1104 1539 Lunam
1122 1501 1305 1544 extitisse‚
1322 1500 1560 1545 nobiscum,
1577 1502 1777 1548 proprias
1792 1500 1890 1539 suas
1906 1500 1992 1539 Ob-

352 1554 617 1592 seruationes
633 1556 821 1601 penitius
838 1554 1148 1597 examinando,
1164 1554 1338 1601 prorsus
1355 1554 1573 1592 consentit.
1591 1554 1691 1592 Dici
1701 1554 1803 1592 sane
1815 1566 1907 1592 non
1917 1566 1992 1602 po-

352 1608 435 1651 test,
457 1620 591 1654 quam
611 1613 837 1655 acceptum
857 1608 965 1646 mihi
984 1607 1112 1646 fuerit
1130 1607 1226 1651 hoc,
1248 1609 1578 1655 quamprimum
1593 1607 1696 1646 hinc
1711 1609 1992 1655 perciperem,
2031 1613 2064 1638 2⁵

352 1660 627 1699 Thaddaeum
647 1663 837 1708 priorem
856 1662 1138 1709 Opinionem,
1160 1673 1260 1708 quae
1280 1661 1546 1704 nullatenus,
1567 1661 1637 1699 vel
1656 1660 1786 1699 saluis
1806 1663 1993 1709 proprijs

353 1714 480 1761 ipfius
498 1714 896 1757 obseruationibus,
917 1715 1108 1753 constare
1124 1717 1275 1762 potuit,
1297 1715 1408 1753 adeo
1425 1720 1572 1762 aperte
1589 1713 1832 1758 retractare,
1849 1714 1887 1752 &
1902 1714 1992 1762 lap-

352 1767 445 1805 sum
464 1769 583 1814 prius
604 1769 870 1806 commissum
890 1770 1079 1816 ingenue
1096 1768 1232 1812 fateri,
1254 1768 1595 1815 emendareque;
1617 1768 1993 1815 quemadmodum

354 1833 443 1858 non
459 1820 640 1859 libenter
651 1822 865 1865 videbam,
883 1833 984 1859 eum
1000 1823 1045 1859 in
1062 1822 1278 1869 prioribus
1291 1821 1466 1869 Scriptis
1482 1826 1571 1859 tam
1584 1833 1745 1869 magno
1759 1821 1993 1859 interuallo

354 1885 379 1911 a
392 1874 531 1921 Scopo
548 1874 769 1912 deflexisse.
786 1875 833 1913 Id
850 1877 967 1912 enim
979 1875 1182 1913 Veritatis
1196 1877 1309 1913 circa
1321 1875 1608 1913 Cometarum
1620 1880 1782 1913 certam
1792 1876 1993 1913 notitiam
2030 1879 2064 1904 30

354 1938 444 1964 non
454 1927 599 1965 leuem
611 1926 822 1966 iadiuram
833 1928 1124 1976 praesagiebat.
1138 1928 1363 1976 Siquidem
1375 1928 1580 1966 omnibus
1589 1930 1634 1966 in
1644 1928 1876 1975 propatulo
1889 1932 1991 1972 erat,

355 1992 455 2017 eum
466 1980 620 2018 Virum
636 1993 726 2018 non
742 1981 890 2019 saltem
906 1981 1132 2019 excellenti
1144 1980 1356 2020 Dodtrina
1368 1981 1405 2019 8(
1418 1982 1582 2019 Iudicio
1598 1981 1757 2026 valere,
1774 1981 1844 2020 sed
1861 1983 1992 2019 etiam

354 2044 513 2080 magna
528 2033 733 2072 industria
749 2034 786 2071 &
802 2034 1036 2079 sedulitate,
1057 2035 1087 2072 fi
1107 2035 1321 2082 quispiam
1341 2035 1466 2078 alius,
1487 2036 1534 2072 in
1554 2034 1622 2072 his
1638 2034 1735 2082 ipfis
1751 2035 1807 2073 ad
1823 2037 1991 2073 certitu-

355 2086 501 2123 dinem
518 2088 775 2133 penitiorem
792 2088 1065 2126 contendere.
1088 2088 1286 2126 Dialexis
1302 2090 1434 2126 etiam
1451 2090 1556 2132 eius,
1574 2100 1674 2135 quae
1690 2088 1913 2126 saniorum
1928 2089 1991 2126 iu-

355 2138 478 2182 dicio,
500 2140 552 2177 de
573 2140 705 2178 Noua
725 2140 856 2178 Stella
877 2143 938 2178 rei
959 2142 1210 2188 quaerendae
1231 2142 1451 2185 nucleum,
1472 2153 1563 2189 prae
1584 2141 1732 2179 multis
1753 2141 1862 2189 alijs,
1883 2153 1991 2188 prae-
2030 2151 2063 2176 35

354 2191 495 2229 sertim
516 2189 530 2241 ΙΙ
551 2204 639 2238 quo
660 2193 714 2230 ad
735 2193 998 2236 Parallaxes,
1021 2194 1332 2239 manifestabat,
1356 2195 1468 2233 adeo
1488 2200 1531 2232 vt
1552 2194 1696 2238 nullis,
1720 2194 1797 2232 nifi
1819 2194 1992 2241 prorsus
2016 2198 2080 2230 367

354 2244 507 2292 inscijs,
525 2245 562 2282 &
574 2245 753 2284 Veritati
769 2246 869 2284 data
886 2259 1019 2293 opera
1035 2248 1330 2291 resistentibus,
1348 2247 1672 2286 contradicendi
1684 2247 1754 2285 vel
1765 2247 1992 2286 dubitandi

354 2297 475 2336 locus
492 2298 819 2345 relinqueretur,
836 2301 1095 2338 iamdudum
1111 2301 1186 2348 ipsi
1202 2300 1317 2339 hanc
1329 2300 1655 2339 Authoritatem
1669 2300 1707 2338 8(
1721 2300 1903 2339 Famam
1920 2313 1991 2348 pe-

355 2356 534 2397 pererat,
552 2357 594 2389 vt
610 2352 662 2389 de
680 2352 873 2390 Cometis
891 2355 1021 2391 etiam
1037 2366 1127 2400 prae
1144 2356 1310 2392 caeteris
1326 2353 1482 2393 red'tius
1503 2366 1605 2392 eum
1625 2354 1931 2397 iudicaturum,
1954 2353 1992 2391 &

355 2404 406 2441 de
432 2416 585 2441 eorum
610 2405 922 2448 Parallaxibus,
951 2419 1050 2452 quae
1075 2408 1333 2454 potissimum
1358 2408 1603 2455 cognitione
1629 2407 1771 2455 dignae
1796 2409 1990 2450 veniunt,
2029 2417 2063 2442 40

354 2458 459 2494 citra
485 2469 662 2494 omnem
689 2460 845 2496 erroris
870 2459 1165 2505 suspicionem,
1196 2461 1251 2498 ad
1280 2461 1395 2508 scopi
1425 2465 1623 2498 centrum
1652 2460 1990 2504 collimaturum,

355 2521 508 2547 omnes
529 2512 712 2557 aequiori
733 2516 876 2549 mente
897 2513 1066 2558 praediti
1087 2513 1211 2551 facile
1233 2514 1532 2551 consentirent.
1555 2513 1638 2551 Sed
1660 2515 1719 2551 ita
1739 2518 1992 2603 00111113ῐᾶίέ

1937 2577 1959 2603 e
