2209 3213
350 231 389 267 12
840 224 1170 292 DEMUNDI
1191 223 1492 261 AETHEREI

404 335 583 371 Instante
606 333 730 369 Hora
751 333 786 374 6,
809 331 984 369 distabat
1005 343 1031 368 a
1051 330 1260 368 lucidiore
1276 328 1471 366 Vulturis
1491 328 1679 366 volantis
1695 327 1839 371 Stella,
1861 328 1903 365 P.
1921 328 1982 365 26.

351 388 412 424 M.
430 388 491 427 48,
514 386 550 422 8(
572 386 625 423 ab
646 385 839 422 inferiori
861 386 905 421 in
927 395 1063 421 cornu
1084 389 1108 423 z
1128 383 1170 420 P.
1188 383 1241 419 21.
1259 382 1322 419 M.
1340 382 1393 419 19.
1416 381 1503 419 Sub
1520 382 1636 419 idem
1653 383 1784 418 etiam
1799 385 1983 428 tempus,

350 440 574 477 videbatur
586 439 707 475 locus
720 439 869 484 capitis
882 437 1078 474 Cometae
1096 435 1249 473 cadere
1265 436 1312 472 in
1328 434 1491 472 lineam
1508 432 1681 478 10613111,
1699 445 1799 481 quae
1815 434 1986 471 ducitur

350 505 375 530 a
392 493 535 529 medio
552 491 685 537 spatio
702 492 812 527 inter
828 489 952 527 binas
969 495 1184 527 extremas
1200 490 1246 525 in
1262 487 1422 525 sinistra
1437 487 1509 525 ala
1525 487 1678 535 Cygni,
1698 498 1775 534 per
1790 486 1985 524 Vulturis

349 545 535 582 volantis
556 544 757 586 lucidam,
780 543 909 590 idque
930 545 975 579 in
996 541 1205 579 limitibus
1222 543 1306 578 viae
1322 539 1504 583 Lac’teae,
1523 540 1595 578 vbi
1611 552 1664 578 ea
1679 542 1724 577 in
1741 540 1851 577 duos
1867 539 1986 587 quafi

350 609 494 635 ramos
511 598 751 644 porrigitur.

403 650 586 693 Deinde,
604 661 703 687 cum
720 649 876 686 mediae
893 653 1035 695 partes
1047 647 1264 685 Asterismi
1276 647 1454 685 Orionis
1471 648 1516 684 in
1532 651 1630 684 ortu
1646 646 1783 690 essent,
1801 645 1987 684 Cometa

350 703 548 741 occasum
564 708 707 749 petere
724 702 966 744 videbatur:
989 700 1384 738 Interuenientibus
1403 705 1552 738 tamen
1573 698 1774 743 nubibus,
1797 698 1834 736 8(
1854 699 1987 736 huius

350 758 411 793 rei
425 753 620 793 exactam
633 755 933 792 certitudinem
944 753 1292 801 impedientibus.
1311 753 1467 791 Cauda
1480 752 1690 795 Cometae,
1704 751 1788 789 hoc
1799 751 1986 799 vespere,

351 808 688 855 protendebatur
703 807 848 845 versus
865 808 973 845 duas
989 809 1034 844 in
1051 806 1254 844 cornibus
1275 812 1315 850 z,
1336 808 1407 849 ita,
1428 810 1472 843 vt
1491 805 1685 852 superior
1705 804 1858 842 caudae
1874 816 1986 851 pars,

353 861 602 899 inferiorem
626 872 789 904 earum,
813 860 888 898 sua
911 862 1192 903 extremitate,
1217 859 1336 906 quasi
1359 860 1607 906 contingere
1630 858 1860 895 videretur.
1887 857 1988 895 Erat

353 920 499 952 autem
516 913 757 957 arcualiter,
774 918 815 950 vt
831 913 959 960 supra
974 913 1075 957 dixi,
1092 912 1255 950 inflexa
1271 911 1370 949 &in
1385 911 1472 949 fine
1494 911 1633 954 latior,
1654 911 1877 958 pauloque
1898 922 1987 948 am-

352 968 475 1015 plior,
493 978 625 1013 quam
642 968 754 1004 circa
769 967 1058 1004 medietatem.

406 1020 505 1057 DIE
516 1020 650 1057 XIIII.
664 1020 791 1057 Hora
800 1020 836 1057 4.
847 1019 909 1056 M.
920 1019 982 1057 50.
996 1018 1275 1066 deprehendi,
1287 1020 1398 1055 inter
1410 1029 1566 1065 corpus
1576 1017 1787 1060 Cometae,
1800 1016 1838 1054 &
1849 1016 1988 1054 Lunae

353 1073 536 1110 limbum
552 1072 626 1119 ipfi
642 1074 904 1119 proximum,
921 1072 963 1109 P.
980 1072 1042 1110 26.
1060 1072 1123 1109 M.
1139 1072 1202 1110 25.

408 1126 589 1163 Instante
606 1136 710 1163 vero
726 1125 853 1163 Hora
867 1125 903 1162 6.
921 1125 1097 1163 distabat
1113 1136 1139 1162 a
1154 1124 1299 1162 lucida
1310 1123 1505 1161 Vulturis
1516 1123 1716 1167 volantis,
1733 1123 1776 1160 P.
1789 1122 1851 1160 23.
1864 1122 1988 1160 Scru-

354 1179 468 1225 pulis
483 1178 545 1215 23.
563 1178 616 1216 ab
638 1177 830 1216 inferiori
851 1189 988 1216 cornu
1008 1184 1032 1217 Z
1052 1178 1094 1215 P.
1112 1178 1164 1215 18.
1181 1177 1244 1214 Μ.
1262 1177 1324 1215 26.
1342 1189 1368 1215 a
1384 1176 1516 1215 Stella
1532 1176 1707 1214 Saturni
1723 1176 1766 1213 P.
1783 1176 1836 1213 10.
1854 1175 1917 1213 M.
1935 1175 1987 1213 12.

409 1231 564 1269 Cauda
586 1231 783 1269 Cometae
803 1243 895 1268 non
915 1231 1115 1278 amplius,
1136 1230 1225 1268 visa
1246 1230 1300 1267 est
1320 1232 1366 1267 in
1386 1229 1583 1267 hesterno
1604 1229 1714 1273 loco,
1738 1231 1797 1266 ita
1816 1234 1859 1266 vt
1879 1228 1989 1266 sum-

354 1287 481 1321 mitas
497 1283 596 1321 finis
613 1284 728 1321 illius
744 1289 937 1331 tangeret
952 1283 1202 1321 inferiorem
1218 1284 1264 1320 in
1281 1294 1417 1320 cornu
1438 1288 1482 1325 Z:
1499 1283 1676 1326 Verum,
1693 1281 1872 1319 inferior
1890 1293 1990 1329 pars

356 1338 635 1374 extremitatis
657 1337 808 1374 caudae
829 1337 1063 1384 attingebat
1082 1336 1329 1383 supremam
1350 1335 1529 1373 Stellam
1549 1337 1594 1372 in
1615 1346 1752 1372 cornu
1774 1340 1815 1379 Z,
1836 1335 1990 1372 eadem

356 1393 585 1427 incuruata
600 1401 757 1436 parurn
774 1389 975 1427 existente
991 1395 1034 1426 vt
1050 1391 1181 1436 prius.
1199 1385 1213 1438 ΙΙ

409 1442 508 1479 DIE
528 1442 621 1479 XV.
646 1441 774 1480 Circa
796 1442 953 1480 horam
973 1442 1009 1486 6,
1033 1442 1209 1480 distabat
1230 1441 1417 1480 Cometa
1437 1452 1463 1479 a
1482 1441 1628 1479 lucida
1647 1440 1842 1478 Vulturis
1863 1441 1905 1478 P.
1927 1441 1989 1478 20.

356 1496 418 1533 M.
435 1495 498 1532 25.
516 1494 584 1532 Ab
601 1495 795 1532 inferiori
810 1497 856 1532 in
873 1507 1009 1532 cornu
1029 1501 1054 1535 z
1074 1495 1116 1532 P.
1134 1495 1186 1532 16.
1204 1495 1268 1532 M.
1285 1495 1338 1532 14.

409 1548 577 1585 Caudae
594 1550 840 1585 extremitas
857 1548 1155 1595 porrigebatur
1170 1547 1315 1585 versus
1332 1547 1485 1585 Stellas
1501 1549 1547 1584 in
1562 1547 1696 1585 linteo
1712 1546 1884 1584 finistrae
1900 1559 1990 1584 ma-

356 1612 439 1638 nus
455 1610 513 1643 zzz,
530 1600 707 1638 distabat
722 1612 826 1638 vero
842 1600 1021 1638 inferior
1036 1613 1136 1648 pars
1152 1601 1318 1644 caudae,
1335 1612 1362 1638 a
1378 1600 1715 1647 Septentrionali
1731 1602 1776 1638 in
1792 1611 1930 1638 cornu
1950 1606 1990 1643 Z,

352 1653 513 1700 aequali
534 1653 742 1698 distantia,
764 1665 864 1691 cum
885 1654 1207 1701 intercapedine
1224 1653 1465 1691 earundem
1481 1654 1670 1691 duarum
1685 1655 1730 1690 in
1746 1665 1884 1691 cornu
1899 1653 1990 1691 fita-

352 1718 461 1744 rum.
484 1706 577 1744 Nec
598 1706 787 1753 amplius
807 1707 895 1744 lata
915 1707 1026 1744 adeo
1042 1707 1270 1745 videbatur
1289 1709 1335 1744 in
1355 1705 1455 1750 fine,
1476 1706 1546 1744 l'ed
1565 1708 1710 1753 potius
1726 1708 1990 1750 acuminata,

352 1759 435 1797 hoc
451 1759 624 1806 vespere
641 1759 994 1807 conspiciebatur.

406 1812 540 1850 Color
556 1814 707 1859 capitis
719 1813 916 1850 Cometae
933 1818 1024 1850 erat
1040 1812 1183 1851 adhuc
1199 1812 1400 1860 pallidus,
1418 1812 1455 1850 8(
1471 1812 1687 1850 subliuida
1702 1812 1904 1850 albedine
1918 1812 1990 1850 ob-

352 1865 464 1909 litus,
482 1865 637 1903 Cauda
648 1877 764 1910 vero,
782 1877 870 1913 quo
881 1868 1059 1913 propior
1071 1868 1212 1914 capiti,
1229 1877 1281 1904 eo
1294 1871 1385 1904 erat
1395 1865 1591 1910 lucidior,
1605 1867 1651 1903 in
1662 1865 1749 1903 fine
1762 1865 1991 1903 obscurum

353 1918 573 1965 quendam
589 1918 775 1956 liuorem
790 1930 880 1965 prae
896 1919 936 1956 se
952 1919 1107 1957 ferens.

406 1971 694 2017 Sequentibus
715 1977 902 2018 quatuor
923 1972 1086 2016 diebus,
1107 1972 1224 2019 apud
1245 1983 1339 2015 nos,
1360 1973 1449 2009 Aer
1468 1977 1558 2010 erat
1574 1971 1712 2009 denfis
1728 1971 1990 2010 obscuritati-

352 2023 433 2061 bus
449 2023 642 2067 refertus‚
660 2036 759 2071 quae
776 2025 973 2062 Cometae
990 2024 1208 2072 aspedlum
1224 2025 1581 2069 intercludebant,
1603 2025 1644 2062 18
1661 2025 1729 2062 die
1745 2036 1836 2062 non
1852 2024 1991 2062 solum

352 2076 589 2120 tenebroso,
613 2077 682 2115 sed
706 2079 837 2115 etiam
860 2078 1099 2115 admodum
1123 2078 1331 2116 nebuloso
1352 2077 1566 2121 existente,
1590 2078 1631 2115 19
1650 2077 1991 2124 Tempestatibus

352 2129 595 2167 Ventorum
611 2129 649 2167 8(
664 2130 917 2177 pluuiarum
933 2133 1087 2168 acriter
1102 2131 1320 2175 saeuiente,
1338 2142 1486 2177 quare,
1502 2130 1633 2178 vsque
1647 2132 1693 2168 in
1706 2130 1823 2168 diem
1838 2131 1900 2175 20,
1918 2130 1990 2168 ob-

352 2182 537 2220 seruatio
555 2183 752 2220 Cometae
768 2183 901 2221 dilata
917 2183 983 2221 est.

406 2235 506 2272 DIE
522 2235 617 2273 XX.
640 2235 722 2272 Etfi
738 2248 828 2273 non
844 2236 974 2283 vsque
991 2236 1102 2274 adeo
1119 2236 1262 2274 adhuc
1278 2236 1479 2274 serenum
1495 2237 1600 2278 esset.
1621 2241 1769 2274 tamen
1785 2236 1882 2274 satis
1898 2236 1990 2274 dili-

353 2293 500 2335 genter
521 2288 749 2326 obseruare
770 2289 901 2333 licuit,
923 2289 1102 2327 instante
1124 2290 1252 2328 Hora
1271 2290 1296 2327 6
1315 2289 1569 2337 vespertina,
1589 2294 1679 2327 tam
1699 2301 1775 2336 per
1791 2289 1990 2332 Radium‚

353 2352 487 2387 quam
509 2352 585 2388 per
608 2341 857 2379 Sextantem
877 2342 1242 2386 Astronomicum,
1266 2342 1383 2390 quod
1405 2342 1590 2381 Cometa
1613 2342 1781 2380 distaret
1801 2354 1827 2380 a
1847 2342 1992 2380 lucida

353 2393 547 2431 Vulturis
572 2394 614 2431 P.
637 2395 680 2432 ll.
707 2394 770 2432 M.
792 2396 827 2433 7.
853 2395 1160 2433 Animaduerti
1186 2398 1317 2433 etiam
1342 2396 1498 2433 eodem
1523 2395 1705 2439 instanti,
1731 2395 1849 2442 quod
1874 2395 1991 2432 linea

353 2445 478 2490 recia,
501 2458 600 2493 quae
621 2447 791 2485 ducitur
806 2460 832 2485 a
849 2448 974 2496 Lyrae
994 2448 1150 2492 lucida,
1172 2460 1248 2495 per
1263 2448 1458 2486 Vulturis
1477 2447 1635 2486 (11613111
1651 2447 1842 2491 Stellam,
1863 2448 1990 2485 relin-

354 2499 512 2546 quebat
530 2500 761 2537 Cometam
776 2501 922 2538 versus
940 2501 1163 2545 Occasum,
1186 2501 1305 2548 quafi
1321 2501 1375 2539 ad
1392 2501 1576 2548 spatium
1592 2503 1720 2538 vnius
1738 2501 1909 2548 gradus,
1930 2501 1991 2538 id-

1906 2565 1990 2600 que

2022 389 2042 420 ÷

2024 552 2039 577 5

2029 816 2059 841 10

2030 1081 2060 1106 15

2029 1347 2062 1372 20

2028 1447 2048 1532 —1-00

2029 1613 2063 1637 25

2028 1878 2062 1903 30

2028 2143 2062 2168 35

2029 2407 2062 2431 40
