2209 3213
497 196 1017 237 RECENTIORIBUS
1037 198 1496 238 PHAENOMENIS
1751 200 1818 238 105

178 305 241 343 Μ.
258 305 311 348 19,
328 304 499 342 dabitur
514 307 609 351 pari
625 306 794 342 ratione
811 305 903 349 BC,
920 305 962 342 P.
975 305 1038 343 20.
1056 305 1119 343 M.
1132 306 1185 344 51.
1203 305 1243 344 S.
1255 305 1318 350 36,
1336 317 1436 352 quae
1453 307 1597 343 minor
1614 305 1668 343 est
1685 317 1819 352 quam

177 358 274 402 BD,
291 357 354 395 M.
372 358 425 395 14.
443 357 482 395 S.
499 357 562 395 42.
579 359 725 404 Atque
742 360 973 396 intantum
990 357 1177 396 Cometa
1193 358 1327 406 spatio
1344 359 1367 396 3
1384 358 1608 402 horarum,
1628 357 1819 406 respectu

176 416 321 448 motus
341 410 499 455 diurni,
520 410 865 458 promouebatur
885 410 1030 448 versus
1050 411 1112 449 Os
1132 411 1289 459 Pegafi.
1310 412 1368 449 At
1388 423 1465 459 per
1481 412 1820 450 Obseruationes

176 463 289 501 visus
306 463 360 501 est
376 465 629 510 promoueri
646 463 709 501 M.
727 465 794 508 114,
816 463 1116 502 deficientibus
1137 463 1328 511 respectu
1348 467 1513 502 itineris
1529 465 1688 508 diurni,
1710 465 1820 502 scru-

175 516 290 564 pulis
310 516 333 554 3
354 516 552 554 l'ecundis
572 516 625 554 12.
647 516 840 555 Tantum
860 519 988 564 igitur
1007 518 1218 555 retardari
1236 517 1351 555 visus
1372 518 1426 556 est
1443 518 1630 556 Cometa
1650 520 1820 556 ratione

176 569 468 613 Parallaxeos,
486 581 586 607 cum
601 574 750 607 tamen
766 581 843 617 per
858 575 1061 617 quartam
1076 570 1236 618 gradus
1247 576 1415 618 partem
1426 571 1559 609 fuisset
1571 574 1664 609 eius
1676 576 1821 609 motus

175 633 392 670 apparens
408 622 631 666 inhibitus,
652 622 681 660 fi
700 625 746 660 in
762 625 964 670 proxima
980 625 1252 661 concauitate
1270 624 1399 662 Orbis
1416 624 1603 662 Lunaris
1620 625 1819 662 extitisset.

178 675 458 723 Quapropter
480 687 571 713 non
593 675 736 714 licebit
760 678 1010 723 propiorem
1035 676 1182 714 locum
1207 677 1262 714 ad

92 894 152 927 120
175 890 377 936 proxima
410 890 654 926 remotione
684 884 699 938 ΙΙ
727 893 1022 926 trecentorum
1052 888 1261 926 Semidia-

175 728 357 767 Terram
373 728 449 776 ipfi
464 729 681 776 assignare,
703 740 838 776 quam
854 731 899 766 in
916 728 1114 767 distantia
1128 734 1261 773 tanta,
1298 706 1352 754 *A

110 794 140 820 ιο
176 787 220 820 vt
236 781 471 820 retardatio
487 781 595 826 haec,
613 793 713 829 quae
727 781 773 820 fit
784 793 861 829 per
872 782 1135 826 Parallaxin‚
1152 782 1261 820 seru·
1350 743 1743 987 ‚B

175 835 280 883 pula
304 837 419 873 trina
442 846 534 872 non
559 835 748 873 multum
773 835 965 879 excedat,
995 835 1039 873 id
1068 835 1187 882 quod
1216 837 1262 873 in
1781 828 1821 865 D

174 946 416 979 metrorum
431 941 580 979 Terrae
597 943 775 979 euenire
792 941 1017 989 colligitur.
1036 941 1127 979 Illic
1143 943 1262 979 enim
1296 959 1334 1000 C
1370 830 1795 1002 l

109 1060 137 1085 15

105 1326 139 1351 20

106 1592 140 1617 25

110 1857 142 1882 30

111 2121 143 2146 35

112 2386 145 2412 40

175 994 429 1042 (repetendo
458 994 754 1041 praecedentes
782 994 1041 1042 Figurarum
1071 994 1262 1032 delinea-

174 1049 327 1092 tiones,
351 1047 389 1085 &
412 1047 627 1085 seruando
650 1047 833 1085 fimilem
853 1047 1247 1085 Demonstrationis
1267 1046 1482 1092 tenorem)
1505 1046 1560 1084 est
1581 1046 1821 1086 Parallaxis

174 1103 220 1139 in
236 1100 415 1139 Circulo
426 1100 681 1138 Altitudinis
697 1100 752 1138 ad
769 1102 958 1148 primam
971 1100 1336 1139 Obseruationem
1348 1100 1476 1138 Hora
1492 1100 1538 1139 52}-
1554 1098 1725 1144 saetam,
1742 1103 1819 1139 mi-

174 1159 383 1192 nutorum
398 1153 573 1201 praecise
590 1153 644 1198 10,
660 1155 706 1191 in
722 1153 944 1201 posteriori
959 1165 1064 1191 vero
1081 1153 1210 1192 Hora
1225 1153 1261 1192 8.
1279 1153 1342 1191 M.
1360 1153 1410 1191 35
1426 1152 1506 1191 fuit
1522 1153 1677 1191 eadem
1694 1154 1757 1192 M.
1775 1156 1819 1192 11.

175 1207 215 1246 S.
231 1207 285 1245 21.
308 1206 427 1244 Hinc
448 1206 662 1254 colligitur
681 1206 922 1245 Parallaxis
943 1207 1246 1255 Longitudinis
1266 1208 1409 1254 prima
1429 1206 1492 1244 M.
1510 1207 1545 1245 7.
1566 1206 1605 1245 S.
1622 1208 1685 1251 50,
1707 1208 1819 1246 Lati-

174 1260 337 1298 tudinis
353 1260 417 1298 M.
433 1260 469 1298 5.
487 1259 527 1298 S.
544 1260 607 1304 58,
624 1259 834 1298 Posterior
848 1271 953 1298 vero
969 1260 1273 1308 Longitudinis
1285 1260 1348 1298 M.
1362 1260 1414 1298 10.
1428 1259 1467 1298 S.
1480 1260 1543 1304 27,
1560 1260 1820 1299 Latitudinis

176 1313 239 1351 M.
256 1313 291 1351 4.
315 1313 356 1351 S.
373 1313 435 1351 23.
460 1313 610 1360 Quare
632 1312 662 1351 fi
685 1313 882 1351 distantia
903 1315 1058 1360 prima,
1081 1318 1211 1360 prout
1233 1313 1443 1352 Calculus
1466 1315 1607 1361 exigit,
1631 1320 1821 1361 ponatur

175 1366 218 1404 P.
235 1366 289 1404 21.
307 1366 370 1404 M.
388 1366 441 1404 12.
459 1366 498 1405 S.
515 1366 579 1410 25,
596 1368 674 1404 erit
690 1366 827 1405 altera
843 1366 1053 1411 distantia,
1069 1366 1112 1404 P.
1125 1366 1178 1405 21.
1197 1366 1260 1405 M.
1272 1367 1308 1405 0.
1322 1366 1362 1405 S.
1375 1367 1438 1410 44,
1455 1372 1498 1404 vt
1513 1366 1559 1404 fit
1575 1367 1821 1406 differentia

175 1419 393 1467 vtriul'que
405 1420 472 1464 ΗΞ,
490 1419 667 1467 qualem
680 1419 938 1458 obseruatio
949 1419 1147 1467 praebuit.
1161 1420 1279 1458 Patet
1290 1422 1437 1467 itaque
1450 1420 1568 1467 quod
1580 1422 1821 1467 proximior

175 1473 252 1511 esse
268 1484 360 1511 non
375 1475 530 1520 poterit
547 1472 745 1511 Cometae
761 1472 862 1511 situs
882 1473 938 1511 ad
958 1473 1084 1511 illum
1104 1473 1233 1517 diem,
1255 1485 1390 1521 quam
1410 1475 1456 1511 in
1476 1476 1720 1512 remotione
1740 1480 1820 1512 tre-

176 1531 403 1564 centorum
428 1527 593 1564 circiter
616 1525 1052 1564 Semidiametrorum
1072 1526 1233 1571 Terrae,
1258 1527 1373 1564 vnde
1398 1526 1533 1564 sexies
1558 1526 1647 1565 fere
1672 1528 1770 1574 plus
1795 1539 1821 1566 a

177 1579 303 1617 nobis
324 1578 514 1623 distabat,
538 1590 672 1626 quam
692 1581 894 1626 proxima
914 1581 1167 1618 concauitas
1188 1579 1317 1618 Orbis
1338 1579 1537 1618 Lunaris.
1562 1580 1753 1628 Ideoque
1775 1582 1821 1618 in

177 1632 267 1680 ipso
283 1632 476 1676 AEthere,
492 1643 583 1670 non
599 1632 727 1680 longe
743 1644 770 1670 a
785 1632 969 1670 Veneris
983 1632 1174 1671 Orbibus
1190 1633 1337 1671 locum
1353 1632 1586 1678 obtinebat,
1603 1634 1722 1681 quod
1738 1633 1821 1672 hac

177 1687 346 1723 ratione
375 1687 564 1733 penitius
594 1685 919 1723 enucleandum
944 1685 1433 1733 Demonstrandumque
1463 1692 1565 1724 erat.
1597 1686 1821 1725 Consentit

178 1743 326 1776 autem
347 1744 445 1786 apte
466 1738 552 1785 ipse
573 1744 718 1776 motus
739 1738 949 1782 Diurnus‚
971 1741 1084 1777 intra
1105 1738 1334 1786 Sphaeram
1355 1739 1467 1777 Solis
1488 1739 1526 1777 &
1547 1740 1685 1778 Lunae
1706 1740 1821 1778 fuisse

178 1791 297 1829 hunc
318 1791 568 1835 Cometam;
589 1791 800 1839 siquidem
820 1791 967 1830 cursus
988 1793 1081 1830 eius
1102 1792 1298 1835 diurnus.
1320 1804 1421 1830 cum
1441 1793 1694 1831 celerrimus
1715 1794 1821 1837 esset,

178 1845 341 1883 tardior
356 1844 495 1882 multo
512 1850 603 1882 erat
619 1845 796 1889 Lunari,
814 1844 851 1882 8(
868 1845 1048 1883 celerior
1064 1845 1217 1890 Solari‚
1235 1846 1611 1893 quemadmodum
1629 1848 1761 1884 etiam
1777 1849 1822 1884 in

180 1909 233 1936 ea
247 1898 506 1936 intermedia
522 1897 714 1936 AEtheris
729 1900 906 1946 regione
922 1897 1017 1936 fieri
1033 1904 1234 1946 oportere
1250 1898 1593 1937 consentaneum
1609 1899 1675 1937 est.

232 1950 409 1990 Constat
431 1953 591 1998 itaque,
617 1950 830 1999 superque
852 1951 951 1989 satis
974 1951 1331 1990 Demonstratum
1354 1952 1420 1997 est,
1447 1952 1680 1991 Cometam
1706 1953 1824 1991 hunc

180 2015 270 2042 non
283 2004 399 2042 fuisse
410 2003 558 2042 Terrae
574 2006 837 2051 propiorem,
855 2016 989 2051 quam
1006 2004 1061 2042 est
1077 2004 1274 2043 distantia
1285 2005 1363 2043 300
1374 2005 1823 2050 Semidiametrorum,

181 2057 218 2095 8(
234 2057 289 2095 ob
305 2058 348 2095 id
364 2059 478 2095 intra
489 2057 720 2105 Sphaeram
732 2057 871 2095 Lunae
884 2057 921 2095 8(
933 2057 1045 2096 Solis
1058 2059 1242 2096 extitisse.
1259 2058 1415 2096 Vtrum
1427 2071 1532 2097 vero
1544 2059 1672 2097 altior
1683 2059 1823 2103 fuerit,

181 2122 315 2158 quam
330 2115 391 2148 tot
405 2110 554 2148 Terrae
571 2110 892 2149 Semidiametri
908 2112 1097 2159 exigunt,
1119 2123 1210 2149 non
1226 2110 1419 2150 exac'tius
1437 2112 1534 2150 licet
1551 2112 1823 2150 concludere.

180 2163 289 2202 Sunt
312 2166 430 2201 enim
450 2163 700 2202 Parallaxes
723 2165 769 2201 in
791 2169 912 2202 tanta
934 2166 1177 2202 remotione
1200 2165 1441 2203 admodum
1465 2168 1647 2213 exiguae,
1672 2166 1709 2203 8(
1732 2166 1824 2204 illa-

180 2228 278 2255 rum
294 2216 551 2255 differentiae
568 2217 623 2255 ad
639 2222 809 2255 motum
825 2217 1097 2255 ordinarium
1115 2223 1263 2256 centro
1279 2218 1467 2256 vniuersi
1488 2219 1824 2266 corresponden-

180 2275 279 2314 tem,
298 2272 371 2308 vix
386 2272 433 2308 in
448 2269 592 2308 sensus
608 2272 847 2314 incurrunt,
868 2270 1104 2318 praesertim
1121 2271 1300 2318 quando
1316 2271 1538 2310 Tranfitus
1553 2284 1630 2319 per
1646 2272 1824 2310 Meridi-

181 2334 317 2361 anum
334 2323 372 2361 8(
387 2323 439 2361 90
454 2323 508 2361 ab
525 2323 769 2361 Horizonte
785 2324 969 2371 gradum
985 2324 1315 2363 inobseruabilis
1336 2324 1403 2369 est,
1424 2324 1662 2373 saltemque
1683 2328 1824 2372 portio

181 2376 399 2423 quaedam.
416 2387 551 2424 quam
566 2382 690 2414 motu
705 2378 834 2423 primi
850 2376 1023 2415 mobilis
1039 2377 1245 2422 describit,
1262 2377 1388 2416 nobis
1405 2378 1709 2425 conspicienda
1725 2390 1824 2416 con-

182 2429 357 2467 ceditur.

234 2482 317 2521 Sed
342 2482 632 2521 adhibeamus
656 2488 869 2531 praeterea
891 2485 937 2521 in
960 2483 1186 2522 confilium
1211 2484 1321 2522 alias
1344 2486 1476 2522 etiam
1499 2484 1730 2529 distantias,
1756 2496 1824 2522 ea-

291 2543 320 2568 14
1726 2538 1825 2576 dem
