2209 3213
107 834 137 860 10

91 881 150 914 28r

110 1101 139 1126 15

106 1367 140 1392 20

107 1633 140 1659 25

109 1899 142 1925 30

109 2166 142 2192 35

110 2433 144 2459 40

422 236 512 274 AD
535 234 847 274 CRAIGUM
869 234 1141 273 SCOTUM
1164 233 1248 271 DE
1269 231 1559 271 COMETIS
1737 230 1814 268 457

171 344 253 382 aut
271 341 547 392 apparentia
567 341 696 380 illius
710 339 874 389 sideris
895 339 1116 380 exhibere
1132 337 1394 387 studuerim,
1418 337 1466 376 in
1490 336 1693 376 medium
1709 346 1815 385 pro-

170 397 280 435 Iatae
291 395 437 434 fuere.
455 395 519 433 Ex
531 395 686 442 qvibus
698 394 796 433 satis
808 393 1085 432 manifestum
1097 392 1252 435 evadit,
1270 403 1401 440 qvam
1413 402 1572 439 parum
1583 390 1685 428 fidei
1697 389 1815 428 Scul-

170 455 283 488 tetus
298 448 395 493 suis,
412 448 465 486 de
482 448 566 486 hoc
583 448 781 491 Cometa,
801 447 926 485 editis
942 446 1301 494 conceptionibus
1317 444 1618 483 adhibendum
1635 442 1816 481 censeat.

173 503 289 541 Cum
308 503 437 550 igitur
456 506 637 548 uterqve
655 501 831 539 inarum
848 500 1202 538 observationum
1219 498 1257 536 &
1273 497 1705 540 demonstrationum,
1727 498 1817 543 qvi-

171 556 252 594 bus
265 555 451 594 Cometa
465 554 711 593 sublunaris
727 553 1000 597 reddebatur,
1017 552 1177 591 author
1193 553 1343 590 caussae
1360 551 1447 589 suae
1464 556 1692 598 tantopere
1709 548 1818 587 diffi-

173 609 257 654 dat,
277 613 317 647 et
334 613 502 646 mutata
517 607 728 645 sententia
745 618 839 644 rem
855 606 979 644 aliter
994 606 1035 644 se
1051 606 1240 644 habuisse
1257 616 1348 643 non
1365 610 1434 642 eat
1450 603 1632 647 inficias,
1654 608 1701 641 tu
1716 602 1818 640 sane

171 664 218 700 in
239 662 396 700 cassum
415 672 495 709 pro
515 662 568 709 ijs
587 671 769 708 pugnaS‚
792 665 832 697 et
852 671 950 707 qvae
971 659 1033 697 illi
1053 661 1174 696 irrita
1194 663 1322 705 atqve
1343 657 1538 695 invalida
1560 657 1635 694 esse
1652 655 1818 699 volunt,

174 714 380 753 extollere
396 720 525 762 atqve
541 715 652 752 tueri
668 715 714 751 in
729 724 898 751 vanum
913 712 1100 751 laboras.

227 767 511 816 Inspiciamus
536 766 839 809 nihilominus,
866 777 952 813 qvo
977 765 1265 803 fundamento
1289 764 1326 802 &
1351 764 1506 811 qvibus
1531 763 1679 800 fulcris
1705 761 1820 800 hanc

173 821 368 869 Witichij
383 826 423 859 et
434 820 611 859 Sculteti
623 819 1038 858 demonstrationem
1049 818 1233 856 stabilire
1245 822 1395 861 tentes,
1412 817 1540 864 idqve
1556 827 1608 854 ex
1624 815 1705 859 his,
1722 826 1819 862 qvae

174 874 319 923 postea
334 876 380 912 in
396 874 514 912 hunc
525 873 709 912 modum
721 871 949 911 subnectis:
968 869 1306 918 Demonstratio
1319 881 1443 915 vero,
1457 866 1472 920 ΙΙ
1486 868 1704 918 qvamvis
1716 878 1820 906 eam

174 927 445 978 rejeceram,
467 928 664 965 multum
687 928 843 965 tamen
865 927 1075 964 meretur
1092 923 1210 969 fidei,
1235 923 1343 973 qvia
1364 922 1489 961 circa
1506 922 1622 960 illud
1636 924 1821 970 tempus

175 981 477 1020 accommoda
494 979 592 1025 fuit,
611 990 701 1029 qvo
721 979 909 1018 Cometa
926 989 953 1017 a
970 988 1166 1017 numero
1177 976 1322 1026 primi
1335 978 1490 1015 motus
1505 973 1825 1024 insensibiliter

177 1033 430 1079 deficiebat,
451 1036 499 1072 et
513 1032 718 1072 maxime
736 1031 862 1071 inter
876 1031 1013 1070 binas
1032 1029 1382 1080 observationes
1399 1030 1527 1067 nulla
1546 1027 1636 1066 fuit
1649 1025 1742 1077 [inl
1755 1027 1821 1065 in-

180 1086 403 1127 termedio
420 1089 628 1136 tempore
645 1085 857 1131 variatio,
881 1087 931 1124 ut
943 1082 1085 1134 sectio
1099 1085 1141 1122 Β
1150 1094 1261 1133 pag.
1278 1083 1332 1122 38
1345 1082 1498 1127 fuerit,
1523 1092 1628 1120 cum
1649 1081 1728 1119 ille
1749 1080 1822 1119 ob-

170 1139 397 1190 servaret,
417 1151 562 1179 verus
576 1140 722 1185 Iocus,
741 1149 887 1188 qvare
903 1140 998 1177 tum
1015 1137 1196 1186 relqua
1207 1135 1472 1185 succedant.
1490 1136 1607 1174 Haec
1620 1132 1827 1183 Witichij

172 1193 388 1244 probatio
402 1203 627 1244 magnam
642 1191 781 1231 tidem
796 1194 1015 1231 meretur.
1038 1191 1157 1229 Licet
1175 1202 1280 1228 vero
1301 1189 1432 1228 semel
1453 1187 1669 1237 rejectam,
1691 1198 1824 1235 qvam

176 1259 295 1286 nunc
312 1248 459 1286 denuo
475 1246 765 1295 approbatam
784 1245 1199 1283 demonstrationem
1215 1244 1270 1282 ob
1286 1243 1329 1281 id
1346 1242 1553 1286 resumas,
1575 1241 1690 1288 qvod
1712 1242 1825 1278 circa

176 1301 220 1339 id
240 1306 413 1349 tempus
433 1301 721 1348 apparitionis
743 1299 942 1337 Cometae
962 1296 1075 1336 facta
1097 1298 1154 1341 sit,
1179 1309 1264 1345 qvo
1285 1302 1430 1334 motus
1450 1297 1653 1342 proprius
1674 1294 1824 1332 admo-

177 1355 283 1393 dum
298 1354 448 1392 tardus
465 1359 568 1397 erat,
591 1359 631 1391 et
652 1364 784 1401 qvam
800 1354 983 1390 minime
999 1353 1139 1389 motui
1155 1351 1314 1389 diurno
1333 1351 1462 1397 primi
1479 1348 1652 1386 mobilis
1669 1349 1823 1385 renite-

175 1408 319 1446 batur:
337 1412 531 1445 attamen
546 1418 638 1445 non
654 1407 766 1450 ideo,
783 1405 860 1443 nifi
873 1410 1031 1443 caetera
1042 1406 1194 1443 omnia
1205 1404 1307 1442 data
1318 1401 1429 1441 recte
1442 1402 1481 1439 se
1493 1400 1716 1443 haberent,
1734 1400 1826 1438 ulla

176 1460 458 1500 Parallaxeos
475 1466 592 1498 certa
606 1459 874 1497 mensuratio
890 1458 1050 1496 institui
1069 1463 1249 1505 poterat.
1272 1456 1340 1495 Sic
1357 1455 1385 1493 fi
1401 1454 1560 1493 talibus
1577 1453 1740 1501 aliqvid
1756 1455 1825 1491 tri-

175 1514 402 1553 buendum
419 1513 529 1551 foret
545 1511 932 1555 observationibus,
951 1513 1097 1559 utiqve
1115 1522 1168 1548 ex
1184 1510 1328 1548 affixis
1340 1508 1548 1547 fideribus
1562 1507 1659 1545 licet
1670 1509 1826 1544 immo-

176 1569 243 1613 tis,
260 1567 425 1615 aliqvot
435 1567 653 1615 graduum
665 1565 916 1604 Parallaxin
928 1567 1145 1612 imputare
1162 1563 1316 1601 licebit.
1334 1563 1490 1600 Fateor
1506 1561 1694 1608 qvidem,
1711 1559 1827 1607 qvod

178 1623 291 1660 circa
308 1620 403 1659 Cal.
416 1620 437 1666 J
441 1621 614 1668 anuarij
633 1619 832 1658 Cometae
849 1620 1067 1666 genuinus
1088 1622 1233 1655 motus
1254 1616 1366 1654 adeo
1387 1615 1597 1653 inhibitus
1618 1613 1759 1657 fuerit,
1781 1617 1827 1650 ut

176 1679 271 1713 tum
286 1676 360 1712 vix
375 1673 608 1712 dimidium
628 1673 813 1721 gradum
836 1674 950 1709 intra
965 1673 1144 1709 unicam
1165 1669 1487 1708 revolutionem
1504 1668 1710 1705 diurnam
1726 1677 1827 1704 con-

177 1727 336 1772 fecerit,
357 1726 522 1765 tametfi
543 1726 598 1764 ab
618 1728 743 1764 initio
764 1724 1042 1772 duodecuplo
1064 1724 1246 1762 celerior
1266 1723 1406 1761 fuerit.
1429 1721 1522 1760 Cur
1542 1726 1690 1758 tamen
1710 1720 1765 1758 ob
1784 1719 1828 1757 id

177 1780 611 1829 potiusWitichianis
621 1791 647 1817 a
658 1779 848 1818 Sculteto
861 1778 1041 1826 prolatis
1053 1777 1340 1815 decisionibus
1351 1775 1550 1813 standum
1562 1773 1683 1818 foret,
1696 1783 1829 1820 qvam

178 1834 276 1883 alijs
293 1845 316 1872 e
332 1834 461 1882 longe
478 1833 733 1871 certioribus
750 1831 1124 1870 observationibus
1141 1828 1346 1873 deductis,
1363 1840 1455 1866 non
1466 1828 1607 1866 video.
1625 1825 1828 1874 Inqvifivi

180 1893 221 1926 et
236 1899 316 1936 ego
331 1899 424 1925 non
439 1886 580 1925 solum
596 1886 751 1924 ultima
767 1884 975 1923 Decemb.
994 1896 1091 1932 qvae
1109 1885 1308 1932 proxime
1328 1882 1506 1920 illorum
1523 1880 1825 1918 consideratio-

178 1952 282 1979 nem
293 1940 518 1984 antecessit,
530 1939 601 1977 sed
613 1941 745 1977 etiam
757 1938 1149 1985 secundaJanuarij
1163 1948 1268 1974 mox
1280 1936 1493 1983 teqvente„
1506 1934 1682 1982 qvando
1695 1934 1827 1971 etiam

179 2005 271 2033 non
291 1993 508 2038 dissimilis‚
529 1995 576 2031 in
596 1998 721 2030 motu
737 1992 937 2031 Cometae
957 1992 1147 2038 proprio,
1168 1990 1348 2028 tarditas
1368 1988 1460 2032 fuit,
1482 1987 1776 2030 Pamllaxeos,
1798 1985 1828 2023 fi

180 2059 265 2096 qva
285 2046 466 2090 adforet,
488 2048 775 2094 qvantitatem
791 2057 814 2083 e
831 2045 959 2093 longe
976 2044 1244 2087 certioribus,
1266 2054 1398 2090 qvam
1414 2042 1591 2079 illorum
1608 2045 1743 2083 erant,
1766 2040 1828 2077 uti

179 2101 314 2149 spero,
337 2099 729 2143 observationibus;
746 2098 920 2136 nullum
936 2104 1086 2136 tamen
1103 2099 1210 2145 ejus,
1231 2108 1287 2134 ne
1303 2095 1527 2143 vestigium
1544 2094 1719 2141 qvidem
1734 2104 1828 2140 per-

179 2153 401 2192 sentiscere
417 2153 549 2197 licuit,
572 2158 619 2191 ut
635 2153 733 2200 Pag.
751 2152 822 2190 151.
841 2157 880 2189 et
896 2151 1061 2198 aliqvot
1077 2150 1365 2198 seqventibus‚
1386 2148 1628 2186 indubitate
1649 2147 1829 2184 demon-

179 2207 356 2246 stratum
376 2207 645 2254 reliqvimus.
668 2205 946 2253 Qvapropter
961 2204 990 2242 fi
1005 2204 1198 2248 tarditas,
1220 2214 1317 2251 qvae
1338 2208 1441 2240 tunc
1459 2201 1657 2240 Cometae
1677 2202 1829 2244 inerat,

180 2261 236 2300 ad
247 2260 529 2299 Parallaxeos
543 2259 949 2307 pervestigationem
966 2259 1137 2296 certiori
1152 2258 1325 2295 tramite
1342 2267 1474 2303 qvam
1490 2254 1599 2293 alias
1615 2253 1829 2301 perduxit,

181 2326 257 2352 cur
267 2314 311 2352 id
322 2313 450 2352 nobis
466 2315 599 2351 etiam
615 2324 706 2350 non
723 2312 939 2356 concedis,
957 2313 1070 2349 circa
1081 2311 1198 2349 idem
1209 2315 1381 2357 tempus
1393 2309 1508 2347 hanc
1520 2307 1830 2355 diligentissime

180 2365 574 2416 perscrutantibus?
597 2366 726 2413 Qvod
747 2365 776 2403 fi
797 2369 1028 2413 propterea
1043 2364 1238 2412 Witichij
1263 2369 1303 2401 et
1324 2362 1501 2401 Sculteti
1522 2360 1831 2399 observationi-

180 2420 262 2459 bus
278 2426 407 2468 atqve
424 2420 526 2458 hinc
543 2420 749 2457 derivatis
766 2417 1207 2457 demonstrationibus
1228 2417 1326 2465 plus
1345 2416 1447 2454 fidei
1468 2414 1678 2458 attribuis,
1701 2424 1833 2460 qvam

180 2474 345 2519 nostris,
362 2474 478 2521 qvod
493 2484 573 2521 pro
589 2478 630 2511 te
648 2472 686 2510 &
702 2471 986 2515 Aristotelica,
1004 2483 1136 2518 qvam
1152 2469 1335 2514 sectaris,
1352 2469 1563 2507 sententia
1578 2467 1752 2510 faciant,
1769 2468 1832 2503 ni-

180 2529 321 2566 mium
341 2525 567 2565 affectibus
588 2525 800 2573 indulges,
824 2524 861 2562 &
882 2536 976 2562 rem
997 2524 1316 2563 Mathematico
1338 2522 1564 2570 indignam
1586 2521 1831 2559 committis.

287 2588 321 2614 58
1741 2573 1833 2621 Ego
