2209 3213
390 244 439 280 40
881 240 963 277 DE
986 239 1210 277 MUNDI
1231 238 1531 276 AETHEREI

388 360 468 384 nus
482 348 704 393 explicata.
722 347 832 383 adeo
844 351 887 382 vt
899 345 984 392 ipse
998 347 1127 382 etiam
1141 343 1521 387 COPERNICVS,
1538 343 1640 380 huic
1652 345 1714 380 rei
1726 342 2024 381 difficultatem

387 402 579 446 aliquam
604 399 863 436 laboriosam
885 398 1037 435 [ubesse
1060 410 1150 435 non
1170 400 1332 435 veritus
1353 397 1398 434 fit
1420 396 1657 440 affirmare;
1681 396 1869 433 nostram
1893 398 2024 434 etiam

386 456 598 490 rationem
620 452 867 498 inquirendi
888 451 1135 498 parallaxes
1151 451 1360 493 Lunares,
1382 449 1483 487 huic
1501 449 1703 496 exemplo
1719 449 2022 487 accommoda-

385 506 538 545 bimus,
563 516 696 551 quam
720 504 1095 541 obseruationibus
1117 506 1163 540 in
1184 505 1212 548 ζ(
1236 503 1368 545 saetis,
1392 508 1520 550 prout
1543 514 1610 540 res
1632 502 1827 549 postulat,
1851 502 1906 540 ad
1930 504 2023 540 eius

385 558 521 595 visum
543 558 689 594 locum
712 559 757 594 in
780 569 933 594 verum
956 557 1266 600 reducendum,
1290 556 1359 594 vel
1382 568 1404 594 e
1428 561 1591 599 contra,
1616 557 1755 602 magis
1777 566 2022 593 accommo-

384 612 529 648 datam
546 612 809 647 inuenimus.

437 664 486 700 Et
502 663 599 700 licet
614 663 697 700 hoc
714 663 908 700 alienum
925 663 1028 709 quid
1040 663 1239 700 videatur
1250 674 1276 700 a
1288 662 1429 700 nostro
1441 662 1641 706 instituto,
1657 666 1806 699 tamen
1818 663 1921 708 quia
1932 672 2023 699 non

383 716 521 753 folum
538 716 735 754 Cometae
752 716 884 753 huius
900 715 997 753 loca
1012 716 1231 763 indagare,
1248 715 1318 753 sed
1335 718 1466 753 etiam
1482 717 1527 753 in
1543 716 1654 762 alijs‚
1671 714 1742 752 vbi
1758 714 1885 752 datur
1901 725 2022 752 occa-

382 769 452 810 fio.
476 769 765 806 Astronomiae
788 768 978 806 studiofis
1003 769 1190 816 prodesse
1213 769 1432 813 volumus,
1459 774 1498 806 et
1523 770 1633 806 ratio
1658 767 1733 805 illa
1757 772 1847 805 tarn
1872 778 1899 805 a
1923 767 2021 805 CO·

381 822 648 864 PERNICO.
665 833 798 868 quam
810 821 918 869 alijs,
931 824 976 859 in
988 822 1105 859 hunc
1117 822 1239 859 vsum
1250 822 1432 869 prolata,
1445 824 1582 869 magis
1593 821 1639 858 fit
1650 820 1864 864 inuoluta,
1877 831 2020 867 neque

381 874 491 912 adeo
504 877 720 912 concinna
732 875 769 912 &
781 877 1025 922 operationi
1037 875 1281 919 commoda,
1294 879 1424 922 atque
1436 875 1544 919 haec,
1558 886 1645 921 qua
1657 885 1738 911 nos
1749 875 1809 911 vti
1820 873 2020 918 solemus,

380 927 490 964 nihil
507 930 661 975 ingrati
677 928 967 965 Astronomiae
985 928 1221 966 cultoribus
1237 940 1307 966 me
1323 927 1539 967 faeturum
1555 928 1751 970 arbitror,
1773 926 1802 964 fi
1823 937 1922 964 eam
1937 926 2021 964 hoc

380 980 879 1080 Ιοεὸῗῖίιιὲῗῐίιξῖῗιξὲῗοτίρῑε
890 1033 1149 1081 figuratione
1160 1034 1436 1072 Meridianus
1445 1033 1638 1072 MDEG.
1651 1033 1854 1071 Horizon
1863 1032 2020 1077 MNG,

380 1086 509 1123 Polus
526 1086 570 1123 fit
588 1087 632 1123 E.
650 1087 856 1133 Ecliptica
873 1087 1013 1130 ONF,
1031 1089 1154 1125 cuius
1166 1087 1297 1125 Polus
1312 1087 1358 1125 fit
1375 1087 1423 1126 C.
1441 1087 1572 1125 Polus
1587 1098 1692 1124 vero
1704 1085 1957 1132 AEquatoris
1972 1085 2019 1123 fit

379 1141 424 1176 in
441 1139 494 1176 D
517 1139 657 1176 Locus
673 1151 802 1177 verus
818 1140 863 1177 fit
880 1140 925 1183 B,
947 1151 1023 1187 per
1039 1152 1171 1187 quem
1187 1152 1213 1178 a
1230 1140 1335 1178 Polo
1352 1141 1609 1178 Horizontis
1626 1140 1660 1177 E
1675 1138 1861 1177 transeat
1876 1139 2017 1176 Arcus

381 1192 527 1235 EAH,
550 1192 741 1230 efficiens
757 1193 1028 1239 parallaxin
1018 1205 1064 1230 m
1080 1193 1241 1231 circulo
1257 1194 1511 1232 Altitudinis
1528 1194 1622 1238 ΒΑ,
1643 1198 1686 1231 vt
1704 1192 1750 1230 fit
1765 1191 1887 1229 locus
1902 1191 2017 1229 visus

374 2304 402 2347 ζ(
426 2304 471 2339 in
486 2301 646 2349 pune‘to
662 2302 715 2346 A,
732 2301 787 2339 ad
803 2313 934 2348 quem
951 2313 977 2339 a
992 2302 1098 2339 Polo
1115 2302 1334 2349 Eclipticae
1350 2302 1534 2341 ducatur
1550 2315 1676 2341 arcus
1693 2304 1790 2349 CA,
1807 2304 2009 2342 transeat·

373 2367 457 2402 que
477 2355 531 2393 ab
553 2356 707 2392 eodem
727 2365 803 2401 per
823 2355 969 2392 locum
990 2355 1127 2392 Lunae
1148 2367 1302 2393 verum
1323 2356 1435 2394 alius
1456 2367 1594 2400 arcus,
1616 2357 1755 2394 donec
1775 2357 1829 2395 ab
1849 2358 1891 2394 A
1911 2357 2009 2395 loco

371 2408 460 2445 viso
471 2408 589 2446 linea
601 2406 766 2451 ednota,
784 2410 823 2445 ei
836 2408 1250 2455 perpendiculariter
1261 2414 1471 2453 occurrat,
1489 2409 1621 2456 fitque
1632 2410 1774 2447 Arcus
1785 2410 1856 2448 ille
1870 2410 2007 2448 CBK.

372 2461 746 2508 Perpendicularis
761 2472 865 2498 vero
882 2461 981 2498 AK.
1003 2461 1285 2498 Manifestum
1306 2461 1372 2505 est,
1395 2462 1512 2509 quod
1534 2462 1573 2509 Q
1594 2462 1639 2500 fit
1659 2462 1884 2510 longitudo
1905 2475 2009 2501 vera

370 2516 416 2551 in
433 2514 650 2561 Ecliptica,
666 2514 737 2552 vbi
752 2514 951 2551 videlicet
967 2525 1093 2551 arcus
1109 2514 1180 2551 ille
1198 2514 1451 2562 Ecliptieam
1467 2515 1702 2560 intersecat,
1722 2515 1760 2553 &
1779 2515 1873 2562 QB,
1895 2516 2007 2607 Lactli-

1903 2574 1950 2607 tu
1981 2581 2008 2607 o

2062 833 2092 858 10

2061 1098 2091 1123 15

2046 2422 2080 2448 20
