2209 3213
346 228 412 263 196
837 222 919 258 DE
942 220 1165 257 MUNDI
1188 219 1488 256 AETHEREI

390 331 523 368 LHN
555 328 754 375 Angulus
771 326 955 373 aequalis
972 325 1148 373 Angulo
1166 325 1323 367 GHO,
1344 325 1381 362 &
1401 325 1496 362 HN
1514 326 1667 369 Arcm,
1689 325 1874 372 aequalis
1891 326 1984 364 HO

555 382 701 423 Arcui,
719 392 794 426 per
811 377 1182 417 construclionem.

454 436 525 472 ZP
555 433 779 470 Verticalis
797 434 937 469 Arcus
954 443 1030 478 per
1046 429 1256 478 punclum
1274 431 1328 468 N.

428 488 524 524 MN
557 488 696 523 Arcus
714 485 876 523 Circuli
893 486 1039 531 magni
1057 484 1110 522 ab
1128 484 1178 521 M
1195 486 1240 521 in
1258 484 1299 521 N
1316 482 1481 522 dudlus.

443 541 523 577 LN
556 540 707 576 Itidem
724 539 864 575 Areus
882 537 1047 575 Circuli
1063 539 1210 584 magni
1227 537 1281 575 ab
1298 537 1331 574 L
1347 539 1393 574 in
1409 537 1464 574 N.
2043 550 2058 574 5

400 2075 484 2112 His
495 2077 554 2112 ita
566 2074 830 2122 praenruffis.
843 2076 1117 2114 manifestum
1130 2077 1196 2120 est,
1207 2078 1373 2115 Arcum
1386 2076 1476 2114 LM
1489 2077 1565 2114 esse
1575 2075 1826 2114 Parallaxin
1835 2077 1989 2123 primae

348 2127 686 2171 Obseruationis,
705 2129 746 2166 G
756 2129 794 2166 O
806 2140 911 2166 vero
924 2129 1179 2176 posterioris,
1197 2142 1297 2177 quae
1309 2130 1398 2168 duo
1410 2129 1673 2176 inquirenda
1684 2129 1792 2171 sunt,
1809 2134 1852 2166 vt
1863 2130 1988 2166 inno-

346 2180 484 2223 tescat,
502 2180 530 2217 fi
547 2193 635 2227 qua
646 2181 747 2218 huic
759 2178 773 2231 ΙΙ
787 2181 984 2220 Cometae
996 2182 1182 2221 adfuerit
1193 2182 1445 2225 Parallaxis‚
1459 2182 1497 2220 &
1509 2182 1650 2229 qualis
1663 2182 1738 2220 illa
1749 2183 1794 2219 in
1806 2186 1989 2228 vtroque
2014 2187 2079 2218 232

346 2233 423 2270 fitu
440 2235 686 2281 contingere
703 2237 901 2281 potuerit,
919 2236 1050 2282 idque
1067 2236 1150 2274 hoc
1166 2235 1292 2283 pacto
1309 2235 1594 2274 ostendemus.

399 2285 617 2331 Primum,
635 2289 680 2324 in
691 2287 930 2335 Triangulo
942 2289 976 2325 Z
986 2288 1023 2326 O
1033 2289 1091 2332 H,
1109 2290 1267 2327 dantur
1278 2289 1382 2327 bina
1394 2289 1562 2332 Latera,
1578 2287 1678 2331 ZH,
1694 2287 1987 2334 complemen-
2031 2299 2061 2323 ιο

346 2344 439 2376 tum
456 2339 724 2377 Eleuationis
741 2340 832 2377 Poli
850 2340 1050 2384 Cassellis,
1073 2342 1114 2379 P.
1132 2342 1194 2380 38.
1212 2342 1275 2379 M.
1293 2342 1355 2385 42,
1377 2341 1471 2385 ZO,
1493 2340 1866 2388 complementum
1882 2340 1989 2378 Alti-

345 2392 507 2429 tudinis
523 2392 722 2430 secundae
735 2393 1073 2438 Obseruationis,
1091 2395 1132 2432 P.
1146 2395 1199 2433 81.
1213 2395 1276 2432 M.
1289 2395 1352 2438 50,
1369 2393 1571 2442 Angulus
1582 2405 1687 2431 vero
1704 2392 1988 2440 comprehen-

346 2444 414 2482 sus
436 2445 583 2489 OZH,
606 2445 660 2482 est
681 2445 1051 2492 complementum
1071 2447 1299 2485 Azimuthi
1318 2447 1562 2494 posterioris
1582 2447 1638 2484 ad
1658 2446 1988 2490 semicirculum,

346 2498 388 2535 P.
401 2498 472 2536 115.
486 2498 548 2535 Μ.
561 2498 597 2536 0.
616 2498 739 2546 Ergo,
756 2510 832 2545 per
843 2499 1183 2547 Triangulorum
1195 2500 1521 2547 Sphaericorum
1534 2501 1737 2543 rationes,
1753 2498 1989 2589 innoIl‘escet

1890 2557 1987 2589 atus
