2209 3213
324 229 400 265 238
817 220 899 257 DE
921 217 1145 256 MUNDI
1166 215 1467 254 AETHEREI

322 335 450 371 Primi
468 330 638 368 mobilis
655 329 873 368 circuitus:
891 329 1105 372 quantum
1117 323 1172 360 ad
1184 327 1401 366 ornatum,
1420 321 1504 369 ipse
1518 321 1750 360 Stellarum
1761 321 1962 369 splendor

322 387 358 423 8(
371 387 568 426 varietas,
587 383 800 428 copiaque
816 379 914 416 satis
932 379 1040 420 esset;
1058 382 1100 414 vt
1112 387 1203 413 non
1215 387 1326 423 opus
1337 375 1458 419 foret,
1476 381 1565 413 tam
1577 375 1859 413 admirandas
1870 385 1961 412 mo-

321 446 444 476 tuum
461 437 586 483 leges,
605 446 713 481 quas
730 434 874 480 quiuis
887 443 977 468 non
989 429 1114 468 facile
1127 431 1251 476 capit,
1269 428 1352 466 illis
1363 440 1451 466 vna
1463 429 1688 466 attributas
1701 429 1789 471 esse,
1806 427 1961 465 multa-

322 503 405 538 que
422 490 508 527 alia
525 500 623 535 quae
641 498 757 524 nunc
774 485 927 522 volens
944 486 1108 521 omitto.

374 544 528 580 Verius
551 544 695 587 itaque
717 540 967 580 dixerimus,
989 537 1141 573 Artem
1163 534 1277 573 hanc
1296 534 1393 572 satis
1410 535 1587 582 quidem
1604 539 1766 572 certam
1783 534 1871 576 esse,
1893 533 1962 571 sed
2001 545 2016 570 5

322 596 532 636 Artifices,
554 596 629 641 qui
650 604 749 630 eam
769 593 847 628 rite
866 588 1132 638 perspectam
1148 588 1352 631 habeant,
1368 589 1441 625 vix
1457 589 1648 635 reperiri.
1665 587 1843 625 Vtinam
1859 598 1963 624 vero

320 650 361 687 id
379 661 468 686 non
485 647 623 685 solum
640 646 692 683 de
708 645 791 683 hac
807 655 883 691 per
899 643 938 680 se
954 641 1140 680 abstrusa
1152 641 1458 688 profundaque
1471 642 1730 688 cognitione,
1746 640 1816 677 sed
1833 641 1964 677 etiam

321 704 372 740 de
383 702 478 749 alijs
488 701 615 747 longe
625 698 909 746 planioribus,
922 696 959 733 &
972 696 1024 733 de
1035 694 1131 742 ipsis
1142 694 1253 732 adeo
1263 694 1570 738 Facultatibus‚
1582 698 1676 731 tum
1684 692 1964 740 Theologica,

320 763 411 793 tum
424 753 612 795 Medica,
624 758 717 789 tum
729 753 861 789 etiam
873 749 1072 792 Iuridica,
1084 750 1130 785 in
1142 747 1300 795 quibus
1309 747 1513 785 Veritatis
1524 746 1797 794 dispendium
1807 747 1965 784 maiori

321 810 483 846 damno
504 805 786 853 periculoque
808 803 1050 841 obnoxium
1072 801 1138 845 est,
1160 812 1251 838 non
1272 812 1399 847 aeque
1420 800 1535 843 iuste,
1557 799 1587 837 fi
1606 811 1698 837 non
1714 801 1885 846 aequius
1901 801 1964 836 iu·
2006 810 2036 836 10

320 861 514 907 stiusque,
532 860 740 906 conqueri
757 857 918 895 liceret:
936 855 1019 893 Sed
1036 854 1088 892 de
1105 854 1173 892 his
1189 865 1308 892 nunc
1323 865 1414 891 non
1431 853 1486 891 est
1502 857 1746 900 oportunus
1761 852 1888 900 plura
1904 852 1964 890 di-

322 914 446 952 cendi
463 914 596 951 locus.

375 967 664 1014 Quapropter,
682 975 782 1002 cum
794 965 880 1001 mei
892 961 1095 1010 propositi
1107 965 1245 998 metas
1257 972 1348 998 non
1360 959 1568 998 excedere
1580 961 1756 998 animus
1767 958 1825 1003 fit,
1842 958 1966 996 nolui

322 1021 376 1059 ad
402 1019 689 1066 Astrologicas
717 1015 1020 1065 praedictiones
1046 1015 1273 1055 diuertere,
1303 1013 1539 1060 praesertim
1569 1024 1669 1050 cum
1694 1017 1966 1059 compertum

323 1074 543 1115 haberem,
560 1072 656 1109 illas
674 1073 805 1109 etiam
821 1072 866 1107 in
883 1071 946 1112 iis,
965 1080 1064 1115 quae
1082 1067 1256 1105 Mundo
1268 1068 1448 1114 aprima
1464 1068 1684 1105 creatione
1701 1077 1855 1104 coaeua
1870 1064 1966 1103 sunt
2007 1077 2037 1101 15

322 1127 485 1169 Sidera,
509 1126 606 1163 licet
626 1130 686 1162 tot
707 1123 896 1161 millenis
917 1123 1045 1160 annis
1066 1121 1270 1168 sagaciter
1291 1132 1317 1158 a
1337 1120 1537 1168 plurimis
1555 1118 1790 1166 inquifitas‚
1812 1129 1966 1157 eorum

323 1186 470 1218 tamen
487 1184 670 1217 conatus
687 1177 988 1224 saepenumero
1004 1174 1221 1217 frustrare;
1238 1173 1415 1218 nedum,
1431 1178 1475 1211 vt
1486 1175 1531 1210 in
1543 1172 1611 1210 his
1622 1174 1795 1210 nouiter
1807 1173 1967 1209 exortis

323 1232 589 1271 miraculofis
616 1229 1000 1272 GenerationibuS,
1029 1239 1129 1275 quae
1155 1238 1334 1265 omnem
1358 1238 1470 1274 pene
1495 1226 1714 1264 solertiam
1738 1224 1776 1262 8(
1801 1226 1967 1273 experi-

323 1288 638 1324 mentationem
654 1286 699 1322 in
716 1294 869 1321 earum
885 1280 1107 1320 effectibus
1123 1280 1419 1328 praeuidendis
1436 1279 1653 1327 respuunt,
1671 1278 1836 1326 aliquid
1853 1279 1967 1321 certi,

324 1340 401 1377 nisi
418 1351 444 1377 a
459 1338 703 1386 posteriore,
721 1336 917 1374 constitui
933 1339 1076 1382 queat.
1094 1330 1108 1384 ΙΙ
2005 1341 2039 1367 20

377 1393 489 1430 Haec
505 1403 609 1429 vero
629 1390 764 1438 paulo
784 1389 916 1427 fufius
936 1390 1049 1426 circa
1065 1387 1352 1425 Moestliniani
1372 1386 1511 1434 scripti
1532 1385 1909 1433 ponderationem,
1931 1383 1969 1421 &
1993 1389 2057 1421 288

324 1458 424 1483 cum
440 1445 590 1483 nostris
606 1445 797 1482 inuentis
814 1442 1107 1484 collationem,
1124 1443 1169 1478 in
1185 1440 1382 1478 medium
1398 1439 1574 1483 adduxi,
1592 1450 1644 1476 eo
1659 1438 1776 1486 quod
1792 1437 1900 1476 illud
1917 1449 1969 1475 ea

324 1498 529 1537 industria
546 1497 583 1535 &
599 1497 821 1545 diligentia
837 1495 1111 1533 elaboratum
1127 1493 1425 1541 perspicerem,
1437 1498 1480 1530 vt
1492 1492 1672 1540 dignum
1683 1491 1792 1529 mihi
1803 1490 1968 1528 videre-

323 1558 403 1595 tur,
428 1554 473 1589 in
495 1563 582 1598 quo
603 1552 805 1588 attentior
826 1549 864 1587 8(
884 1548 1055 1596 plenior
1076 1547 1361 1585 consideratio
1381 1548 1537 1584 merito
1559 1544 1895 1593 impenderetur.
1920 1543 1970 1581 In

325 1607 503 1649 caeteris,
517 1603 876 1651 quandoquidem
889 1613 941 1640 ea
953 1613 1044 1639 non
1055 1605 1176 1639 tanta
1187 1600 1358 1638 solertia
1367 1600 1405 1638 8(
1414 1599 1637 1638 sedulitate
1650 1602 1851 1636 contexta
1862 1597 1969 1641 sunt,
2009 1609 2042 1634 25

325 1670 404 1696 nec
426 1670 517 1695 rem
539 1657 674 1705 ipsam
692 1657 790 1695 satis
807 1654 1121 1694 Mathematice
1137 1652 1332 1698 tractant,
1354 1664 1429 1691 ero
1449 1652 1626 1690 breuior
1641 1650 1871 1698 minusque
1887 1650 1971 1688 illis

327 1711 606 1749 immorabor.

518 1802 581 1845 D.
606 1799 995 1846 CORNELIVS
1017 1798 1288 1844 GEMMA
1311 1795 1784 1842 LOVANIENSIS.

412 1869 733 1908 VBLICAUIT
749 1869 801 1907 de
817 1869 901 1906 hoc
918 1868 1074 1906 eodem
1089 1867 1287 1910 Cometa,
1305 1866 1523 1904 eruditum
1540 1866 1738 1912 inprimis
1755 1862 1971 1901 Libellum

413 1924 466 1961 D.
486 1922 815 1961 CORNELIVS
840 1921 1084 1965 GEMMA,
1110 1920 1417 1958 celeberrimus
1439 1918 1511 1956 ille
1534 1918 1652 1965 apud
1675 1915 1972 1955 Louanienses
2010 1927 2043 1953 30

328 1976 628 2023 Philosophus,
645 1987 695 2013 ac
712 1975 913 2013 Medicus
930 1976 1129 2017 eximius,
1147 1972 1497 2020 Eruditionisque
1513 1976 1721 2019 paternae,
1737 1969 1974 2018 praesertim

329 2042 416 2077 quo
440 2030 495 2067 ad
518 2030 645 2067 Artes
668 2028 1020 2072 Mathematicas,
1047 2027 1205 2075 quibus
1228 2026 1312 2070 ille,
1337 2025 1366 2063 fi
1389 2027 1486 2073 quis
1509 2025 1622 2063 alius
1645 2023 1858 2066 excelluit,
1882 2034 1974 2060 non

329 2085 487 2125 minus,
510 2093 645 2129 quam
661 2087 921 2119 caeterorum
935 2081 1156 2119 bonorum
1172 2079 1367 2127 locuples
1384 2079 1555 2117 Haeres.
1577 2077 1678 2115 Hoc
1694 2077 1819 2114 suum
1835 2075 1973 2123 Scrip-

328 2141 440 2173 tum:
463 2136 534 2173 De
550 2133 816 2183 Prodigiosa
834 2133 1013 2183 Specie,
1035 2134 1306 2182 Naturaque
1327 2132 1540 2177 Cometae,
1563 2130 1643 2180 qui
1660 2129 1795 2168 nobis
1813 2126 1978 2176 effulsit

331 2188 469 2227 altior
482 2189 630 2226 Lunae
643 2186 844 2236 sedibus,
865 2185 1046 2235 insolita
1062 2186 1248 2236 Figura,
1272 2197 1327 2224 ac
1348 2183 1680 2234 magnitudine,
1702 2183 1842 2220 Anno
1862 2183 1973 2227 1577,
2012 2193 2045 2218 35

327 2243 438 2291 plus
458 2242 506 2279 10
521 2240 818 2289 septimanis,
837 2239 1070 2289 Apodixin
1083 2238 1319 2289 Physicam
1333 2235 1768 2277 &Mathematicam
1784 2235 1974 2273 intitula-

330 2297 408 2337 uit;
430 2296 475 2331 in
497 2305 585 2341 quo
603 2294 738 2331 tribus
755 2293 981 2341 Capitibus
997 2293 1120 2330 suam
1136 2293 1188 2330 de
1205 2292 1289 2330 hoc
1306 2292 1492 2330 Cometa
1508 2290 1778 2329 Sententiam
1794 2288 1973 2331 erudite,
2012 2289 2032 2321 ἦ·

332 2348 369 2385 8(
384 2347 627 2385 luculenter
644 2349 832 2393 exponit.

385 2401 434 2438 In
451 2411 640 2447 quorum
656 2399 854 2442 PRIMO,
876 2411 967 2437 non
987 2401 1160 2446 proprie
1182 2410 1282 2446 quae
1298 2397 1353 2436 ad
1371 2397 1603 2436 Cometam
1619 2395 1758 2433 solum
1773 2392 1974 2442 spectant,

331 2455 547 2501 proponit,
575 2453 645 2491 sed
670 2453 724 2491 ab
750 2455 886 2496 initio,
913 2453 965 2490 de
991 2452 1152 2490 Mundi
1178 2451 1394 2489 inferioris
1420 2452 1508 2488 iam
1534 2450 1783 2497 aegrotantis
1809 2447 1974 2490 Caufis,
2014 2459 2048 2484 4ο

333 2506 639 2553 Qualitatibus,
656 2506 981 2550 Curationibus,
995 2505 1033 2543 8(
1045 2505 1185 2553 Signis
1198 2516 1247 2543 ac
1259 2504 1481 2551 Praesagijs
1494 2502 1676 2546 Criticis,
1693 2501 1769 2539 suo
1782 2500 1976 2548 quodam

1828 2553 1974 2597 modo,
