2209 3213
113 835 143 861 10

118 1102 148 1127 15

118 1367 151 1393 20

121 1633 154 1658 25

114 1787 173 1819 18v

125 1899 158 1924 30

128 2165 160 2190 35

132 2430 164 2455 40

425 235 515 273 AD
537 234 847 275 CRAIGUM
870 237 1141 276 SCOTUM
1163 237 1247 275 DE
1268 236 1556 275 COMETIS
1745 236 1813 273 441

174 347 254 380 tur.
272 340 336 378 Ex
352 340 421 378 his
438 343 594 384 evenit,
611 346 657 379 ut
672 341 701 379 fi
717 343 917 389 pauculis
928 343 1137 391 scrupulis
1149 343 1358 386 secundis,
1376 345 1421 380 in
1434 348 1630 390 tempore
1645 344 1814 388 utriqve

175 393 466 432 observationi
485 394 718 442 interlapso
739 400 779 432 et
800 398 932 434 unius
947 397 1017 434 vel
1033 397 1211 434 alterius
1231 396 1380 434 saltem
1400 398 1557 433 minuti
1573 397 1619 433 in
1634 396 1814 432 Azimu-

175 447 259 486 this
280 446 319 484 &
339 447 640 485 altitudinibus
660 447 868 492 devietur,
892 449 1056 496 aliqvot
1078 450 1294 497 graduum
1318 460 1510 486 errorem
1531 450 1577 486 in
1597 448 1815 486 Parallaxi

175 499 475 548 praefinienda‚
488 500 651 537 etiamfi
662 500 1011 548 scrupulofissime
1024 501 1442 546 63161111151136161111,
1454 504 1580 539 136116
1593 502 1814 549 obrepere,

177 553 291 601 qvod
307 564 439 591 nemo
455 552 552 590 13115
568 553 790 601 intelligat,
807 554 885 592 nifi
901 557 973 601 qvi
988 555 1243 593 mechaniee
1259 554 1354 592 haec
1366 555 1422 593 ad
1434 566 1623 602 ungvem
1635 553 1815 592 11361316

177 607 334 645 didicit.
361 606 477 644 Cum
499 617 604 644 vero
627 607 723 644 haec
747 606 932 645 inficiari
956 610 1140 651 conaris,
1167 608 1277 645 nihil
1299 608 1419 646 aliud
1443 607 1589 652 efficis,
1616 619 1747 655 qvam
1770 611 1816 644 ut

178 659 529 698 observationum
544 659 950 698 Astronomicarum
965 661 1090 698 usum
1107 661 1145 698 &
1160 663 1316 707 praxin
1334 672 1411 708 per
1427 663 1734 698 convenientia
1754 662 1816 697 in-

177 713 411 751 strumenta
425 712 500 749 tibi
516 712 756 750 multorum
773 725 993 751 annorum
1011 716 1319 752 exercitatione
1336 726 1426 751 non
1442 714 1539 752 satis
1556 713 1818 751 familiarem

179 767 254 804 esse
275 765 446 813 prodas.
470 765 615 803 Multa
635 768 753 804 enim
774 766 1107 805 demonstrative
1124 769 1286 814 optime
1303 767 1342 804 se
1359 767 1533 809 habent,
1555 778 1652 813 qvae
1670 772 1817 804 tamen

179 822 225 858 in
246 821 403 866 praxin
425 830 517 856 non
539 820 599 856 ita
622 820 852 857 commode
876 820 1031 858 deduci
1054 826 1226 867 qveant‚
1250 820 1485 867 praesertim
1508 820 1537 857 fi
1558 820 1820 857 Dedomena

179 873 284 911 talia
303 873 592 918 reqvirantur,
614 884 801 919 qvorum
823 875 1006 921 exiguus
1027 885 1147 911 error
1167 873 1386 910 successive
1402 875 1448 910 in
1465 875 1720 920 operatione
1742 884 1820 909 nu-

180 936 404 964 merorum
419 924 547 972 supra
562 925 746 964 modum
762 926 996 964 foecundus
1013 927 1180 964 evadat.
1201 926 1246 964 Id
1263 926 1292 963 fi
1307 927 1382 964 tibi
1399 927 1563 964 nedum
1579 925 1821 963 verosimile

181 979 392 1021 videatur,
404 977 471 1016 fac
481 978 629 1016 saltem
639 979 816 1026 ipsemet
825 980 1069 1026 periculum
1080 982 1124 1017 in
1135 981 1286 1026 qvavis
1297 979 1530 1017 affixarum
1540 979 1770 1021 stellarum,
1784 983 1824 1015 et

183 1031 422 1070 Azimutha
434 1036 561 1078 atqve
574 1031 824 1070 altitudines
838 1032 1016 1080 [qvaere]
1030 1044 1120 1070 una
1132 1045 1231 1070 cum
1243 1038 1438 1079 tempore
1448 1032 1617 1070 duabus
1628 1031 1822 1069 observa-

183 1085 374 1124 tionibus
385 1085 617 1132 interlapso
629 1097 706 1132 per
717 1085 1062 1129 instrumentum,
1080 1086 1195 1133 qvod
1207 1086 1304 1123 satis
1317 1086 1418 1123 huic
1430 1087 1604 1133 negotio
1616 1085 1826 1122 idoneum

183 1144 374 1187 putetur;
395 1140 593 1176 invenies
611 1138 914 1183 nihilominus,
935 1138 1110 1186 peraeta
1127 1151 1179 1176 ex
1196 1139 1292 1186 ipfis
1310 1139 1418 1176 datis
1434 1140 1741 1176 numeratione
1757 1136 1827 1174 vel

185 1192 455 1235 subtilissima,
472 1191 636 1229 stellam
653 1193 840 1230 eandem
856 1192 1156 1240 saepenumero
1170 1192 1333 1239 aliqvot
1347 1192 1563 1239 graduum
1577 1190 1827 1228 Parallaxin

185 1244 445 1294 praeseferre,
462 1245 560 1282 licet
576 1257 728 1283 revera
745 1245 914 1283 nullam
931 1246 1135 1283 obtineat.
1152 1245 1375 1283 Interdum
1393 1247 1524 1282 etiam
1541 1256 1607 1282 res
1624 1246 1669 1281 in
1685 1243 1827 1281 absur-

187 1300 292 1338 dum
308 1299 520 1337 deveniet.
538 1298 588 1336 Et
605 1310 689 1346 qvo
706 1299 862 1346 saepius
880 1301 1195 1346 experientiam
1211 1298 1293 1336 hac
1306 1301 1351 1336 in
1363 1304 1483 1345 parte
1495 1298 1658 1340 feceris,
1677 1308 1728 1334 eo
1741 1307 1827 1333 cer-

187 1355 271 1391 tius
287 1351 515 1399 cognosces
532 1363 601 1389 me
617 1352 729 1390 nihil
745 1354 850 1390 61113
866 1352 1023 1400 justam
1040 1353 1225 1390 caussam
1245 1351 1328 1389 hac
1344 1353 1389 1388 in
1405 1356 1526 1398 parte
1543 1350 1827 1388 denunciasse.

188 1407 420 1453 Propterea
437 1406 568 1442 etiam
590 1405 705 1443 113116
722 1417 775 1443 ex
791 1406 1127 1452 Regiomontani
1145 1405 1313 1453 placitis
1329 1403 1558 1442 deductam
1575 1403 1828 1449 comproba-

187 1461 352 1498 tionem
363 1458 577 1505 postremo
588 1458 686 1496 loco
697 1459 912 1506 subjunxi,
931 1459 1045 1506 qvod
1057 1459 1258 1496 videlicet
1268 1459 1414 1495 minus
1426 1462 1516 1495 tuta
1530 1458 1635 1500 esset,
1649 1456 1686 1493 &
1698 1456 1830 1502 varijs

189 1513 491 1551 deviationum
511 1510 777 1550 anfractibus
798 1513 1003 1555 obnoxia,
1027 1523 1107 1550 nec
1127 1517 1276 1549 tamen
1296 1513 1516 1558 praeterire
1538 1522 1637 1548 eam
1658 1508 1831 1556 prorsus

189 1565 322 1609 volui,
345 1576 445 1603 cum
461 1576 487 1602 a
502 1570 623 1603 tanto
644 1565 808 1604 artifice
828 1565 999 1613 prolata
1015 1566 1109 1602 esset
1126 1570 1164 1602 et
1181 1577 1207 1603 a
1224 1564 1483 1611 qvibusdam
1501 1563 1830 1601 Germanorum

191 1618 529 1661 Mathematicis,
552 1620 624 1666 qvi
644 1618 911 1657 tractationis
932 1618 1207 1657 subtilitatem
1228 1618 1266 1655 &
1286 1618 1587 1655 deviationum
1605 1618 1651 1653 in
1667 1627 1719 1653 ea
1735 1626 1831 1661 pro-

192 1673 425 1710 clivitatem
446 1684 537 1710 non
557 1672 655 1710 satis
676 1678 945 1720 compertam
964 1671 1196 1715 habebant,
1219 1673 1350 1709 etiam
1371 1673 1416 1708 in
1436 1670 1520 1708 hoc
1540 1669 1629 1716 ipso
1647 1669 1833 1707 Cometa

192 1725 482 1773 usurparetur,
499 1725 627 1772 idqve
643 1728 776 1769 irrito,
794 1725 831 1763 &
848 1726 903 1763 ad
919 1727 1110 1763 veritatis
1126 1724 1367 1772 penetralia
1379 1725 1558 1761 minime
1570 1722 1832 1770 perducente

194 1781 438 1818 conamine.
461 1779 579 1825 Qvin
596 1779 633 1816 &
650 1791 728 1827 ego
746 1784 913 1817 tantam
929 1780 974 1816 in
991 1778 1262 1816 Dedomenis
1280 1774 1294 1827 ΙΙ
1313 1777 1398 1815 11116
1417 1775 1731 1824 pertinentibus
1748 1785 1832 1812 coe-

193 1833 294 1871 litus
309 1832 583 1879 acqvirendis
600 1832 782 1870 adhibui
799 1832 1079 1880 diligentiam,
1102 1836 1310 1878 qvantam
1331 1830 1439 1868 forte
1456 1829 1604 1867 nullus
1620 1828 1749 1871 alius;
1771 1829 1833 1864 ni-

193 1885 435 1924 hilominus
458 1888 655 1934 operatio
678 1897 967 1923 numerorum
988 1885 1043 1923 ad
1065 1885 1258 1923 debitum
1282 1883 1428 1925 finem,
1454 1882 1617 1920 etiamsi
1639 1881 1837 1929 pluribus

194 1939 404 1986 exemplis
429 1944 587 1987 praeter
610 1951 663 1977 ea
684 1945 821 1982 terna,
848 1950 945 1986 qvae
968 1940 1014 1976 in
1036 1938 1146 1976 libro
1173 1942 1383 1975 annotata
1408 1936 1515 1980 sunt,
1541 1938 1836 1975 attentaretur,

193 1992 375 2040 produci
395 2004 487 2030 non
507 1998 688 2040 poterat,
713 2004 765 2030 eo
787 1992 901 2039 qvod
925 2003 993 2029 res
1014 1993 1127 2029 61163
1147 1992 1333 2028 minima
1352 1989 1555 2032 versetur,
1580 1999 1676 2035 qvae
1701 1989 1746 2024 in
1768 1988 1838 2024 tri-

195 2045 460 2094 angulorum
476 2046 699 2084 successiva
714 2057 791 2093 per
806 2056 1016 2083 numeros
1033 2044 1307 2087 resolutione,
1324 2044 1503 2081 tandem
1519 2041 1683 2089 aliqvid
1697 2041 1840 2087 sugge-

195 2105 261 2137 rat
276 2098 493 2143 obstaculi,
511 2111 596 2147 qvo
613 2101 760 2137 minus
776 2099 981 2136 ultimum
998 2098 1175 2145 scopum
1191 2098 1346 2144 asseqvi
1362 2097 1500 2139 liceat,
1517 2095 1560 2133 id
1577 2094 1691 2142 qvod
1709 2095 1841 2131 etiam

196 2154 243 2190 in
253 2153 600 2200 Landgravianis
612 2152 985 2191 observationibus
999 2151 1073 2189 sub
1091 2151 1295 2188 incudem
1312 2160 1601 2188 numerorum
1617 2148 1842 2194 diligenter

198 2208 409 2244 revocatis
425 2205 663 2254 perspicere
681 2206 747 2244 est.
771 2205 901 2251 Qvod
917 2210 1066 2243 autem
1083 2204 1390 2242 limitationem
1408 2214 1518 2245 eam,
1541 2213 1626 2249 qva
1647 2203 1692 2238 in
1714 2201 1842 2238 corri-

198 2260 338 2307 genda
353 2259 436 2297 hac
448 2260 784 2307 Regiomontani
800 2260 1135 2296 ratiocinatione
1152 2257 1207 2295 ob
1222 2262 1393 2294 motum
1406 2256 1604 2294 Cometae
1616 2255 1843 2301 proprium

199 2312 253 2350 ab
274 2312 364 2359 ipso
385 2311 629 2360 negledlum
650 2312 752 2350 usus
772 2312 877 2356 sum,
899 2317 1110 2358 tanqvam
1130 2312 1278 2348 minus
1299 2309 1633 2348 accommodam
1656 2319 1747 2344 non
1771 2306 1843 2343 ad-

197 2367 343 2410 11111115,
365 2371 480 2404 63161
497 2366 609 2414 justa
629 2365 866 2404 occasione.
889 2365 1045 2402 Fateor
1067 2364 1268 2411 eqvidem
1285 2363 1519 2401 Cometam
1540 2364 1585 2399 in
1606 2359 1797 2398 60116610
1820 2371 1845 2396 3

201 2419 326 2457 nobis
338 2419 591 2464 Azimutho‚
608 2431 699 2457 non
712 2419 962 2466 apparuisse.
980 2419 1037 2455 At
1049 2417 1150 2465 qvid
1162 2422 1255 2454 tum
1267 2416 1423 2463 postea,
1441 2415 1647 2462 siqvidem
1659 2416 1705 2451 in
1717 2424 1768 2450 eo
1782 2424 1843 2449 re-

201 2483 305 2510 vera
316 2471 430 2510 visus
441 2471 586 2517 fuisset,
603 2472 632 2510 fi
649 2478 794 2510 motus
810 2473 1012 2519 proprius
1025 2482 1126 2508 eum
1138 2482 1229 2507 non
1242 2470 1296 2508 ab
1308 2470 1382 2507 isto
1395 2469 1660 2506 firmamenti
1670 2464 1845 2514 puneto,

203 2524 277 2562 sub
294 2537 379 2573 qvo
395 2527 441 2563 in
456 2527 599 2573 prima
615 2525 915 2564 observatione
938 2529 1042 2568 erat,
1063 2522 1324 2562 abduxisset?
1345 2523 1499 2569 Neqve
1520 2521 1646 2558 facile
1665 2520 1848 2557 dabatur

309 2587 343 2612 56
1761 2571 1848 2609 alia
