2209 3213
98 801 127 825 10

100 1066 128 1091 15

84 1165 143 1198 139

97 1331 130 1356 20

99 1598 131 1622 25

102 1863 134 1888 30

102 2128 134 2154 35

116 2226 135 2256 ᾧ

105 2394 137 2420 40

480 201 1000 240 RECENTIORIBUS
1021 199 1478 239 PHAENOMENIS
1744 200 1802 237 119

162 309 356 352 5200000,
378 306 569 355 respectu
585 308 677 350 AF.
699 310 777 345 erit
793 308 994 355 Angulus
1011 307 1159 350 GCA‚
1182 307 1245 344 M.
1263 307 1324 345 53.
1343 307 1381 345 S.
1399 307 1462 349 22,
1484 306 1724 344 Parallaxis
1743 307 1802 342 vi-

162 362 315 400 delicet
334 363 488 409 primae
510 360 850 399 Obseruationis.
872 361 997 398 Vnde
1018 360 1047 398 fi
1068 360 1265 398 Altitudo
1287 372 1339 397 ex
1361 360 1392 397 F
1412 359 1635 406 superficie
1656 358 1803 396 Terrae

162 414 388 453 videbatur
404 416 449 452 in
465 413 511 457 L,
528 413 570 451 P.
588 413 650 451 36.
668 413 731 451 M.
749 414 802 455 10.
820 419 911 452 erat
927 414 1082 451 eadem
1099 425 1151 451 ex
1168 414 1208 450 A
1225 418 1373 450 centro
1389 412 1536 450 Terrae
1553 414 1598 450 in
1615 412 1666 455 K,
1683 412 1725 449 P.
1741 411 1803 449 37.

215 521 313 559 Pari
343 522 511 558 ratione
536 522 581 557 in
606 519 793 558 secunda
819 520 1147 562 Obseruatione,
1178 519 1267 566 post
1295 519 1605 566 sesquitertiam
1635 518 1804 559 horam.

163 574 290 612 datur
305 573 507 621 Angulus
526 573 655 610 HFA
676 573 988 620 contrapofitus
1010 572 1084 619 ips1
1106 572 1227 610 BFD
1246 572 1499 615 Obseruato,
1521 572 1563 609 P.
1581 572 1643 610 70.
1662 571 1725 609 M.
1743 571 1805 613 56,

164 627 534 674 complementum
546 626 800 664 Altitudinis
812 625 1104 674 deprehensae,
1117 625 1155 663 &
1168 625 1321 663 Latere
1333 625 1409 662 AF
1420 625 1622 662 existente
1634 630 1676 662 vt
1688 626 1807 671 prius

164 680 323 723 100000,
344 682 421 717 erit
437 691 513 726 per
528 678 791 727 Triangulos
806 679 963 726 planos
979 678 1073 716 AH
1090 678 1224 716 94514.
1246 677 1451 725 Cumque
1468 678 1553 715 DA
1570 680 1807 725 accipiatur

165 733 309 771 rursus
321 732 516 776 5200000,
529 734 607 770 erit
619 732 821 780 Angulus
833 731 1113 770 Parallaxeos
1125 732 1165 768 A
1174 731 1215 768 D
1224 731 1267 774 F,
1280 731 1323 768 P.
1337 732 1363 768 l.
1377 731 1439 769 Μ.
1452 731 1510 770 2ὲ.
1529 730 1807 778 Quapropter

164 786 362 825 Altitudo
372 785 578 833 posterior
588 785 829 824 Obseruata
839 797 892 823 ex
901 786 942 822 A
951 784 1099 822 Terrae
1109 790 1270 828 centro,
1283 789 1453 822 tantum
1465 784 1685 831 superaret
1697 795 1807 827 eam,

166 851 266 887 quae
283 839 338 877 est
354 851 407 877 ex
424 839 455 876 F
471 838 694 886 superficie
710 838 871 883 Terrae,
893 839 1074 885 essetque
1089 837 1146 875 ob
1162 838 1205 875 id
1221 837 1264 875 Ρ.
1281 838 1343 875 20.
1362 837 1424 874 M.
1442 837 1500 876 6-ὲ-.
1522 837 1641 875 Patet
1661 839 1808 884 itaque

166 892 454 931 differentiam
475 891 693 939 vtriusque
709 891 978 935 Altitudinis,
999 889 1190 938 respectu
1206 890 1353 928 Terrae
1375 892 1521 933 centri,
1544 890 1808 928 conferendo

166 946 281 984 hanc
298 957 398 984 cum
417 947 564 992 priori,
586 946 662 983 esse
679 945 721 983 P.
739 945 791 983 16.
810 945 873 982 M.
891 945 941 983 57
957 946 1168 992 proxime.
1190 945 1248 981 At
1266 942 1458 991 respectu
1474 943 1603 991 ipfius
1620 943 1651 981 F
1666 943 1808 990 super-

167 999 279 1037 ficiei
294 998 455 1041 Terrae,
472 998 514 1036 P.
532 999 585 1037 17.
604 998 666 1036 M.
683 999 720 1042 6,
739 998 870 1045 idque
887 1000 1008 1035 iuxta
1024 997 1281 1045 pofitionem
1297 996 1498 1039 nostram,
1520 995 1679 1034 factam
1694 997 1809 1034 vide-

167 1052 264 1091 licet
275 1053 351 1090 esse
364 1051 726 1090 Obseruationem
739 1051 957 1098 Vtriusque
967 1050 1222 1088 Altitudinis
1234 1050 1289 1088 ad
1302 1061 1459 1097 corpus
1471 1050 1627 1088 distans
1639 1061 1665 1087 a
1676 1049 1811 1087 Terra

167 1105 405 1144 secundum
424 1106 673 1152 proximam
694 1106 985 1142 remotionem
1007 1105 1293 1142 concauitatis
1314 1103 1443 1142 Orbis
1464 1103 1663 1141 Lunaris.
1685 1103 1812 1140 Foret

168 1160 295 1207 igitur
311 1158 556 1196 differentia
570 1158 594 1196 9
611 1154 961 1208 seru-{lpulorum,
979 1157 1137 1204 quibus
1153 1156 1393 1195 Parallaxis
1405 1156 1661 1194 Altitudinis
1672 1158 1811 1194 varia-

167 1218 296 1256 retur,
322 1223 422 1249 cum
447 1217 596 1249 tamen
621 1223 777 1249 reuera
798 1222 875 1258 per
898 1210 1262 1249 Obseruationem
1287 1221 1378 1247 non
1403 1209 1585 1247 alterata
1610 1209 1655 1247 fit
1681 1209 1734 1247 ab
1761 1221 1813 1247 ea

168 1265 424 1308 differentia,
442 1276 543 1312 quae
559 1264 653 1302 fieri
669 1269 837 1312 poterat
853 1262 1044 1311 respectu
1060 1266 1194 1301 centri
1210 1263 1410 1306 vniuerfi,
1431 1262 1663 1310 plusquam
1678 1263 1812 1300 tribus

167 1318 389 1366 scrupulis,
412 1317 570 1365 quibus
587 1317 846 1356 Obseruatio
862 1319 1081 1355 minorem
1099 1317 1284 1364 praebuit
1300 1316 1596 1354 Altitudinum
1613 1315 1812 1353 differen-

167 1373 285 1415 tiam,
312 1383 447 1419 quam
471 1370 718 1418 supputatio
743 1369 934 1418 respectu
959 1372 1094 1408 centri
1120 1370 1281 1408 Mundi
1307 1370 1515 1417 exigebat,
1544 1381 1645 1407 cum
1669 1371 1813 1417 potius

167 1426 309 1463 maior
329 1425 405 1462 esse
427 1424 612 1468 deberet,
634 1424 663 1462 fi
684 1424 759 1461 FA
780 1424 976 1471 aliquam
997 1423 1204 1461 habuisset
1223 1423 1463 1460 sensibilem
1483 1425 1813 1470 proportionem

168 1479 223 1516 ad
233 1478 314 1516 AC
326 1478 395 1515 vel
405 1478 503 1515 AD.
517 1477 648 1523 Quod
661 1482 809 1515 autern
820 1479 943 1515 trinis
954 1476 1164 1524 scrupulis
1177 1479 1222 1514 in
1234 1476 1453 1514 diuersum
1465 1476 1628 1518 sentiat,
1641 1475 1813 1513 excusa-

168 1533 334 1569 tionem
349 1531 475 1569 facile
492 1536 695 1574 meretur,
716 1530 926 1578 fiquidem
942 1532 987 1567 in
1004 1532 1146 1578 prima
1163 1529 1478 1568 Obseruatione
1495 1541 1583 1567 vno
1600 1529 1813 1576 scrupulo,

168 1587 215 1623 in
240 1584 376 1623 altera
401 1584 573 1622 duobus
595 1584 739 1622 sensus
762 1583 853 1622 falli
876 1583 1071 1630 procliue
1095 1588 1201 1626 erat:
1227 1583 1298 1621 vel
1320 1585 1464 1630 potius
1488 1582 1711 1620 occafione
1736 1582 1813 1619 Re-

169 1636 403 1682 frad’tionis,
430 1649 530 1684 quae
555 1639 697 1675 maior
722 1636 768 1675 fit
792 1639 838 1674 in
861 1636 1087 1674 decliuiori
1107 1636 1362 1679 Altitudine‚
1389 1648 1524 1683 quam
1549 1636 1704 1673 altiori.
1731 1635 1814 1673 Sed

170 1702 271 1729 cum
291 1693 423 1729 trium
443 1690 592 1728 saltem
612 1690 914 1738 scrupulorum
935 1689 980 1727 fit
1001 1690 1096 1727 haec
1112 1691 1297 1727 variatio
1318 1701 1397 1736 pro
1418 1689 1558 1727 nihilo
1577 1694 1814 1736 reputatur,

170 1746 260 1782 imo
276 1744 352 1782 illa
363 1744 481 1791 quod
493 1746 539 1781 in
551 1746 819 1781 contrarium
831 1743 1002 1786 abeant,
1020 1754 1112 1780 rem
1124 1754 1258 1790 quam
1271 1743 1550 1785 intendimus,
1569 1742 1815 1780 euidentius

171 1797 469 1845 comprobant.

225 1850 504 1898 Quapropter
526 1850 662 1897 liquet
685 1849 723 1887 &
746 1850 829 1893 hic,
856 1850 1089 1888 Cometam
1112 1861 1203 1887 non
1227 1850 1399 1887 extitisse
1422 1851 1468 1886 in
1492 1849 1608 1887 Orbe
1633 1848 1815 1892 BCDE,

170 1906 372 1952 proxima
396 1903 595 1941 videlicet
620 1902 817 1941 distantia
843 1904 1129 1940 concauitatis
1155 1903 1293 1940 Lunae
1319 1914 1345 1940 a
1370 1902 1517 1945 Terra,
1544 1914 1624 1940 nec
1649 1904 1695 1939 in
1719 1901 1816 1939 loco

170 1959 386 2005 propiore,
408 1962 511 1995 tunc
532 1959 650 1994 enim
671 1955 816 1994 adhuc
836 1958 978 1994 maior
996 1954 1108 1994 facta
1124 1955 1256 1994 fuisset
1273 1955 1518 1993 differentia
1535 1958 1645 1993 inter
1661 1955 1816 1992 Altitu-

171 2010 319 2049 dinem
335 2010 471 2048 visam
487 2009 525 2048 &
541 2021 703 2048 veram.
726 2009 876 2056 Quare
897 2009 1025 2057 longe
1046 2009 1174 2056 supra
1190 2009 1363 2047 Lunam
1384 2011 1430 2046 in
1450 2009 1540 2056 ipso
1556 2008 1736 2046 AEthere
1756 2008 1817 2046 lo-

172 2075 272 2102 cum
288 2063 525 2107 obtinebat;
550 2063 668 2110 quod
685 2062 994 2100 Demonstrare
1010 2062 1093 2100 hac
1110 2068 1266 2110 quarta
1282 2064 1451 2100 ratione
1467 2062 1816 2100 intendebamus.

225 2116 309 2155 Sed
329 2117 562 2154 assumatur
580 2116 795 2154 vlterioris
816 2118 947 2154 etiam
969 2116 1236 2154 certitudinis
1256 2118 1406 2164 gratia,
1429 2115 1686 2154 Obseruatio
1707 2114 1819 2153 facta

172 2170 241 2208 die
262 2170 364 2208 XIII
385 2170 654 2213 Decembris,
675 2169 870 2207 Primum
887 2169 1015 2206 Hora
1030 2169 1066 2207 7.
1084 2169 1147 2207 M.
1164 2169 1190 2212 l,
1211 2169 1283 2207 vbi
1299 2168 1511 2207 Azimuth
1532 2168 1817 2216 deprehendi-

172 2235 272 2261 mus
283 2223 337 2261 ab
351 2222 517 2261 Occasu
528 2222 674 2260 versus
686 2222 934 2265 Meridiem‚
951 2222 993 2259 P.
1007 2222 1060 2260 19.
1074 2222 1137 2260 Μ.
1151 2222 1213 2266 45,
1226 2222 1529 2265 Altitudinem,
1547 2222 1589 2259 P.
1603 2222 1665 2260 28.
1679 2222 1742 2259 M.
1755 2222 1817 2260 56.

173 2276 375 2315 Secundo
384 2287 489 2314 vero
500 2276 628 2314 Hora
636 2276 672 2314 9.
682 2275 789 2319 M.3‚
802 2275 1042 2322 interlapsis
1054 2275 1188 2323 paulo
1200 2275 1299 2323 plus
1311 2275 1482 2314 duabus
1494 2275 1626 2318 horis,
1640 2275 1818 2322 quando

173 2329 385 2367 Azimuth
402 2335 492 2367 erat
508 2329 550 2367 P.
568 2329 604 2367 6.
622 2329 685 2366 M.
702 2328 765 2372 20,
782 2328 928 2366 versus
945 2328 1308 2376 Septentrionem,
1325 2328 1535 2371 Altitudo,
1554 2328 1595 2366 P.
1613 2328 1666 2365 12.
1685 2328 1747 2365 M.
1766 2328 1818 2365 14.

174 2383 271 2421 Fuit
280 2388 429 2421 autem
439 2394 491 2420 ex
501 2384 553 2431 ijs
563 2394 663 2429 quae
673 2381 869 2429 superius
878 2381 954 2419 suo
964 2381 1062 2420 loco
1072 2382 1275 2426 diximus,
1289 2381 1326 2419 8(
1338 2382 1439 2419 inde
1449 2381 1593 2429 colligi
1603 2386 1817 2429 poterunt,

174 2435 320 2474 Prima
335 2436 597 2480 Declinatio,
619 2435 662 2473 P.
679 2435 732 2473 13.
751 2435 814 2473 M.
831 2435 894 2473 34.
915 2434 1125 2473 Posterior
1141 2446 1258 2479 vero,
1280 2435 1323 2473 P.
1340 2435 1392 2473 13.
1410 2435 1474 2473 M.
1491 2434 1554 2473 36.
1572 2434 1697 2472 Vnde
1719 2446 1818 2472 con-

175 2488 355 2528 fiderata
378 2489 536 2537 Figura
559 2499 662 2526 mox
685 2494 786 2527 ante
809 2490 1058 2535 proximam
1079 2493 1301 2531 annotata,
1326 2499 1426 2526 curn
1446 2487 1521 2526 sua
1542 2487 1818 2526 Demonstra—

1689 2542 1806 2578 tione
