2209 3213
373 196 449 233 484
690 188 965 228 IOANNIS
986 185 1215 225 CRAIGI
1237 184 1694 224 CAPNURANIAE

374 299 518 330 andros
540 295 704 331 duceris,
728 295 866 325 contra
886 295 999 323 tuum
1019 290 1134 330 ipsius
1155 290 1353 321 calculum
1374 290 1404 320 8(
1424 289 1668 329 hypothesin.
1693 288 1865 320 Primum
1888 287 2012 320 altitu-

373 343 481 373 dines
494 342 521 370 8(
534 339 756 371 Azimutha,
774 346 866 368 curn
882 334 1155 367 observatione
1171 342 1250 365 non
1267 334 1336 365 sint
1352 336 1530 373 accepta,
1546 341 1617 373 per
1631 335 1866 372 apparentes
1879 341 1901 364 a
1914 332 2013 364 Fixis

374 385 569 417 distantias
586 383 846 422 inqviruntur:
866 380 910 420 ijs
927 378 1102 418 repertis,
1120 380 1266 418 qvanta
1282 378 1320 409 in
1337 377 1484 408 Lunari
1499 377 1719 408 remotione
1735 376 1947 408 Parallaxis
1963 377 2015 408 al-

374 429 543 461 titudinis
555 428 593 458 in
605 426 757 458 duabus
770 423 1117 457 observationibus
1128 422 1330 459 offeratur,
1348 422 1509 459 invenis,
1527 422 1557 452 8(
1574 429 1651 461 qvo
1664 421 1806 461 angulo
1819 429 2014 461 apparens

373 475 436 505 via
447 471 702 503 Azimuthum
720 470 835 501 secet:
853 469 929 500 hoc
947 468 1089 508 angulo
1104 475 1175 507 pro
1187 466 1252 498 illo
1265 466 1468 506 assumpto,
1487 474 1564 506 qvo
1576 474 1671 496 vera
1683 465 1747 496 via
1758 465 2015 496 Azimuthum

374 519 488 553 secat,
510 516 731 556 parallaxes
752 512 999 553 longitudinis
1020 512 1050 542 8(
1069 511 1281 542 latitudinis
1298 511 1452 551 qvaeris.
1476 510 1576 541 Hinc
1594 509 1814 541 distantiam
1831 509 1961 541 Stellae
1977 509 2015 541 in

375 571 442 594 ore
462 561 586 600 Pegasi
609 560 657 590 ab
680 560 894 599 apparente
914 557 978 588 via
999 556 1121 588 elicis:
1147 557 1222 596 qva
1244 555 1420 587 distantia
1444 563 1516 595 pro
1538 554 1601 585 illa
1627 554 1829 594 assumpffl,
1853 562 1942 594 qvae
1963 553 2015 585 est

374 606 543 647 ejusdem
565 614 587 635 a
608 605 701 635 vera
723 603 798 639 via,
821 603 850 633 8(
870 601 1024 641 insuper
1045 599 1235 641 adjuncstis
1256 600 1306 631 ad
1327 602 1585 640 apparentem
1605 598 1712 629 viam
1735 598 2015 638 parallaxibus,

374 651 608 690 apparentes
620 647 818 679 distantias
829 646 971 677 iterum
983 645 1164 685 exqviris,
1182 653 1275 676 curn
1291 644 1480 685 posterior
1496 644 1538 674 sit
1553 643 1682 683 major
1696 642 1828 683 priori,
1845 642 1874 673 8(
1891 642 2016 674 obser-

374 698 556 725 vatarum
572 692 761 732 posterior
778 691 819 722 sit
834 691 965 722 minor
979 689 1111 730 priori,
1129 689 1243 728 supra
1260 689 1415 720 Lunam
1432 688 1538 719 fuisse
1553 687 1857 719 demonstrative
1872 688 1910 718 te
1926 694 2016 718 con-

375 738 532 770 cludere
556 736 698 768 credis:
726 736 816 775 qvia
841 735 1025 766 nimirum
1053 732 1228 765 collectae
1251 733 1441 765 distantiae
1465 732 1514 764 ab
1539 731 1763 764 Observatis
1786 731 2014 763 dissentiunt.

375 784 459 814 Imo
476 781 619 813 mirum
637 780 688 812 est
704 781 781 811 ullo
798 779 920 810 modo
937 778 1165 816 consentire,
1184 786 1275 809 cum
1292 780 1398 809 totus
1414 775 1552 808 ductus
1569 776 1612 807 sit
1627 783 1826 808 erroneus.
1844 775 2017 807 Primum

376 826 596 858 altitudines
612 826 642 856 8(
658 824 869 855 Azimutha
890 832 938 855 ex
959 822 1144 863 distantijs
1164 822 1325 862 praecise
1342 821 1426 853 dari
1442 829 1521 852 non
1537 820 1704 860 possunt:
1725 822 1768 851 ut
1788 818 1935 851 did'tum
1952 819 2015 856 est,

375 871 493 911 teipso
519 870 638 901 etiarn
664 869 825 900 fatente:
857 868 996 899 deinde
1022 868 1197 907 angulus,
1229 875 1305 906 qvo
1330 866 1411 897 visa
1435 865 1500 896 via
1525 865 1755 896 verticalem
1780 864 1884 896 secat
1909 863 2017 895 DCA

376 925 460 956 pag.
482 915 553 952 112,
575 923 654 946 non
669 913 722 945 est
738 913 843 944 idem
859 921 951 944 cum
967 912 1119 952 Angulo
1136 911 1235 942 FCA
1251 920 1337 951 pag.
1359 910 1431 947 114,
1454 918 1531 950 qvo
1548 917 1644 940 vera
1659 909 1723 940 via
1739 909 1909 940 eundem
1925 908 2017 940 divi-

376 962 441 995 dit,
463 969 511 991 ne
532 959 689 999 qvidem
705 958 817 998 juxta
833 956 1067 997 hypothesin
1082 959 1204 987 tuam.
1228 955 1331 986 Nam
1347 955 1423 986 viae
1439 954 1519 986 istae
1534 954 1573 985 in
1589 953 1717 985 altiori
1732 953 1801 984 fitu
1817 953 1958 990 minus,
1979 952 2018 984 in

376 1004 548 1037 inferiori
564 1005 650 1043 plus
666 1011 744 1034 uno
761 1002 885 1042 gradu
901 1001 1086 1037 dissident,
1106 1001 1167 1031 vel
1184 1009 1233 1031 ex
1248 1002 1316 1031 tuo
1333 999 1488 1031 calculo
1504 999 1533 1029 8(
1550 998 1828 1035 Phaenomeno,
1849 997 1913 1029 hic
1929 1005 2018 1029 vere

376 1059 422 1081 ac
440 1059 487 1081 ex
503 1047 707 1088 hypothesi
720 1046 932 1077 Parallaxis
947 1045 1143 1076 tribuitur:
1162 1045 1279 1085 Cujus
1295 1052 1398 1075 nunc
1415 1043 1557 1075 oblitus
1573 1043 1697 1074 visam
1713 1042 1820 1073 viam
1836 1050 1907 1082 pro
1923 1043 2018 1073 vera

376 1095 504 1129 sumis.
526 1091 717 1124 Parallaxi
740 1091 897 1122 abolita.
920 1090 1001 1121 Nec
1019 1098 1119 1129 opus
1138 1088 1208 1120 fuit
1229 1089 1300 1120 has
1316 1088 1400 1119 vias
1417 1087 1660 1119 confundere
1677 1087 1726 1118 ob
1744 1086 2018 1118 difficultatem

376 1138 622 1171 inventionis:
642 1136 804 1167 minima
818 1136 939 1175 opera
951 1134 991 1165 hi
1003 1133 1143 1174 anguli,
1156 1134 1186 1164 8(
1198 1136 1345 1165 caetera
1357 1132 1615 1172 reperiuntur,
1631 1131 1732 1162 datis
1744 1130 2020 1171 apparentium

641 1187 667 1217 A
722 1179 970 1211 altitudinum
994 1178 1270 1218 supplementis
1290 1177 1376 1215 AD,
1398 1177 1476 1213 AE,
1501 1177 1530 1208 8(
1553 1175 1774 1207 differentia
1794 1175 2022 1206 Azimutho-

630 1218 683 1263 „s
720 1233 809 1256 rum
831 1224 951 1260 DAE,
975 1222 1123 1262 qvaesiti
1144 1222 1195 1253 ad
1215 1222 1338 1253 basim
1359 1221 1489 1261 anguli
1509 1220 1589 1252 noti
1609 1220 1704 1251 fient
1724 1220 1834 1251 ADE
1848 1220 1878 1250 8(
1894 1219 2019 1251 AED:

606 1278 617 1289 s
638 1232 677 1350 s
721 1267 831 1300 dictis
848 1267 1123 1308 supplementis
1137 1266 1415 1298 subtrahantur
1425 1265 1694 1305 hypotheticae
1706 1265 1928 1295 Parallaxes
1940 1263 2020 1301 BD,

722 1314 751 1345 8(
772 1313 833 1344 CE
856 1313 1039 1349 inventae,
1064 1314 1198 1342 manet
1219 1311 1434 1351 triangulus
1454 1310 1556 1341 ABC
1579 1309 1694 1341 datus
1716 1312 1758 1340 ut
1781 1311 1882 1340 ante.
1908 1308 2022 1340 Unde

723 1357 851 1398 anguli
870 1356 973 1388 ABC
988 1356 1018 1387 8(
1034 1356 1143 1387 ACD
1164 1355 1464 1396 cognoscentur:
1487 1353 1614 1386 Dudto
1635 1353 1822 1385 nimirum
1843 1361 1913 1393 per
1931 1352 2021 1384 haec

721 1401 866 1443 puncta
887 1401 1064 1432 maximo
1087 1400 1252 1438 Circulo,
1276 1400 1300 1431 si
1321 1400 1359 1430 in
1378 1399 1447 1430 tali
1466 1398 1596 1430 fuerat
1613 1406 1731 1430 verus
1752 1400 1895 1429 motus.
1918 1397 2022 1429 Nam

721 1446 903 1486 trianguli
922 1445 1075 1477 fabrica
1095 1444 1317 1476 maximum
1340 1443 1511 1483 reqvirit,
1536 1443 1600 1474 sed
1623 1443 1782 1482 qvalem
1805 1442 1868 1473 hic
1890 1444 2023 1473 motus

722 1490 916 1528 habuerit,
936 1489 1114 1521 nescitur.
1136 1490 1191 1520 Ex
1212 1488 1427 1529 congenitis
1443 1488 1551 1519 Coelo
1567 1486 1705 1524 Stellis‚
1727 1495 1816 1526 qvae
1835 1486 2023 1518 Erraticae

722 1538 929 1572 vocantur,
951 1542 1090 1566 omnes
1106 1541 1222 1565 veros
1243 1533 1331 1564 suos
1351 1534 1483 1564 motus
1498 1532 1537 1563 in
1553 1531 1738 1562 maximis
1754 1530 1916 1562 Circulis
1933 1539 2025 1562 con—

723 1579 870 1617 ficiunt,
888 1588 911 1610 a
928 1578 1067 1619 qvibus
1079 1577 1218 1609 distant
1229 1576 1505 1618 apparentium
1516 1578 1700 1608 motuum
1710 1573 1870 1613 tractus,
1888 1574 1953 1615 qvi
1968 1583 2024 1606 re-

724 1626 817 1656 vera
834 1631 1087 1663 neqvaqvam
1103 1622 1267 1653 maximi
1283 1621 1424 1653 Circuli
1441 1621 1539 1652 sunt:
1563 1620 1605 1652 In
1626 1619 1905 1652 remotioribus
1921 1619 2024 1651 coin-

724 1668 817 1701 cidit
833 1667 990 1708 qvidem
1006 1666 1154 1699 tractus
1166 1666 1392 1707 apparentis
1404 1668 1535 1698 motus
1547 1673 1640 1696 curn
1652 1665 1805 1696 Circulo
1817 1664 1916 1695 veri:
1933 1663 2024 1704 qvia

724 1713 914 1745 immensa
925 1712 1094 1744 remotio
1106 1711 1368 1743 variationem
1379 1710 1481 1741 visus
1496 1710 1535 1741 in
1551 1709 1715 1740 nihilum
1731 1708 1878 1749 redigit,
1895 1710 1938 1739 ut
1953 1707 2025 1739 dis-

681 1751 699 1780 ῑ
725 1758 833 1790 cerni
852 1759 1060 1797 neqveant.
1082 1756 1131 1787 At
1151 1756 1270 1787 etiarn
1286 1756 1324 1786 in
1339 1755 1385 1795 ijs
1401 1754 1525 1795 reipsa
1541 1753 1726 1785 dissident.
1749 1753 1791 1784 In
1806 1754 1873 1784 tua
1891 1752 2024 1792 Hypo—

379 1807 474 1839 thesi
489 1806 577 1837 talis
592 1804 759 1837 remotio
776 1811 856 1834 non
871 1801 935 1839 est,
953 1804 996 1832 ut
1010 1801 1087 1832 viae
1103 1800 1328 1840 apparentis
1344 1800 1374 1831 8(
1390 1799 1472 1830 veri
1488 1801 1619 1830 motus
1635 1797 1824 1830 confundi
1839 1797 2020 1835 debeant,

379 1860 450 1883 nec
468 1852 590 1882 altera
606 1858 677 1890 pro
694 1849 817 1880 altera
834 1846 942 1878 sumi.
959 1844 974 1889 11

2056 690 2087 716 10

2057 911 2088 937 15

2058 1133 2091 1159 20

2059 1355 2093 1381 25

2061 1577 2095 1603 30

2059 1799 2093 1825 35

433 1896 471 1927 Si
487 1894 640 1927 caeteris
652 1891 918 1925 Parallaxibus
930 1899 1029 1931 opus
1043 1889 1182 1926 fuerat,
1201 1888 1301 1920 datis
1317 1888 1374 1929 ijs,
1392 1896 1481 1928 qvae
1498 1886 1708 1919 altitudinis
1726 1886 1820 1923 sunt,
1838 1886 1944 1917 nullo
1960 1893 2023 1917 ne·
2082 1889 2097 1901 ν

381 1940 484 1980 gotio
506 1939 745 1970 innotescere
765 1937 963 1976 poterant:
986 1935 1018 1965 A
1033 1934 1132 1966 Polis
1154 1933 1380 1965 Horizontis
1397 1932 1434 1970 F,
1457 1931 1654 1972 Eclipticae
1670 1931 1714 1969 A,
1735 1929 1966 1970 AEqvatoris
1982 1930 2020 1967 Β,

382 1986 576 2015 ducantur
592 1983 642 2014 ad
656 1981 846 2013 terminos
862 1980 1112 2011 Parallaxeos
1129 1977 1342 2009 altitudinis
1358 1977 1385 2008 C
1401 1977 1431 2008 8(
1447 1977 1481 2007 D
1497 1975 1633 2008 circuli
1647 1975 1827 2007 maximi:
1844 1974 2023 2015 trianguli

382 2029 448 2059 FD
457 2029 484 2059 B
495 2028 595 2058 datis
606 2026 804 2061 lateribus,
821 2025 994 2064 Angulus
1006 2024 1033 2054 C
1042 2023 1074 2054 D
1083 2023 1110 2054 B
1122 2021 1263 2064 notu[s]
1280 2022 1366 2053 erit:
1384 2021 1538 2053 rursum
1549 2019 1730 2060 trianguli
1739 2019 1849 2050 ADB
1860 2018 2023 2059 cognitis

381 2072 579 2108 lateribus,
601 2071 667 2102 AB
687 2069 896 2101 declinatio
917 2068 1106 2104 maxima,
1128 2067 1158 2098 8(
1177 2067 1251 2098 AD
1273 2067 1302 2097 8(
1323 2066 1391 2097 BD
1414 2066 1519 2106 supp.
1540 2065 1691 2096 latitud.
1708 2064 1738 2095 8(
1756 2063 1937 2095 declinat.
1960 2071 2024 2102 ap-

382 2116 604 2156 parentium
626 2115 720 2152 sunt,
742 2113 955 2145 innotescet
969 2112 1142 2152 Angulus
1158 2111 1280 2149 ADB,
1302 2119 1379 2150 qvo
1397 2119 1420 2141 a
1436 2118 1539 2142 nunc
1559 2109 1718 2141 invento
1740 2106 1947 2145 subtracto,
1968 2116 2024 2139 re-

382 2160 567 2200 linqvitur
589 2159 708 2195 CDA.
733 2166 850 2198 qvem
873 2157 1073 2189 continent
1095 2157 1174 2187 duo
1196 2156 1321 2187 latera
1344 2157 1437 2186 nota
1460 2154 1529 2185 CD
1552 2154 1687 2194 parall.
1713 2152 1861 2184 altitud.
1883 2151 1913 2184 8(
1932 2151 2022 2182 AD:

384 2206 481 2244 Ergo
498 2204 657 2243 reliqvae
673 2206 804 2243 partes
816 2201 915 2233 illius
926 2201 1034 2232 ACD
1046 2200 1226 2240 trianguli
1237 2199 1480 2232 constabunt.
1499 2198 1556 2230 Est
1568 2200 1701 2230 avtem
1714 2197 1820 2229 CAD
1832 2196 2022 2228 Parallax.

384 2249 582 2289 longitud,
600 2248 629 2278 8(
645 2248 707 2278 AC
724 2247 802 2286 sup.
820 2246 967 2277 latitud.
985 2254 1105 2283 verae,
1122 2245 1196 2276 AD
1214 2245 1318 2284 supp.
1336 2244 1485 2275 latitud.
1503 2243 1607 2274 visae.
1626 2242 1712 2274 Hac
1729 2241 1931 2273 latitudine
1942 2240 2022 2278 DE,

386 2294 435 2324 ab
452 2293 515 2324 illa
531 2291 732 2323 latitudine
748 2291 827 2328 CG,
850 2289 1021 2332 ablat[a,]
1037 2289 1266 2329 relinqvitur
1281 2289 1470 2320 Parallax.
1488 2287 1637 2319 latitud.
1655 2287 1721 2318 CI:
1744 2286 1805 2317 Sic
1826 2285 2025 2326 cujuscun-

386 2346 460 2377 qve
481 2336 621 2367 Circuli
644 2334 817 2375 resped'tu
841 2334 1060 2365 differentia
1082 2334 1182 2365 inter
1204 2333 1429 2373 apparentis
1452 2332 1481 2363 8(
1504 2331 1587 2363 veri
1609 2331 1686 2363 loci
1706 2331 1880 2362 Circulos
1902 2329 2025 2361 latere

386 2381 534 2421 neqvit:
556 2382 598 2411 ut
618 2380 734 2419 Supp.
752 2380 896 2419 Appar.
919 2378 1016 2410 decl.
1039 2378 1124 2409 BD:
1146 2386 1253 2409 verae
1273 2377 1455 2409 declinat.
1476 2376 1553 2408 BC:
1576 2383 1746 2416 qvorum
1766 2375 1933 2406 alterum
1952 2381 2024 2413 pro

387 2426 509 2457 altero
527 2424 622 2456 sumi
639 2432 718 2455 non
734 2423 865 2454 debet:
886 2422 946 2454 Sic
964 2423 989 2453 si
1006 2423 1170 2453 dilatare
1185 2424 1253 2453 tua
1269 2421 1431 2459 voluisti,
1448 2419 1797 2452 demonstrandum
1813 2418 1899 2450 fuit:
1922 2417 2025 2449 Nam

387 2469 530 2509 alioqvi
551 2469 601 2500 acl
622 2466 889 2509 propositum]
911 2466 1003 2498 nihil
1025 2466 1177 2498 confert
1196 2466 1341 2497 harum
1361 2466 1616 2506 parallaxemv
1636 2463 1818 2496 inventio.
1844 2461 2026 2494 Similiter

1981 2509 2026 2546 in

2060 2020 2094 2046 40

2062 2243 2095 2268 45
