2209 3213
352 231 418 267 190
845 224 926 261 DE
949 223 1173 261 MUNDI
1194 221 1495 259 AETHEREI

350 337 421 380 qui
441 336 569 370 etiam
588 343 684 368 cum
702 330 843 367 nostro
860 331 1055 376 apprime
1073 329 1280 366 consentit
1296 328 1392 374 (nec
1409 330 1541 366 etiam
1556 330 1638 366 tria
1654 328 1723 366 vel
1739 334 1927 375 quatuor
1942 331 1988 366 in

350 392 469 424 motu
487 386 643 422 diurno
661 384 841 420 alterata
858 382 1068 428 scrupula,
1090 381 1355 428 propofitum
1376 383 1599 428 negotium
1615 381 1861 419 sensibiliter
1877 384 1987 419 vari-

350 440 451 483 ant.)
470 439 592 484 Ergo.
611 448 709 473 curn
723 436 867 473 cursus
880 435 1063 472 diurnus
1076 446 1204 472 verus
1216 434 1355 477 fuerit,
1374 434 1509 472 Grad.
1523 435 1549 471 1.
1562 437 1714 472 minut.
1728 435 1778 472 54
1790 436 1988 481 proxime

350 492 542 538 (qualem
559 492 675 527 enim
693 489 843 526 habuit
860 488 1109 525 Parallaxin
1126 488 1408 525 antecedente
1425 488 1506 529 die,
1524 488 1710 525 eandem
1722 487 1986 534 &sequente,

350 545 556 591 siquidem
577 542 803 588 vtrobique
825 544 869 578 in
891 541 1100 579 consimili
1117 541 1359 578 Altitudine
1377 540 1712 585 Obseruabatur,
1734 541 1847 578 vnde
1869 540 1987 578 diffe-
2027 552 2041 576 5

350 600 485 636 rentia
511 600 621 634 inter
644 596 740 632 loca
763 595 990 641 vtrobique
1013 594 1101 632 visa
1125 599 1326 640 aequatur
1350 593 1607 632 differentiae
1633 596 1743 632 inter
1768 595 1934 637 eadem,
1961 594 1989 631 fi

348 653 499 691 forent.
517 649 637 695 vera)
659 649 760 686 huic
778 648 805 685 fi
822 647 1152 685 adhibuerimus
1170 647 1507 694 Longitudinem
1524 647 1734 690 Cometae,
1757 659 1856 694 quae
1872 648 1988 685 vide-

347 707 472 743 batur
488 702 758 750 praecedente
776 702 856 743 die.
874 702 1002 739 Hora
1017 701 1053 743 8,
1071 703 1117 738 in
1129 701 1384 744 Altitudine,
1402 701 1443 738 P.
1457 701 1532 744 1532
1550 701 1728 747 quando
1744 701 1883 738 multo
1899 713 1988 738 ma-

348 762 484 796 iorem
501 757 730 794 necessario
748 758 958 802 ingereret
975 754 1236 797 Parallaxin‚
1254 754 1283 791 fi
1298 754 1360 791 illi
1376 754 1564 791 multum
1581 754 1774 792 obnoxia
1789 754 1909 797 foret,
1927 756 1989 791 in-

348 814 590 852 ueniemus‚
613 810 729 856 quod
751 810 805 846 ab
827 809 954 846 Hora
969 809 1005 846 5.
1024 809 1086 846 M.
1105 808 1179 851 131,
1201 807 1332 854 vsque
1351 810 1396 845 in
1413 808 1587 846 Horam
1602 808 1638 846 7.
1656 807 1719 845 M.
1737 809 1821 851 592
1844 807 1990 846 cursus
2031 816 2061 840 10

349 865 545 903 Cornetae
568 875 697 901 verus
721 863 796 900 esse
820 862 1015 900 debuerit
1038 861 1339 908 scrupulorum
1361 861 1414 899 13.
1438 862 1495 899 At
1517 873 1594 908 per
1615 861 1989 903 obseruationem,

347 919 425 955 fuit
446 920 490 955 in
512 917 793 955 antecedente
814 921 1009 962 tempore
1030 915 1276 962 Longitudo
1298 915 1496 953 Cometae
1517 917 1562 952 in
1583 915 1625 952 P.
1647 915 1683 953 5.
1706 915 1769 952 M.
1790 915 1841 953 50
1866 924 1923 955 mx.
1945 916 1990 951 in

347 972 562 1017 sequente.
575 973 621 1007 in
632 975 738 1017 part.
751 970 786 1007 6.
800 971 952 1006 minut.
965 970 989 1007 6
1004 978 1044 1005 m
1054 1000 1061 1012 ‚
1073 974 1116 1006 vt
1128 970 1294 1006 interea
1305 973 1532 1015 promotus
1544 968 1589 1005 fit
1600 980 1677 1015 per
1688 970 1990 1015 apparentiam

347 1025 387 1062 16
408 1024 628 1071 scrupulis.
653 1024 770 1070 quod
793 1025 925 1060 ternis
948 1024 1271 1068 promotionem
1295 1022 1499 1060 diurnam
1523 1021 1700 1065 excedit,
1725 1033 1824 1059 cum
1846 1023 1991 1068 potius

347 1084 491 1115 motus
508 1080 673 1115 interea
689 1088 918 1123 apparens,
935 1075 964 1113 fi
980 1075 1218 1123 parallaxis
1234 1075 1437 1113 sensibilis
1453 1074 1555 1112 huic
1573 1075 1770 1113 Cometae
1787 1074 1989 1117 adfuisset.
2032 1081 2061 1105 15

348 1131 489 1177 qualis
506 1128 521 1180 ΙΙ
537 1130 606 1168 vel
622 1132 667 1167 in
684 1130 848 1167 Lunari
865 1129 981 1167 Orbe
999 1131 1218 1176 contingit,
1235 1129 1346 1166 adeo
1362 1129 1511 1166 tardus
1528 1129 1728 1171 extitisset,
1744 1134 1787 1166 vt
1804 1128 1989 1166 Cometa
2015 1128 2079 1159 223

347 1184 456 1222 nihil
477 1184 564 1221 fere
586 1185 838 1230 promoueri
854 1182 967 1220 visus
988 1182 1132 1225 fuisset‚
1154 1182 1318 1220 nedum
1334 1187 1377 1219 vt
1393 1184 1526 1219 ternis
1542 1181 1751 1228 scrupulis
1769 1181 1866 1229 plus
1882 1181 1988 1219 iusto

347 1238 600 1284 processisset,
611 1237 729 1274 velut
741 1248 793 1274 ex
806 1236 932 1282 supra
942 1238 1079 1273 citatis
1091 1235 1196 1273 locis
1205 1240 1333 1282 patet.
1347 1235 1440 1273 Nec
1451 1233 1734 1273 Refrac'tionis
1744 1234 1988 1278 infinuatio,

348 1291 431 1328 hoc
447 1291 543 1328 loco
560 1290 724 1336 aliquid
742 1289 858 1336 dubij
878 1289 1016 1331 infert.
1034 1289 1244 1335 siquidem
1257 1291 1303 1326 in
1313 1288 1465 1326 vltima
1477 1288 1719 1326 Altitudine
1734 1288 1990 1326 eleuabatur

349 1344 534 1382 Cometa
555 1343 687 1391 paulo
703 1343 814 1380 vltra
830 1344 870 1380 15
887 1343 1057 1390 gradus.
1080 1354 1168 1389 quo
1188 1344 1234 1380 in
1254 1342 1331 1380 fitu
1349 1340 1561 1380 Refrac‘tio
1576 1343 1813 1389 perexigua
1829 1341 1988 1383 euadit,
2027 1346 2060 1371 20

348 1400 509 1443 vixque
529 1402 652 1434 terna
672 1396 747 1434 illa
767 1396 979 1442 scrupula.
1001 1396 1160 1442 quibus
1177 1396 1363 1434 Cometa
1383 1395 1527 1433 debito
1549 1395 1730 1432 celerior
1749 1394 1988 1437 videbatur,

349 1451 583 1497 adaequare
608 1449 751 1497 potest.
778 1454 821 1487 vt
846 1449 928 1487 hae
953 1451 1134 1492 ratione,
1161 1448 1355 1487 adhibita
1378 1450 1510 1486 etiam
1533 1446 1817 1491 Refradlione‚
1844 1447 1990 1485 cursus

349 1515 565 1550 apparens
586 1515 686 1540 cum
706 1508 829 1540 motu
844 1514 961 1545 vero,
983 1503 1038 1540 ab
1054 1502 1296 1540 Altitudine
1317 1502 1433 1550 grad.
1451 1502 1502 1540 36
1517 1501 1618 1544 fere,
1639 1503 1685 1539 in
1701 1501 1990 1539 Altitudinem

349 1558 389 1595 15
406 1559 595 1603 partium
611 1556 741 1603 plane
758 1555 1026 1597 consenserit.
1049 1556 1166 1602 quod
1183 1555 1435 1593 nullatenus
1453 1554 1586 1598 fieret,
1607 1555 1637 1592 fi
1657 1554 1853 1601 aliquam
1869 1554 1990 1592 senfi-

348 1610 479 1647 bilem
492 1609 729 1647 obtinuisset
741 1609 811 1647 hic
824 1609 1009 1647 Cometa
1021 1609 1282 1647 Parallaxin.
1300 1608 1462 1654 Quare,
1480 1608 1549 1646 vel
1560 1607 1729 1646 nullam
1740 1607 1904 1651 habuit,
1921 1607 1991 1645 vel
2029 1613 2061 1637 25

350 1664 460 1701 adeo
478 1663 647 1705 exilem,
668 1668 711 1700 vt
728 1665 799 1700 vix
816 1665 861 1700 in
877 1662 1020 1700 sensus
1037 1663 1224 1705 caderet;
1246 1662 1433 1708 ideoque
1454 1663 1637 1699 minime
1658 1663 1859 1699 omnium
1878 1660 1992 1698 infra

350 1717 534 1757 Lunam,
560 1718 604 1753 in
629 1716 746 1754 Orbe
771 1716 1036 1753 Elementari
1062 1715 1323 1759 versabatur,
1349 1715 1419 1753 sed
1443 1715 1570 1762 longe
1596 1714 1723 1761 supra
1748 1714 1875 1756 hanc.
1901 1726 1992 1751 non

350 1770 537 1807 multum
559 1781 584 1807 a
605 1769 746 1807 Solari
767 1769 950 1816 Sphaera
970 1774 1163 1806 remotus
1184 1768 1422 1810 incedebat.
1445 1768 1515 1806 vel
1535 1768 1636 1806 sane
1656 1770 1701 1805 in
1723 1767 1821 1805 loco
1841 1767 1991 1814 aliquo

350 1823 418 1860 his
443 1823 713 1865 intermedio,
743 1824 802 1860 ita
827 1828 987 1866 tamen,
1016 1827 1060 1859 vt
1084 1833 1246 1869 magna
1270 1821 1593 1869 intercapedine
1619 1821 1745 1859 Luna
1769 1820 1992 1859 sublimior

351 1878 545 1913 extiterit.
2029 1879 2062 1904 30

405 1928 534 1974 Quod
556 1928 584 1966 fi
604 1930 794 1975 priorem
812 1928 1174 1966 Obseruationem
1196 1928 1315 1966 DIEI
1337 1928 1503 1966 XXIIII
1525 1926 1883 1971 NOVEMBRIS‚
1906 1938 1994 1964 vna

351 1984 395 2019 in
419 1981 644 2019 confilium
667 1981 1010 2024 adhibuerimus,
1034 1984 1314 2019 inueniemus
1337 1981 1391 2019 ab
1415 1981 1542 2019 Hora
1564 1982 1600 2018 5.
1624 1981 1687 2018 M.
1711 1981 1770 2023 913,
1793 1979 1925 2026 Vsque
1948 1981 1993 2017 in

352 2035 525 2071 Horam
545 2035 580 2072 7.
603 2034 666 2071 M.
684 2035 767 2076 594².
791 2035 1025 2072 interuallo
1048 2035 1277 2073 Horarum
1299 2035 1335 2072 2.
1355 2034 1418 2072 M.
1436 2035 1486 2072 50
1508 2036 1718 2081 proxime,
1742 2038 1993 2080 promotum

354 2088 596 2129 Cometam,
620 2087 857 2125 secundum
878 2087 1253 2129 obseruationem.
1277 2088 1332 2126 ad
1355 2090 1502 2125 minus
1523 2087 1572 2124 24
1594 2088 1786 2129 minutis,
1810 2097 1910 2124 cum
1932 2091 1993 2124 ta-

352 2152 466 2183 men,
484 2143 604 2178 iuxta
617 2142 877 2187 exigentiam
889 2146 1033 2178 motus
1045 2143 1135 2178 veri
1148 2141 1186 2178 &
1198 2141 1355 2184 diurni,
1369 2142 1623 2188 promoueri
1634 2139 1782 2178 saltem
1794 2138 1994 2177 debuisset
2032 2146 2064 2170 ³⁵

353 2194 392 2230 14
410 2193 618 2240 scrupulis
635 2193 689 2230 ad
706 2193 941 2234 summum:
962 2199 1005 2231 vt
1027 2194 1081 2231 ob
1099 2194 1140 2231 id
1157 2206 1374 2241 apparens
1390 2199 1535 2231 motus
1550 2193 1664 2231 visus
1680 2192 1725 2230 fit
1745 2193 1798 2230 10.
1815 2194 1995 2230 minutis

354 2246 489 2293 (quod
506 2246 654 2293 aliqua
669 2246 995 2284 Obseruationis
1011 2249 1180 2285 incuria
1196 2246 1358 2285 factum
1375 2248 1450 2285 esse
1467 2246 1667 2292 arbitror)
1684 2257 1789 2283 vero
1801 2245 1839 2283 &
1851 2245 1994 2283 debito

352 2301 505 2341 maior.
527 2299 691 2337 nedum
707 2305 749 2336 vt
766 2301 921 2342 minor,
942 2306 1070 2346 prout
1087 2300 1326 2338 Parallaxis
1346 2299 1548 2338 sensibilis
1569 2301 1710 2346 exigit.
1731 2298 1993 2336 redderetur.

354 2352 503 2398 Quare
524 2364 579 2389 ne
600 2352 694 2389 haec
716 2352 893 2399 quidem
915 2353 1172 2390 Obseruatio
1192 2355 1326 2400 priori
1347 2352 1599 2400 refragatur,
1623 2354 1712 2389 imo
1733 2353 1877 2399 potius
1898 2351 1996 2398 plus

354 2417 487 2452 quam
503 2405 662 2442 necesse
679 2410 781 2447 erat,
799 2417 896 2443 eam
913 2405 1153 2443 confirmat.
1171 2403 1186 2455 ΙΙ
2031 2412 2065 2437 40

407 2457 506 2495 DIE
527 2458 665 2495 XXX.
688 2458 1044 2500 NOVEMBRIS.
1067 2459 1194 2497 Hora
1214 2460 1250 2497 5.
1272 2459 1335 2496 M.
1356 2459 1431 2502 12⁷3.
1454 2470 1507 2496 ex
1527 2457 1768 2495 Azimutho
1789 2457 1831 2494 P.
1850 2456 1935 2499 33³2.
1957 2456 1995 2494 &
2019 2461 2084 2491 224

354 2510 607 2553 Altitudine,
632 2511 673 2548 P.
695 2511 758 2548 40.
781 2511 843 2548 M.
865 2512 927 2554 55,
952 2512 1129 2549 assumto
1153 2512 1251 2550 loco
1272 2511 1384 2550 Solis
1407 2511 1549 2549 nostro
1572 2513 1618 2548 in
1638 2511 1680 2548 P.
1702 2510 1755 2548 18.
1780 2509 1996 2610 M.11)3150(‚{;t
