2209 3213
396 191 470 227 428
794 186 1262 225 APOLOGETICA
1285 185 1642 224 RESPONSIO

394 302 537 332 motus
560 295 779 331 scientiam
803 293 904 330 huic
930 293 1140 334 Cometae,
1164 304 1254 330 non
1277 294 1424 329 minus
1447 303 1577 338 qvam
1602 291 1776 339 reliqvis
1799 292 1937 336 stellis,
1962 293 2032 331 etfi

394 361 482 386 non
500 349 610 385 adeo
626 346 859 393 perfectam
872 346 909 383 &
922 345 1281 388 consummatam,
1299 344 1472 383 adfuisse
1489 345 1563 382 tibi
1580 345 1805 383 absurdius
1822 346 2031 389 videatur,

393 413 522 448 qvam
540 400 717 437 concedi
735 404 878 445 qveat:
897 399 1015 444 Quid
1027 398 1055 436 fi
1067 411 1093 436 a
1107 398 1253 436 Genio
1265 398 1424 445 aliqvo,
1442 400 1513 445 qvi
1528 403 1697 435 motum
1712 400 1806 446 ejus
1819 400 1878 436 ita
1893 399 2031 437 direx-

393 457 481 495 erit,
495 454 624 490 talem
639 452 922 490 constantiam
933 451 969 489 8(
980 452 1253 490 ordinarium
1264 451 1435 489 cursum
1444 451 1506 488 illi
1516 451 1770 489 attributum
1781 452 2031 495 dixerimus,

393 518 499 544 num
516 512 616 543 tunc
633 505 848 542 Aristoteli
865 510 940 542 tuo
957 507 1104 543 minus
1121 507 1338 543 contraria
1359 503 1660 542 attulerimus?
1680 516 1786 542 nam
1803 510 1842 542 et
1858 507 1893 543 is
1909 505 2031 544 intel-

392 560 588 606 ligentias
610 558 835 596 Astrorum
856 558 1047 596 motibus
1067 559 1238 605 praeesse
1259 570 1350 596 non
1371 558 1583 596 dubitavit
1603 558 1849 596 asseverare.
1873 558 1983 605 Qvae
2003 559 2033 596 fi

392 615 580 659 integros
604 612 729 649 orbes
752 616 895 649 rotare
918 611 1116 655 debeant,
1140 611 1310 649 facilius
1333 611 1472 658 ipsum
1493 611 1652 649 astrum
1672 611 1834 658 absqve
1855 611 2032 650 orbibus

393 666 585 712 dirigent.
612 665 777 702 Verum
803 665 855 702 de
881 664 963 702 hac
989 664 1236 711 qvaestione,
1262 665 1378 702 unde
1404 670 1493 702 tam
1519 664 1729 711 regularis
1755 670 1901 702 motus
1930 665 2032 703 huic

394 718 590 756 Cometae
613 720 848 765 contigerit,
870 722 910 755 et
931 729 983 755 ex
1005 730 1089 765 qva
1110 720 1295 755 materia
1316 720 1428 755 intra
1445 717 1545 755 coeli
1560 717 1718 755 limites
1735 717 2032 756 conformatus

392 772 449 814 fit,
463 768 477 821 Η
490 771 691 818 qvaliqve
709 773 877 808 ratione
894 771 980 808 illic
997 773 1193 814 extiterit,
1210 773 1256 809 in
1268 783 1333 815 eo,
1351 783 1480 817 qvem
1496 770 1722 815 transmisi,
1739 770 1849 808 libro
1866 783 1919 808 ex
1934 783 2030 819 pro·
2093 787 2107 798 v

393 824 488 862 sesso
514 836 604 861 non
631 826 708 871 egi,
734 824 803 862 sed
829 824 944 862 hanc
969 823 1270 862 tractationem
1293 826 1338 862 in
1363 824 1595 871 Epilogum
1619 826 1750 861 totius
1776 826 1932 871 operis,
1958 825 2033 862 ubi

393 880 593 915 omnium
615 877 901 915 Cometarum
923 889 948 915 a
969 877 1097 915 nobis
1118 878 1342 925 diligenter
1364 877 1690 915 observatorum
1713 877 1929 915 sufficiens
1950 878 2032 915 dis-

393 931 558 978 qvifitio
575 930 877 968 Astronomica
894 930 1089 968 absoluta
1106 930 1245 975 fuerit,
1267 932 1510 978 rejecimus,
1531 942 1583 968 eo
1602 930 1716 977 qvod
1733 930 1829 968 haec
1845 931 2032 969 confide-

393 987 502 1022 13110
514 986 657 1031 potius
670 983 847 1031 Physica
859 995 990 1031 qvam
1003 983 1306 1022 Astronomica
1318 984 1375 1026 fit,
1393 989 1432 1021 et
1448 986 1493 1021 in
1509 984 1583 1021 isto
1600 983 1710 1021 libro
1726 983 1875 1021 saltem
1888 990 2033 1022 motus

392 1039 670 1084 apparentias
688 1037 724 1074 &
741 1037 842 1075 hinc
855 1035 1061 1075 deductas
1073 1037 1324 1075 Parallaxes
1337 1039 1574 1084 exqvirere,
1592 1043 1719 1083 atqve
1732 1049 1832 1074 cum
1844 1037 2034 1075 aliorum

393 1090 778 1128 Observationibus
801 1090 997 1128 conferre
1021 1092 1197 1128 animus
1220 1090 1310 1128 suit.
1337 1090 1503 1128 Sufficit
1529 1093 1672 1137 itaqve
1696 1090 1782 1128 illic
1806 1090 2033 1135 ostendisse,

392 1144 565 1190 qvalem
581 1155 735 1181 revera
751 1143 953 1181 habuerit
964 1143 1034 1181 iste
1047 1143 1234 1182 Cometa
1246 1149 1428 1187 motum,
1447 1146 1518 1191 qvi
1534 1144 1651 1181 unde
1668 1145 1925 1190 pervenerit,
1942 1156 2034 1182 non

392 1197 445 1234 611
459 1197 708 1234 Astronomi
724 1198 950 1244 proprium
968 1199 1141 1244 penitus
1157 1197 1347 1235 scrutari.
1365 1197 1476 1235 Satis
1493 1199 1612 1235 enim
1628 1197 1683 1234 611
1699 1197 1753 1235 ab
1765 1197 1842 1234 illo
1855 1197 2033 1235 demon-

391 1250 508 1288 strari
525 1250 695 1287 cursum
713 1250 993 1297 ejuscemodi,
1011 1256 1050 1288 et
1067 1262 1158 1288 non
1174 1250 1312 1288 alium
1329 1250 1461 1288 fuisse:
1485 1250 1536 1288 de
1553 1250 1637 1288 hoc
1654 1250 1803 1293 altero,
1826 1262 1973 1288 meam
1989 1252 2035 1289 in

392 1303 477 1341 fine
494 1305 625 1341 totius
642 1305 797 1350 operis,
816 1309 862 1341 ut
878 1303 979 1347 dixi,
998 1303 1268 1351 expositurus
1284 1303 1554 1347 sententiam,
1572 1315 1668 1350 qvae
1681 1303 1710 1341 fi
1722 1304 1927 1341 omnibus
1943 1316 2035 1342 non

391 1357 590 1399 arrideat,
608 1356 794 1394 liberum
811 1359 888 1394 erit
906 1359 1060 1404 cuiqve
1076 1369 1153 1404 per
1164 1368 1234 1395 me
1246 1357 1316 1395 vel
1327 1357 1511 1395 meliora
1523 1356 1728 1404 proferre,
1745 1357 1815 1394 vel
1826 1357 1901 1394 suo
1913 1357 2035 1395 sensu

391 1410 627 1448 abundare.
655 1410 763 1448 Sunt
790 1410 993 1457 qvaedam
1018 1410 1190 1453 scibilia,
1218 1412 1323 1448 citra
1349 1422 1446 1457 qvae
1472 1410 1672 1448 humana
1697 1422 1822 1448 mens
1847 1410 2033 1454 vacillat,

392 1475 531 1510 neqve
548 1465 650 1500 certi
667 1464 780 1510 qvid,
800 1465 845 1501 in
864 1463 947 1501 1136
963 1464 1128 1501 caduca
1144 1465 1233 1501 vita
1249 1463 1503 1501 constituere
1520 1463 1664 1510 potest,
1686 1463 1757 1501 sed
1773 1463 1920 1501 saltem
1938 1475 2034 1510 pro-

392 1517 589 1554 babiliter
605 1516 660 1554 ad
677 1518 869 1554 veritatis
886 1516 1127 1563 penetralia
1144 1516 1344 1564 aspirare.

2076 1051 2106 1075 15

2073 1316 2106 1341 20

446 1569 645 1607 Secunda
662 1569 870 1607 Maxima
891 1581 961 1607 me
982 1572 1126 1616 potius
1144 1570 1351 1608 Cometas
1373 1570 1486 1608 coelo
1508 1571 1799 1608 exterminare
1820 1572 1896 1613 ais,
1919 1570 2034 1617 qvod
2046 1582 2105 1612 †25

393 1623 630 1661 concedam
646 1623 797 1660 lumen
810 1623 847 1660 &
859 1628 1029 1660 motum
1043 1625 1136 1670 eJus
1151 1624 1387 1667 decrevisse,
1405 1623 1544 1661 donec
1561 1625 1832 1667 evanuerint,
1850 1624 2034 1670 ideoqve

393 1688 483 1713 non
504 1676 618 1713 fuisse
639 1678 684 1714 in
705 1676 780 1713 illo
802 1676 1064 1714 immutabili
1084 1676 1194 1714 loco.
1216 1677 1274 1714 At
1296 1688 1387 1724 ego,
1410 1677 1525 1723 qvod
1546 1681 1636 1714 tam
1655 1676 1874 1714 ordinarie
1891 1677 2033 1714 decre-

393 1731 499 1766 verit
521 1731 614 1776 61115
635 1735 792 1771 motus,
815 1729 852 1766 8(
873 1730 988 1776 qvod
1009 1741 1100 1767 non
1120 1730 1404 1768 tumultuarie
1421 1742 1447 1768 a
1463 1730 1660 1767 celeriori
1676 1731 1722 1767 in
1738 1730 1974 1768 tardiorem
1995 1734 2035 1767 et

394 1789 570 1819 econtra
593 1788 774 1830 vagatus
797 1782 854 1825 fit.
879 1782 1100 1821 ostendere
1124 1795 1214 1821 una
1238 1783 1359 1821 volui
1381 1783 1668 1821 Elementaris
1691 1788 1861 1821 naturae
1884 1785 2033 1821 incon—

395 1835 589 1873 stantiam
614 1836 651 1873 &
675 1836 995 1874 fluxibilitatem
1018 1848 1109 1874 non
1134 1836 1343 1880 redolere,
1369 1836 1575 1883 fiqvidem
1600 1835 1675 1883 ipfi
1700 1841 1832 1880 tanta,
1858 1841 2032 1883 tamqve

395 1888 600 1926 diuturna
626 1889 862 1927 constantia
888 1891 959 1926 vix
985 1895 1213 1936 competat.
1245 1889 1374 1936 Qvod
1403 1895 1552 1927 autem
1578 1889 1764 1927 Cometa
1789 1901 1970 1936 corpore
1996 1889 2035 1927 8(

394 1942 692 1988 magnitudine
719 1943 967 1985 decreverit,
998 1954 1089 1980 non
1119 1942 1216 1981 satis
1246 1942 1400 1990 probat
1426 1954 1528 1980 eum
1553 1944 1598 1980 in
1623 1942 1889 1980 Elementari
1918 1942 2033 1980 fuisse

396 1994 580 2035 Mundo.
598 2007 737 2042 neqve
754 1995 879 2033 1111113
896 1995 1021 2038 60610,
1040 2001 1086 2033 111
1101 2001 1148 2033 111
1164 1998 1241 2039 vis,
1259 1996 1467 2034 eliminat.
1491 1995 1601 2042 Qvae
1619 1997 1737 2033 enim
1752 1997 1798 2033 in
1814 1995 1904 2042 ipso
1921 1996 2034 2033 coelo

395 2047 482 2093 post
499 2047 743 2085 absolutum
760 2049 813 2086 ab
830 2051 954 2086 initio
971 2061 1149 2086 omnem
1167 2051 1260 2097 ejus
1279 2055 1497 2091 ornatum,
1519 2049 1756 2096 aliqvando
1776 2049 2034 2087 miraculose

394 2099 515 2141 fiunt,
537 2100 661 2147 seqve
679 2101 981 2148 conspicienda
999 2102 1215 2145 exhibent,
1239 2114 1291 2140 ea
1312 2104 1443 2140 etiam
1459 2107 1670 2150 perpetuo
1687 2102 1857 2145 durare,
1880 2102 1918 2139 8(
1939 2104 2032 2140 uni-

394 2153 602 2190 versalem
615 2156 744 2191 totius
757 2154 917 2192 Mundi
930 2155 1244 2193 dissolutionem
1257 2154 1496 2203 expectare,
1513 2156 1672 2193 necesse
1688 2167 1779 2193 non
1796 2155 1862 2193 611.
1880 2155 2034 2202 Neqve

395 2208 512 2243 enim
529 2207 639 2243 adeo
656 2218 681 2244 a
698 2207 899 2253 supremo
916 2207 1071 2255 opifice
1089 2208 1348 2247 confirmata
1368 2208 1475 2253 sunt,
1500 2214 1539 2246 et
1559 2210 1605 2246 in
1626 2214 1792 2246 tantam
1813 2207 2034 2256 perfeetio-

395 2270 496 2296 nem
518 2259 718 2302 exaltata,
741 2266 786 2297 ut
808 2260 974 2307 reliqva
994 2261 1069 2299 illa
1086 2262 1261 2300 Mundo
1278 2274 1429 2300 coaeva
1446 2273 1642 2309 corpora.
1660 2261 1743 2299 Sed
1760 2257 1774 2311 ΙΙ
1791 2261 2033 2299 verosimile

395 2311 449 2349 est
469 2311 544 2349 illa
565 2323 587 2349 e
609 2314 755 2350 minus
776 2313 1012 2360 6011103613,
1037 2326 1116 2352 366
1137 2315 1248 2353 adeo
1268 2316 1480 2363 graduata
1500 2317 1684 2352 materia
1705 2315 1910 2358 constare,
1934 2319 1974 2352 et
1994 2314 2034 2352 se

395 2364 555 2402 habere
580 2364 769 2412 respectu
793 2366 1061 2413 reliqvorum
1084 2370 1346 2414 perennium
1368 2368 1566 2412 siderum,
1593 2368 1966 2415 qvemadmodum
1988 2369 2034 2405 in

394 2417 589 2454 inferiori
610 2418 888 2456 Astronomia
909 2420 963 2457 ad
984 2421 1158 2458 Aurum
1182 2421 1394 2469 obryzum
1416 2421 1453 2458 &
1473 2422 1717 2468 Argentum
1739 2432 1912 2468 purum,
1937 2432 2033 2468 qvae

396 2472 483 2517 igni
499 2482 589 2507 non
606 2471 897 2515 absorbentur,
915 2472 1122 2510 inferiora
1134 2474 1311 2511 metalla
1322 2479 1470 2521 utpote
1482 2486 1543 2512 aes
1554 2474 1623 2511 vel
1634 2473 1835 2511 stannum
1846 2473 2034 2511 Vulcani

1779 2527 2034 2566 violentiam

2071 1848 2104 1873 30

2072 2113 2105 2138 35

2062 2267 2118 2298 lOr

2072 2378 2105 2403 40
