2209 3213
357 232 424 269 210
849 225 931 262 DE
953 222 1178 262 MUNDI
1199 220 1498 260 AETHEREI

358 340 486 373 ctiam
503 337 621 381 prius
638 332 966 372 concedebatur,
987 331 1060 376 qui
1077 328 1151 366 sub
1169 327 1363 374 Sphaerae
1380 325 1571 364 rectioris
1587 327 1901 364 conuolutione
1917 326 1992 364 ha-

356 391 500 425 bitant.
524 387 647 423 Vnde
669 397 758 422 non
779 386 939 421 mirum
962 383 1028 426 est,
1053 393 1154 419 eum
1177 380 1554 426 Constantinopoli
1575 379 1643 417 die
1664 380 1705 417 X
1726 380 1994 417 Nouembris

356 440 602 487 apparuisse.
621 437 810 475 Possibile
828 438 959 473 etiarn
977 440 1078 477 erat,
1095 440 1138 471 vt
1155 433 1355 480 Lugduni
1373 433 1440 470 die
1458 432 1530 475 IX,
1549 432 1586 469 &
1598 433 1791 470 Venetiis
1802 432 1901 469 VIII
1917 432 1992 470 ali-

356 498 570 539 quatenus
582 491 908 537 conspiceretur,
926 489 1130 535 quamuis
1143 486 1383 524 admodum
1395 484 1640 529 difficulter;
1658 497 1710 522 eo
1723 485 1841 532 quod
1852 486 1994 523 Arcus

355 545 589 592 crepusculi
606 544 833 590 vespertini
854 544 899 578 in
919 543 971 578 iis
991 540 1097 577 locis
1117 539 1244 576 fuerit
1261 540 1426 576 circiter
1441 538 1492 576 28
1507 538 1736 585 graduum,
1753 538 1791 576 &
1808 538 1994 576 Cometa

355 600 367 635 1
386 599 511 635 Hora
527 597 614 644 post
631 596 742 634 Solis
759 594 1006 632 descensum
1022 592 1283 630 occubuerit.

407 651 617 687 Vltimum
634 651 727 686 eius
743 647 877 685 finem
890 646 1137 684 Moestlinus
1151 645 1206 682 ad
1218 645 1259 682 X
1276 645 1336 690 (vt
1348 643 1453 689 dixi)
1471 644 1664 682 Ianuarii
1683 643 1822 687 refert,
1840 643 1877 681 8(
1893 644 1993 682 sane

354 704 441 751 post
452 704 557 740 illud
567 708 737 748 tempus
747 700 988 738 admodum
998 703 1247 736 attenuatus
1258 699 1404 741 extitit,
1417 697 1541 740 adeo,
1553 702 1596 734 vt
1608 697 1685 734 nifi
1696 697 1750 735 ab
1763 697 1993 735 acutissime

354 756 631 797 intuentibus,
642 757 714 791 vix
726 753 1159 791 animaduerteretur.
1173 751 1263 798 Ego
1275 749 1563 788 nihilominus
1576 761 1690 793 eum,
1704 749 1741 787 &
1753 750 1833 787 XII
1844 749 1882 787 8(
1891 750 1993 787 XIII

355 810 558 855 lanuarij,
580 808 724 845 adhuc
744 807 842 844 satis
858 805 1032 843 discrete
1050 804 1293 842 Obseruare
1309 805 1444 850 potui,
1465 803 1583 840 velut
1599 805 1644 840 in
1660 802 1747 840 fine
1763 805 1891 850 primi
1910 803 1992 841 Ca-

353 864 450 909 pitis
475 862 700 899 indicatur.
727 859 898 896 Deinde
922 859 1120 895 Lunares
1144 857 1251 904 radij
1280 859 1373 894 eius
1396 855 1612 903 aspectum
1635 856 1774 893 multo
1798 862 1993 903 tempore

354 915 653 962 prohibebant,
676 913 807 959 Vsque
831 914 876 949 in
899 911 1043 948 XXVI
1068 911 1274 953 Ianuarii,
1299 921 1386 956 quo
1410 910 1478 947 die
1501 914 1632 946 tenue
1656 911 1749 946 eius
1772 908 1993 956 vestigium

353 968 496 1005 adhuc
518 967 734 1013 superesse,
760 967 871 1002 inter
893 964 1049 1002 Scheat
1072 962 1216 1010 Pegasi
1239 962 1277 1000 &
1300 962 1502 1000 Stellulas
1525 964 1570 999 in
1594 962 1784 1000 eiusdem
1806 961 1991 1009 pectore,

354 1020 633 1067 deprehendi,
664 1019 775 1057 adeo
799 1024 947 1056 tamen
973 1019 1192 1064 exiguum,
1217 1021 1261 1053 vt
1286 1015 1581 1053 Instrumentis
1606 1014 1877 1062 apprehendi
1902 1026 1993 1052 non

354 1075 551 1120 potuerit.
573 1072 664 1109 Post
684 1072 811 1109 illum
829 1082 930 1108 vero
951 1070 1079 1113 diem,
1101 1069 1317 1116 nusquam
1337 1067 1446 1106 mihi
1462 1068 1651 1115 amplius
1667 1069 1881 1115 apparuit.
1903 1068 1993 1115 Ego

353 1129 498 1173 itaque
511 1138 537 1164 a
549 1126 609 1163 IX
622 1125 900 1167 Nouembris,
919 1135 1006 1170 quo
1019 1123 1272 1170 Eclipticam
1288 1121 1494 1165 tranfiuit,
1511 1120 1642 1168 vsque
1658 1123 1704 1158 in
1720 1121 1838 1159 hunc
1849 1121 1994 1158 XXVI

354 1180 559 1223 Ianuarii,
584 1181 677 1215 eius
699 1183 868 1215 motum
891 1178 1086 1214 numeris
1110 1187 1132 1213 e
1155 1177 1279 1212 certis
1301 1173 1690 1212 Obseruationibus
1710 1174 1883 1217 deduxi,
1905 1170 1919 1224 ΙΙ
1941 1185 1993 1212 eo

355 1232 471 1279 quod
488 1234 601 1269 intra
616 1231 734 1269 hunc
750 1232 998 1273 terminum,
1015 1229 1270 1276 potissimam
1288 1230 1382 1265 eius
1398 1227 1675 1265 durationem
1692 1227 1875 1271 extitisse,
1896 1239 1993 1274 pro-

353 1285 539 1323 babilius
556 1284 765 1322 censeam.

406 1338 536 1384 Quod
558 1343 704 1375 autem
726 1336 972 1374 Moestlinus
993 1347 1019 1373 a
1039 1334 1204 1372 Pseudo
1225 1334 1402 1372 Medico
1421 1333 1459 1371 8(
1477 1333 1642 1371 Pseudo
1659 1333 1884 1381 Astrologo
1905 1333 1992 1377 isto,

354 1392 517 1429 Berlini
533 1390 638 1427 XIX
655 1388 853 1427 Octobris
870 1389 1101 1427 Cometam
1120 1387 1238 1425 hunc
1254 1387 1360 1425 falso
1375 1386 1514 1424 visum
1534 1386 1700 1433 probat,
1721 1398 1812 1424 non
1832 1386 1992 1433 indige—

352 1444 423 1482 bat
448 1444 559 1481 adeo
585 1443 788 1486 euidenti,
814 1454 948 1489 quam
973 1441 1146 1489 profert,
1173 1440 1426 1483 ostensione;
1451 1440 1662 1486 fiquidem
1685 1441 1778 1477 eius
1801 1441 1876 1486 qui
1898 1439 1993 1477 haec

353 1496 628 1540 asseuerabat,
650 1496 838 1533 audaces
859 1506 988 1543 nugae
1005 1494 1043 1532 8(
1058 1494 1319 1541 imposturae,
1340 1505 1432 1530 non
1451 1493 1601 1530 saltem
1616 1494 1662 1530 in
1677 1492 1745 1530 his
1761 1493 1902 1536 rebus,
1923 1492 1993 1530 sed

353 1550 653 1597 cumplurimis
674 1549 781 1592 aliis,
803 1549 964 1586 iudicio
984 1547 1175 1585 solidiori
1191 1546 1438 1584 valentibus
1457 1546 1556 1584 satis
1576 1546 1743 1584 dudum
1763 1543 1992 1593 perspec'tae

352 1604 458 1641 sunt.
481 1603 592 1640 Vere
613 1607 760 1640 autem
780 1602 860 1639 has
881 1603 1051 1639 naenias
1070 1599 1318 1638 Moestlinus
1339 1611 1392 1637 ex
1412 1604 1575 1637 attenta
1594 1598 1670 1637 sua
1687 1598 1802 1637 Coeli
1823 1604 1992 1636 antece-

353 1657 548 1693 dentium
564 1655 804 1693 multorum
822 1655 992 1692 dierum
1012 1652 1287 1700 inspectione,
1309 1652 1537 1700 improbat.
1560 1652 1679 1690 Nam
1700 1651 1737 1689 8(
1758 1663 1849 1700 ego,
1871 1651 1994 1689 nulla

353 1709 580 1747 intermissa
599 1708 835 1746 serenitatis
853 1707 1090 1751 occafione,
1111 1706 1263 1744 Sidera
1283 1707 1396 1744 circa
1416 1706 1571 1743 eadem
1590 1710 1800 1752 tempora,
1821 1710 1864 1742 vt
1884 1704 1993 1743 alias

353 1764 483 1800 etiam
499 1762 676 1808 semper,
695 1761 1005 1804 Obseruabam,
1027 1771 1106 1798 nec
1122 1759 1261 1797 vllum
1276 1759 1409 1796 huius
1426 1758 1623 1796 Cometae
1639 1758 1873 1806 vestigium,
1892 1762 1992 1796 ante

354 1827 467 1857 eum,
485 1815 536 1852 de
554 1826 641 1861 quo
657 1816 778 1861 prius
794 1815 882 1852 dixi
899 1815 1027 1858 diem,
1044 1815 1089 1850 in
1104 1818 1194 1850 toto
1212 1812 1341 1850 Coelo
1357 1812 1522 1859 vspiam
1538 1813 1751 1858 apparuit.

406 1867 615 1905 CAPITE
631 1867 855 1911 TERTIO,
874 1867 946 1904 vbi
962 1867 1014 1904 de
1030 1866 1331 1904 Parallaxibus
1347 1864 1480 1902 huius
1497 1864 1694 1903 Cometae
1711 1863 1993 1902 enucleandis

354 1923 450 1968 agit,
468 1932 656 1967 eumque
673 1932 764 1958 non
781 1920 1115 1963 Elementarem,
1132 1919 1202 1956 sed
1217 1917 1477 1956 AEthereum
1494 1918 1677 1962 extitisse‚
1695 1917 1906 1964 fiquidem
1922 1916 1993 1954 hae

353 1973 524 2020 prorsus
537 1973 797 2011 insensibiles
809 1978 943 2016 erant,
960 1973 1126 2020 probat,
1144 1972 1478 2019 Regiomontani
1489 1972 1870 2009 ratiocinationem
1882 1972 1994 2008 circa

354 2026 602 2064 Parallaxes
614 2029 658 2063 in
670 2026 753 2063 hoc
764 2026 949 2064 Cometa
960 2025 1244 2068 definiendas,
1261 2024 1512 2062 nullatenus
1523 2024 1670 2061 locum
1682 2024 1888 2066 obtinere,
1905 2034 1993 2060 rec-

353 2080 498 2116 tissime
520 2079 742 2117 nobiscum
762 2079 895 2116 sentit.
922 2079 1038 2117 Cum
1060 2080 1177 2116 enim
1198 2077 1448 2116 Parallaxes
1468 2077 1579 2115 adeo
1600 2076 1734 2114 exiles
1754 2076 1925 2120 fuerint,
1951 2081 1993 2113 vt

354 2134 425 2169 vix
446 2134 491 2169 in
512 2132 654 2169 sensus
671 2132 884 2175 caderent,
906 2143 1190 2178 nequaquam
1210 2142 1287 2178 per
1302 2131 1436 2168 vllam
1456 2141 1608 2168 earum
1628 2131 1861 2172 rationum,
1883 2140 1993 2176 quas

355 2185 726 2232 Regiomontanus
749 2187 794 2222 in
818 2184 964 2222 libello
987 2185 1039 2222 de
1061 2185 1256 2222 Cometis
1280 2183 1524 2231 praescribit,
1550 2184 1773 2230 negotium
1795 2182 1879 2220 hoc
1901 2187 1993 2220 tuto

354 2237 519 2275 absolui
542 2240 707 2284 poterit.
731 2237 887 2281 Taceo,
912 2238 1030 2284 quod
1052 2242 1197 2275 motus
1216 2238 1377 2284 proprij
1404 2236 1690 2274 Cometarum
1712 2237 1758 2272 in
1781 2235 1848 2272 his
1871 2235 1993 2273 nulla

354 2290 566 2328 habeatur
586 2293 708 2334 ratio,
730 2290 767 2327 8(
788 2302 878 2328 non
899 2291 1034 2334 aliter,
1056 2302 1190 2337 quam
1210 2295 1338 2337 raptu
1358 2291 1487 2336 primi
1506 2288 1691 2331 mobilis,
1713 2290 1865 2335 agitari
1885 2299 1993 2335 prae-

353 2343 668 2390 supponantur:
681 2344 798 2390 quod
810 2345 855 2380 in
867 2343 999 2381 nullis
1010 2343 1204 2381 Cometis
1214 2342 1320 2385 fieri,
1332 2340 1543 2380 hac'lenus
1554 2341 1689 2388 (quod
1697 2341 1844 2387 sciam)
1855 2343 1992 2378 anim-

354 2396 585 2433 aduersum
602 2396 672 2439 est;
690 2398 858 2443 excipio
875 2397 1055 2434 Nouam
1071 2396 1193 2434 illam
1209 2396 1264 2434 ad
1276 2395 1547 2442 Cassiopeam
1559 2394 1749 2437 Stellam,
1767 2405 1867 2441 quae
1883 2394 1994 2431 vltra

353 2461 554 2486 annuum
570 2454 752 2496 tempus,
769 2451 814 2486 in
825 2461 913 2486 vno
928 2450 1171 2496 eodemque
1184 2448 1448 2486 firmamenti
1460 2448 1557 2485 loco
1570 2449 1751 2485 immota
1763 2447 1992 2494 conspicie-

353 2502 491 2545 batur,
516 2502 702 2549 ideoque
724 2505 767 2539 in
789 2502 878 2549 ipsa
898 2501 1053 2540 oc‘taua
1075 2502 1269 2549 Sphaera,
1291 2513 1391 2539 cum
1411 2500 1589 2548 reliquis
1610 2499 1752 2538 affixis
1773 2499 1993 2590 Sidleribus

1864 2564 1992 2590 ocum

2031 551 2047 576 υτ

2034 815 2064 840 10

2034 1081 2064 1105 15

2018 1181 2082 1212 250

2031 1345 2064 1371 20

2030 1611 2064 1636 25

2031 1876 2064 1901 30

2031 2141 2064 2166 35

2031 2405 2064 2431 40
