2209 3213
109 808 138 833 10

108 1074 136 1098 15

93 1545 151 1577 14ν

102 1605 134 1630 25

101 1871 133 1895 30

101 2136 132 2161 35

101 2401 133 2426 40

428 212 518 249 AD
541 211 851 249 CRAIGUM
874 212 1147 250 SCOTUM
1170 211 1253 249 DE
1275 211 1565 251 COMETIS
1741 213 1817 251 435

178 318 309 362 cedet,
326 318 568 355 dummodo
580 317 746 365 judicio
760 318 1076 356 Mathematico
1089 320 1240 356 omnia
1253 318 1516 365 ponderant,
1534 324 1818 366 apparentem

178 371 215 409 &
231 382 385 408 verum
402 370 600 410 Cometae
617 369 807 414 dudtum,
829 371 939 409 nihil
956 372 1070 418 qvod
1087 374 1133 409 in
1148 371 1291 409 sensus
1308 372 1462 409 cadere
1478 373 1608 418 possit‚
1629 374 1818 410 invicem

178 424 432 471 discrepasse‚
458 429 772 471 proptereaqve
798 436 950 462 arcum
975 424 1102 462 FCG
1127 436 1221 472 pag.
1246 425 1317 468 114,
1343 436 1433 462 non
1459 426 1818 463 inconvenienter

177 478 446 523 assumptum‚
467 488 546 523 pro
568 477 723 514 eodem
745 479 817 524 qvi
838 477 893 515 est
914 477 1042 515 DCE
1063 489 1158 525 pag.
1176 478 1247 521 112,
1269 489 1369 515 cum
1389 478 1563 515 nullum
1584 481 1629 516 in
1648 484 1817 517 antece-

177 530 376 568 dentibus
402 530 545 576 qvoad
571 529 652 567 hos
677 530 1030 567 animadversum
1056 530 1102 568 s1t
1126 530 1366 568 discrimen.
1398 531 1542 569 Malui
1567 534 1710 579 itaqve
1735 532 1818 570 hac

176 583 422 630 simpliciori
442 582 584 620 forma
605 588 645 620 et
665 594 742 630 per
762 583 802 620 se
822 582 920 620 satis
939 585 1055 626 vera,
1077 584 1289 631 angulum
1305 583 1501 622 sectionis
1518 587 1601 623 viae
1619 585 1817 623 Cometae

176 647 276 674 cum
287 636 480 674 verticali
497 638 728 683 inqvirere‚
745 636 964 683 fiqvidem,
982 648 1240 684 qvacunqve
1257 637 1435 674 tandem
1451 640 1619 675 ratione
1636 639 1677 676 id
1694 638 1818 676 aliter

175 689 262 733 fiat,
280 701 347 726 res
364 689 519 727 eodem
535 689 700 732 redibit,
719 689 952 727 Cometam
963 689 1174 733 videlicet,
1191 689 1220 727 fi
1236 692 1446 737 proximis
1459 692 1520 736 (ζᾶ
1534 691 1703 729 sedibus
1717 703 1817 729 con-

175 744 386 780 terminus
407 742 551 785 fuisset,
573 754 649 789 per
670 748 868 789 qvartam
887 743 1046 790 gradus
1063 748 1230 789 partem
1247 743 1302 780 ob
1319 743 1569 781 Parallaxin
1586 745 1816 783 intervallo

175 797 307 833 trium
327 795 504 833 illarum
524 795 748 839 horarum,
773 800 943 833 motum
964 798 1190 843 proprium
1211 797 1476 843 antecipasse‚
1501 798 1612 835 adeo
1634 802 1679 835 ut
1700 798 1816 845 qvafi

175 848 448 887 stationarius
465 860 682 895 apparens
698 848 822 886 illum
843 849 1016 895 prorsus
1033 849 1221 893 elideret,
1243 849 1286 887 id
1307 849 1421 896 qvod
1438 850 1659 888 ostendere
1676 851 1818 889 nostra

175 907 265 939 erat
282 903 476 939 intentio.
495 902 546 939 Et
561 913 820 949 qvocunqve
836 908 876 939 te
892 907 1048 945 vertas,
1066 907 1141 939 aut
1157 902 1447 949 qvalicunqve
1464 903 1672 941 methodo
1687 916 1816 952 nego-

174 957 283 992 tium
308 954 392 992 hoc
417 954 685 998 conficiatur,
711 967 804 992 rem
829 957 889 993 ita
915 962 954 992 et
979 967 1070 992 non
1096 955 1218 993 aliter
1243 955 1283 992 se
1309 955 1469 993 habere
1496 957 1814 1003 deprehendes:

175 1008 392 1055 Qvorsum
412 1010 539 1056 igitur
559 1008 727 1046 nodum
747 1010 793 1045 in
813 1008 949 1055 scirpo
966 1011 1136 1055 qvaeris,
1159 1013 1199 1046 et
1219 1020 1316 1055 qvae
1337 1009 1552 1047 facilitatis
1569 1011 1707 1048 caussa
1723 1010 1815 1048 fim-

173 1061 338 1108 pliciter
360 1066 679 1108 proponuntur,
703 1067 830 1108 atqve
855 1073 907 1099 ex
931 1062 1286 1099 antecedentibus
1307 1064 1385 1099 rite
1407 1074 1645 1110 congruere
1667 1064 1815 1111 depre-

173 1114 437 1157 henduntur,
455 1114 626 1153 elevare
644 1114 843 1152 conaris?
864 1115 954 1162 Ego
972 1115 1311 1158 Mathematicis,
1329 1117 1400 1162 qvi
1417 1127 1469 1153 ex
1487 1128 1577 1154 uno
1594 1116 1714 1154 aliud
1731 1117 1815 1154 col-

172 1167 303 1215 ligere
328 1173 502 1211 norunt,
529 1173 569 1205 et
593 1168 828 1215 posteriora
853 1168 1199 1215 praecedentibus
1224 1170 1362 1212 inniti,
1392 1174 1521 1206 antea
1549 1169 1816 1217 perspectum

172 1220 346 1265 habent,
367 1221 442 1259 ista
457 1221 608 1268 scripsi,
629 1221 784 1268 qvibus
801 1223 932 1259 etiam
949 1220 1212 1259 satisfactum
1229 1222 1304 1259 esse
1321 1222 1517 1265 arbitror,
1534 1222 1668 1260 veluti
1684 1223 1816 1270 pluri-

172 1286 347 1312 morum
374 1274 648 1322 postmodum
673 1274 729 1312 ad
754 1286 824 1312 me
851 1287 873 1312 e
900 1275 1147 1313 Germania
1173 1275 1285 1312 datae
1311 1275 1447 1313 literae
1473 1275 1733 1314 sufficienter
1758 1281 1815 1314 te-

171 1327 344 1365 stantur.

225 1380 440 1418 Praeterea
455 1380 589 1418 infers
602 1392 673 1418 me
684 1381 829 1428 postea
841 1381 1104 1419 collimatius
1116 1393 1209 1419 rem
1221 1393 1360 1428 agere,
1378 1384 1604 1428 proprium
1617 1382 1815 1421 Cometae

172 1433 226 1471 ad
242 1433 406 1472 stellam
417 1439 586 1471 motum
599 1434 925 1478 considerando,
943 1440 982 1472 et
999 1434 1175 1472 easdem
1188 1437 1371 1472 omnino
1384 1437 1571 1482 reperire
1585 1435 1814 1474 distantias.

171 1487 303 1534 Atqvi
325 1486 427 1524 hinc
450 1487 548 1525 satis
571 1492 687 1535 patet
710 1493 750 1525 te
773 1489 920 1525 minus
943 1488 1207 1525 considerate
1232 1488 1533 1526 antecedentia
1553 1489 1813 1536 perspexisse.

172 1540 403 1587 Nusqvam
415 1537 430 1590 ΙΙ
442 1543 560 1578 enim
571 1546 717 1579 motus
728 1543 889 1589 proprij
904 1541 1137 1578 infinuatio
1150 1546 1280 1579 antea
1292 1540 1485 1588 neglecta
1497 1541 1563 1579 est.
1581 1542 1815 1589 Perperam

170 1595 314 1640 itaqve
335 1593 431 1631 haec
452 1594 585 1632 verba
605 1606 700 1642 pag.
718 1595 777 1632 119
798 1594 1009 1641 accepisti:
1034 1594 1129 1632 Sed
1142 1595 1286 1643 paulo
1306 1594 1589 1633 collimatius
1604 1606 1703 1633 rem
1721 1606 1813 1634 om-

170 1657 277 1685 nem
289 1648 650 1696 perpendentes,
663 1647 868 1696 primum
885 1647 1087 1686 Cometae
1102 1649 1278 1686 motum
1295 1658 1355 1686 ex
1363 1645 1493 1695 stella
1504 1647 1551 1685 in
1565 1659 1645 1687 ore
1655 1647 1818 1698 Pegasi

169 1699 461 1749 indagemus.
486 1700 576 1738 Illic
600 1703 718 1738 enim
742 1713 1021 1748 neqvaqvam
1044 1701 1373 1748 subintelligitur
1396 1706 1565 1738 motum
1588 1704 1815 1749 proprium

170 1764 260 1790 non
282 1753 398 1791 fuisse
421 1756 542 1801 prius
565 1754 823 1798 adhibitum,
847 1760 893 1792 ut
915 1754 1013 1792 satis
1034 1756 1128 1802 ejus
1150 1756 1417 1792 contrarium
1439 1754 1617 1792 ostendit
1637 1767 1732 1802 pag.
1755 1756 1814 1793 117

170 1811 296 1853 atqve
321 1818 373 1844 ea
396 1818 493 1854 qvae
516 1807 791 1854 postmodum
815 1807 1051 1854 seqvuntur
1074 1807 1322 1854 diligentius
1346 1807 1624 1846 considerata.
1648 1808 1813 1846 Verum

171 1871 270 1897 cum
290 1859 489 1898 Cometae
511 1859 664 1898 ductus
685 1872 776 1898 non
797 1861 972 1908 praecise
993 1861 1140 1898 versus
1160 1860 1296 1907 ipsam
1318 1860 1483 1899 stellam
1505 1863 1550 1898 in
1574 1872 1648 1899 ore
1670 1861 1814 1909 Pegasi

170 1913 374 1956 tenderet,
391 1913 512 1951 volui
529 1913 690 1951 ibidem
706 1914 841 1961 paulo
857 1914 1144 1961 scrupulosius
1161 1916 1239 1951 iter
1255 1913 1384 1961 ipsius
1400 1919 1595 1961 tempore
1612 1915 1724 1952 binis
1741 1915 1812 1952 ob-

169 1965 483 2004 servationibus
503 1966 726 2014 interjecto
748 1969 793 2005 in
814 1966 972 2005 dictam
995 1967 1160 2005 stellam
1183 1966 1392 2005 directum
1416 1967 1616 2011 limitare,
1640 1979 1695 2005 ne
1720 1970 1814 2015 qvis

170 2018 316 2058 exacte
331 2021 482 2058 omnia
495 2023 735 2058 ruminanti
752 2020 974 2067 superesset
990 2020 1227 2067 scrupulus.
1245 2021 1302 2057 At
1319 2020 1433 2067 qvod
1450 2020 1583 2058 refers
1599 2028 1723 2059 terna
1738 2021 1814 2059 illa

169 2074 350 2116 minuta,
363 2073 518 2120 qvibus
530 2079 675 2111 motus
687 2076 888 2121 proprius
900 2085 976 2121 per
989 2074 1238 2111 Parallaxin
1251 2073 1460 2112 inhibitus
1473 2074 1539 2118 est,
1553 2074 1669 2112 unde
1682 2076 1813 2112 etiam

170 2124 281 2164 reae
304 2126 459 2174 colligo
482 2127 603 2165 haud
625 2129 878 2175 propiorem
901 2128 1075 2174 potuisse
1100 2127 1333 2165 Cometam
1356 2132 1458 2164 tunc
1483 2127 1609 2165 nobis
1635 2128 1710 2165 esse
1736 2128 1814 2165 300

169 2177 315 2216 Terrae
331 2178 672 2224 semidiametriS‚
690 2192 781 2218 non
798 2182 1047 2228 contingere
1060 2180 1150 2218 ulla
1162 2181 1454 2218 retardatione
1467 2180 1657 2228 respedlu
1669 2181 1813 2219 Paral-

170 2231 332 2275 laxeos,
348 2232 418 2270 sed
433 2233 602 2271 calculo
613 2239 785 2271 tantum
797 2234 1018 2281 obrepere,
1036 2234 1079 2271 id
1091 2235 1149 2271 ita
1161 2245 1239 2280 pro
1251 2233 1375 2271 libitu
1387 2232 1546 2271 refers?
1562 2246 1653 2271 non
1666 2239 1813 2271 autem

171 2295 222 2322 ex
235 2288 429 2323 numeris
440 2286 538 2333 ipfis
550 2286 877 2330 Mathematice,
895 2292 941 2324 ut
956 2289 1101 2334 potius
1118 2287 1272 2331 decuit,
1290 2286 1500 2324 ostendis?
1518 2287 1561 2325 Si
1574 2288 1675 2334 qvid
1686 2289 1814 2335 igitur

169 2339 258 2385 vitij
278 2341 355 2376 erit
372 2341 417 2376 in
433 2351 722 2378 numerorum
735 2339 1001 2384 collectione,
1019 2351 1097 2387 age
1109 2340 1152 2378 id
1164 2352 1329 2387 prome,
1346 2342 1484 2378 necin
1496 2340 1813 2378 Mathematica

170 2391 377 2437 palaestra,
395 2395 547 2439 qvavis
558 2394 709 2441 judicij
729 2393 925 2431 libertate
944 2394 1256 2431 decertandum
1272 2399 1393 2440 puta:
1411 2405 1517 2431 narn
1531 2394 1645 2441 qvod
1660 2396 1704 2431 in
1716 2394 1813 2441 alijs

170 2445 373 2482 omnibus
396 2445 465 2492 (fic
485 2448 603 2483 enim
619 2446 768 2484 saltem
784 2446 970 2493 idipsum
986 2446 1162 2493 probas)
1184 2451 1308 2484 terna
1327 2447 1402 2485 illa
1418 2447 1619 2494 scrupula
1635 2458 1727 2484 non
1743 2458 1811 2484 oc-

171 2503 356 2542 currant,
374 2498 484 2537 nihil
500 2501 716 2546 importat,
735 2506 825 2537 erat
842 2502 960 2537 enim
976 2505 1069 2538 turn
1083 2500 1269 2538 Cometa
1282 2500 1421 2538 multo
1433 2503 1641 2538 remotior
1652 2512 1678 2538 a
1689 2502 1812 2537 terris

276 2558 325 2584 55*
1681 2564 1811 2600 qvam
