2209 3213
344 232 420 269 322
835 227 917 264 DE
939 224 1164 264 MUNDI
1185 222 1486 262 AETHEREI

343 336 609 376 commiserit,
628 345 726 380 quae
743 343 1026 379 nequaquam
1043 333 1245 373 inuicem,
1262 330 1300 368 8(
1317 341 1415 368 611111
1428 329 1518 377 ipsa
1529 332 1590 368 rei
1603 332 1830 378 exigentia,
1847 329 1979 368 confi-

342 390 443 426 stere
461 389 634 435 possunt.

394 443 533 487 thue
555 441 606 477 de
628 438 820 477 Duobus
837 436 1017 486 primis,
1039 439 1085 474 in
1106 437 1264 483 quibus
1284 436 1489 474 Laterum
1507 435 1545 473 &
1561 436 1852 484 Angulorum,
1873 448 1979 483 quo-

342 506 437 531 rum
454 494 549 530 vsus
566 493 708 539 postea
724 493 969 538 requiritur,
990 490 1365 537 inuestigationem
1381 495 1610 536 praeparat,
1632 489 1743 527 nihil
1758 490 1913 534 dicam,
1934 491 1981 527 in

348 547 543 596 Trigono
557 544 717 589 Tertio,
730 556 820 581 non
832 543 971 581 solum
980 542 1230 580 Parallaxin
1240 542 1439 580 Cometae
1451 542 1579 589 supra
1589 543 1772 580 modum
1781 543 1979 590 adauget,
2019 555 2034 580 5

341 601 449 637 adeo
462 605 504 636 vt
517 611 614 636 earn
627 601 670 635 in
683 600 823 645 prima
837 596 1150 635 Obseruatione
1165 595 1219 634 G.
1231 596 1268 633 4.
1282 595 1344 633 M.
1358 596 1411 639 15,
1424 597 1470 632 in
1481 595 1725 642 posteriore,
1737 596 1780 634 P.
1791 597 1827 634 5.
1841 595 1904 633 M.
1916 595 1979 640 22,

340 653 457 690 haud
480 653 681 690 dubitarit
702 650 969 693 constituere,
990 649 1059 686 sed
1077 651 1208 687 etiam
1224 651 1270 686 in
1286 648 1368 686 hac
1384 648 1475 696 ipsa
1490 649 1545 686 ad
1561 654 1793 696 Vtrumque
1809 654 1980 696 tempus

340 706 586 752 adaptanda
606 704 846 751 plurimum
867 703 1090 749 delinquit.
1113 701 1202 748 Qui
1223 703 1341 739 enim
1362 701 1456 739 fieri
1476 704 1627 749 potuit,
1649 708 1692 739 vt
1711 707 1802 740 tam
1823 704 1980 749 exiguo

339 760 544 805 temporis
564 757 809 801 interuallo,
832 756 892 795 12}
915 755 1066 793 saltem
1086 757 1371 799 minutorum,
1393 754 1633 792 Parallaxis
1650 757 1696 792 in
1712 754 1889 793 Circulo
1905 755 1980 792 Al-

338 812 531 849 titudinis
554 816 744 848 mutetur
768 821 855 847 vno
878 809 1015 856 gradu
1038 808 1075 845 &
1098 809 1121 847 7
1144 810 1336 846 minutis.
1360 807 1604 846 Tantillum
1629 810 1747 846 enim
1771 810 1980 855 temporis
2021 820 2052 845 10

338 867 505 911 Vtrique
530 863 834 902 Obseruationi
860 862 1116 899 intercessisse
1142 863 1187 899 in
1209 861 1402 909 Trigono
1427 861 1503 899 suo
1529 863 1682 908 quinto
1707 861 1980 905 demonstrat,

339 930 438 955 cum
458 918 585 964 longe
606 917 729 954 aliter
750 915 882 959 fieret,
905 915 1068 953 etiamsi
1084 914 1271 953 Cometa
1290 915 1597 952 tantummodo
1618 926 1644 952 a
1665 913 1801 952 Terra
1821 914 1980 953 Semid.

338 971 395 1013 93,
413 977 455 1008 vt
468 970 641 1008 Sculteti
654 968 926 1007 indudliones
938 979 1028 1015 prae
1042 968 1082 1005 se
1098 967 1254 1011 ferunt,
1271 972 1585 1005 remoueretur.
1602 967 1717 1005 Tum
1734 970 1852 1005 enim
1868 970 1981 1006 circa

340 1023 627 1061 Altitudinem
644 1023 694 1060 30
710 1024 907 1069 proxime
924 1021 1152 1069 graduum,
1174 1033 1262 1068 quo
1283 1023 1330 1058 in
1349 1021 1428 1058 fitu
1449 1032 1551 1059 eum
1572 1020 1831 1065 Obseruauit,
1852 1023 1980 1059 inter-

340 1077 458 1114 uallo
476 1078 640 1123 quintae
656 1078 789 1123 partis
805 1077 933 1112 vnius
950 1074 1102 1118 Horae,
1123 1074 1414 1112 Altitudinem
1429 1075 1623 1112 variasset
1643 1073 1793 1112 saltem
1809 1074 1980 1112 duobus
2021 1086 2052 1112 15

339 1130 541 1177 gradibus
557 1130 653 1177 plus
669 1131 828 1172 minus,
848 1128 1034 1175 ideoque
1051 1130 1096 1165 in
1113 1127 1291 1166 Circulo
1307 1127 1501 1165 verticali
1518 1127 1745 1165 discrimen
1760 1127 1979 1166 Parallax-

341 1195 427 1226 eos,
451 1195 476 1220 a
498 1184 631 1230 priori
656 1182 710 1220 ad
735 1181 1025 1229 posteriorem,
1053 1180 1238 1219 euafisset
1263 1181 1475 1218 duntaxat
1501 1185 1669 1228 quartae
1694 1183 1827 1228 partis
1851 1182 1980 1218 vnius

339 1237 509 1284 gradus,
530 1241 574 1273 vt
593 1247 669 1283 per
684 1234 945 1282 Triangulos
966 1236 1205 1281 experienti
1222 1234 1444 1278 constabit;
1467 1234 1584 1281 quod
1602 1239 1751 1272 tamen
1767 1233 1980 1272 Scultetus

339 1289 390 1327 52
405 1291 583 1326 minutis
599 1289 697 1336 plus
712 1288 818 1325 iusto
835 1288 1026 1330 adauxit,
1044 1292 1195 1325 contra
1210 1289 1409 1335 proprias
1422 1285 1697 1325 inductiones
1708 1287 1980 1325 manifestam

339 1342 643 1380 absurditatem
653 1343 938 1379 committens.
949 1340 995 1378 Id
1005 1340 1034 1378 s1
1044 1343 1247 1388 cuipiam,
1258 1352 1316 1378 an
1325 1342 1385 1378 ita
1393 1340 1434 1378 se
1443 1340 1614 1384 habeat,
1625 1340 1809 1379 dubium
1816 1345 1978 1384 mouet,
2017 1352 2051 1378 20

340 1395 542 1433 adhibeat
563 1400 732 1433 tantum
753 1394 901 1432 Claris.
924 1393 1228 1432 Mathematici
1249 1393 1460 1432 Iohannis
1480 1393 1682 1442 Vogelini
1702 1393 1979 1432 Demonstra-

339 1451 477 1486 tiones
489 1451 534 1485 in
547 1448 732 1486 Cometa
743 1448 864 1485 Anni
875 1447 981 1491 1532,
999 1449 1073 1494 qui
1089 1447 1187 1485 licet
1203 1449 1297 1485 eius
1308 1446 1560 1485 Parallaxes
1571 1459 1662 1485 non
1673 1449 1820 1485 minus
1833 1458 1855 1485 e
1866 1446 1980 1485 falsis
2017 1449 2037 1481 †

339 1501 609 1539 Dedomenis
630 1512 835 1539 erroneas
856 1500 1128 1545 constituerit,
1153 1500 1191 1538 8(
1213 1500 1352 1538 11111110
1372 1500 1483 1548 plus,
1507 1512 1642 1548 quam
1662 1502 1865 1548 oportuit,
1889 1511 1978 1538 am-

338 1555 492 1601 pliarit,
502 1560 545 1592 vt
554 1554 629 1592 suo
641 1554 737 1592 loco
749 1554 921 1601 plenius
931 1553 1217 1598 ostendemus,
1229 1553 1519 1591 nihilominus
1531 1565 1584 1592 ex
1595 1553 1704 1601 ipfis,
1717 1565 1817 1601 quae
1829 1554 1978 1592 assum-

338 1608 395 1651 fit,
422 1608 543 1651 datis,
568 1619 645 1655 per
667 1606 1094 1645 Demonstrationem
1117 1612 1411 1655 competentes
1434 1618 1643 1645 numeros
1665 1608 1905 1654 assequitur.
1929 1606 1979 1644 In
2016 1619 2049 1644 25

339 1659 450 1698 dieto
467 1663 584 1698 enim
601 1661 798 1704 Cometa,
819 1660 953 1707 spatio
970 1660 1020 1697 42
1036 1657 1344 1710 minuto-urum
1361 1662 1581 1708 temporis,
1602 1662 1772 1708 vtrique
1787 1660 1875 1698 suae
1892 1660 1977 1698 Ob·
2002 1665 2067 1697 405

338 1713 571 1752 seruationi
587 1713 821 1758 interiecto,
839 1713 956 1760 quod
972 1713 1233 1761 semiquater
1248 1714 1414 1752 vicibus
1426 1713 1602 1752 Sculteti
1613 1713 1896 1752 interuallum
1908 1725 1978 1751 ex-

340 1768 459 1811 cedit,
472 1767 749 1814 posteriorem
760 1766 1049 1804 nihilominus
1060 1767 1311 1805 Parallaxin
1321 1769 1466 1814 priore
1477 1769 1693 1805 maiorem
1703 1767 1979 1805 solummodo

339 1820 407 1859 325
431 1823 609 1858 minutis
630 1820 774 1863 efficit;
800 1821 931 1867 idque
951 1820 1151 1858 nondum
1172 1822 1339 1868 attingit
1355 1820 1586 1858 dimidium
1602 1822 1695 1858 eius
1710 1821 1978 1864 variationis,

339 1885 472 1920 quam
484 1873 696 1911 Scultetus
711 1874 906 1917 admittit,
923 1885 1023 1910 cum
1039 1878 1186 1911 tamen
1197 1873 1438 1921 Vogelinus
1452 1873 1579 1912 suum
1591 1873 1823 1912 Cometam
1838 1872 1979 1911 multo
2017 1885 2050 1910 30

339 1928 586 1973 propiorem
607 1926 750 1964 Terris
771 1926 911 1970 saciat,
932 1932 1077 1973 vtpote
1099 1928 1173 1974 qui
1194 1926 1444 1965 Parallaxin
1464 1929 1510 1964 in
1530 1926 1709 1965 Circulo
1724 1926 1979 1964 Altitudinis

338 1982 584 2025 procrearit,
601 1980 717 2027 grad.
735 1980 802 2019 352}
824 1980 1017 2017 elevatus
1033 1980 1057 2018 5
1073 1979 1279 2027 partibus.
1299 1980 1491 2027 Ideoque
1507 1991 1599 2018 non
1615 1982 1791 2028 integris
1807 1979 1979 2018 duobus

339 2032 485 2069 Terrae
506 2032 857 2077 Semidiametris‚
880 2035 972 2070 eius
993 2035 1215 2080 opinione,
1237 2034 1291 2071 ab
1312 2033 1445 2071 huius
1466 2039 1613 2071 centro
1634 2038 1839 2072 remotuS.
1861 2033 1978 2072 Con-

339 2087 522 2122 ueniens
542 2088 687 2132 itaque
709 2092 810 2130 erat,
835 2085 1124 2124 differentiam
1144 2086 1364 2134 Vtriusque
1385 2086 1665 2124 Parallaxeos
1687 2088 1841 2134 primae
1862 2086 1900 2124 8(
1920 2085 1978 2124 [6-

340 2138 494 2175 cundae
516 2138 853 2182 Obseruationis‚
877 2142 922 2176 in
944 2139 1119 2177 Sculteti
1142 2141 1448 2178 numeratione
1471 2140 1610 2178 multo
1632 2142 1851 2178 minorem
1870 2139 1977 2183 fieri,
2016 2151 2049 2176 35

340 2202 473 2237 quam
494 2193 538 2228 in
559 2191 640 2228 hac
662 2192 876 2239 Vogelini:
901 2194 1024 2229 cuius
1044 2198 1192 2230 tamen
1213 2195 1481 2231 contrarium
1501 2195 1633 2230 nimis
1655 2204 1815 2241 magno
1838 2192 1978 2230 discri-

339 2246 456 2281 mine
480 2243 573 2281 fieri
596 2245 806 2282 videmus.
830 2245 955 2282 Vnde
978 2257 1069 2282 non
1092 2245 1269 2284 obscure
1292 2246 1518 2294 colligitur,
1543 2246 1658 2284 hanc
1681 2246 1978 2284 Parallaxium

340 2296 690 2341 distributionem,
714 2310 847 2344 quam
864 2298 1077 2336 Scultetus
1097 2299 1283 2343 adducit,
1305 2299 1559 2337 omnimode
1575 2299 1650 2337 fibi
1666 2311 1757 2337 non
1773 2298 1977 2343 constare,

340 2361 619 2397 erroremque
635 2353 680 2387 in
697 2350 978 2393 Dedomenis,
995 2352 1108 2389 vnde
1125 2352 1323 2390 deriuata
1339 2352 1406 2396 est,
1423 2364 1514 2390 non
1531 2354 1737 2400 exiguum
1752 2352 1919 2390 subesse.

392 2403 440 2439 In
468 2402 642 2449 Quarto
673 2403 880 2453 Trigono,
911 2404 981 2442 vbi
1012 2404 1255 2443 distantiam
1282 2405 1512 2443 visibilium
1541 2405 1741 2443 locorum
1766 2405 1976 2450 Cometae,
2015 2416 2049 2442 40

338 2457 449 2493 inter
460 2456 568 2494 duas
582 2456 929 2500 obseruationes,
946 2456 1183 2495 secundum
1199 2464 1373 2505 raptum
1389 2460 1518 2506 primi
1533 2458 1707 2496 mobilis
1722 2458 1977 2502 absolutam,

339 2508 572 2556 inuestigat‚
590 2521 758 2556 ponens
775 2522 872 2547 eam
889 2511 930 2548 P.
949 2510 983 2547 2.
1003 2510 1065 2547 M.
1082 2511 1132 2549 55
1149 2510 1249 2555 sere,
1267 2511 1338 2549 etfi
1354 2523 1445 2549 non
1462 2512 1573 2550 adeo
1589 2511 1778 2550 multum
1780 2523 1820 2603 ἒ
1836 2511 1978 2602 1ξαέἶρο

1810 2576 1832 2602 6
1868 2576 1891 2602 6
1934 2566 1976 2608 11,
