2209 3213
317 222 393 258 248
810 217 892 254 DE
914 216 1139 254 MUNDI
1161 215 1461 253 AETHEREI

318 324 588 373 staphaerefin
608 324 802 360 Eccentri
823 333 1074 365 numerans,
1097 320 1134 358 &
1155 321 1287 359 Latus
1309 321 1396 358 ΗΒ
1418 321 1565 359 euadit
1580 321 1695 360 9863.
1717 322 1958 360 Anomalia

318 378 670 416 commutationis
688 375 885 413 Cometae
903 375 1093 418 LGKO,
1113 386 1166 412 ex
1184 374 1313 421 ipsius
1330 374 1540 412 Moestlini
1556 377 1751 413 numeris
1767 381 1870 414 tunc
1887 387 1957 413 ex-

318 432 394 468 istit
419 431 471 468 G.
496 430 574 467 281.
600 429 662 466 M.
688 428 739 472 10,
766 426 1002 475 relic'toque
1026 427 1308 465 Semicirculo
1334 427 1389 465 est
1411 428 1613 476 Angulus
1639 428 1792 472 KHO,
1818 429 1861 466 P.
1885 429 1956 467 101.

318 485 379 521 M.
394 484 445 521 10.
464 484 653 520 Libratio
666 493 769 519 vero
782 481 869 524 FO,
884 492 983 528 quae
994 482 1170 518 metitur
1179 480 1406 528 Angulum
1418 481 1502 519 FH
1512 481 1563 525 O,
1576 481 1618 519 P.
1631 481 1667 519 2.
1681 481 1744 519 M.
1757 482 1819 520 45.
1837 482 1957 520 Ideo-

318 549 401 583 que
415 535 615 583 Angulus
632 535 776 578 FHK,
794 535 835 572 P.
849 534 928 572 103.
942 534 1005 571 M.
1018 534 1081 578 55,
1099 533 1136 571 &
1153 532 1320 572 adiecto
1332 534 1510 582 Angulo
1527 534 1663 572 BHK
1679 535 1841 582 aequali
1858 535 1957 573 Pro·
1997 549 2012 573 5

317 588 556 636 staphaerefi
574 588 823 631 Eccentrici,
839 589 1042 634 prouenit
1058 592 1172 625 totus
1189 587 1328 631 FHB,
1345 586 1388 625 P.
1405 587 1485 625 105.
1502 587 1566 625 M.
1583 587 1619 625 6.
1639 587 1789 634 Quare
1806 590 1851 626 in
1867 587 1958 625 Tri-

317 642 478 689 angulo
504 642 535 678 F
543 641 643 683 Ι-ΙΒ,
670 653 770 678 cum
795 641 951 678 dentur
976 640 1106 678 ambo
1132 640 1289 678 Latera
1313 640 1431 678 hunc
1456 640 1684 688 Angulum
1708 641 1958 684 ambientia,

319 696 362 733 H
372 696 403 732 F
414 694 517 733 8420
529 694 859 732 Semidiameter
869 693 997 732 Orbis
1008 693 1219 738 Cometae‚
1233 704 1286 730 ex
1298 692 1508 731 Moestlini
1519 693 1742 741 politione,
1755 694 1800 732 H
1809 694 1843 732 B
1854 705 1960 732 vero

317 751 435 795 prius
448 750 679 785 inuentum
690 747 806 790 9863,
819 749 946 794 igitur
957 758 1048 784 non
1060 746 1328 794 ignorabitur
1337 746 1539 794 Angulus
1551 746 1638 784 HB
1647 747 1690 791 F,
1703 747 1745 785 P.
1754 747 1816 785 33.
1826 747 1888 785 M.
1897 747 1959 791 59,

319 804 387 839 cui
404 801 432 838 si
448 801 633 838 addatur
649 800 799 844 DBH‚
822 800 969 838 euadit
984 805 1099 838 totus
1115 799 1317 848 Angulus
1334 799 1444 843 FBI‚
1466 799 1509 837 Ρ.
1526 799 1589 838 35.
1607 800 1670 838 M.
1688 800 1742 843 10,
1764 802 1839 848 qui
1854 796 1961 850 me-ll
2003 813 2033 839 ιο

318 857 417 892 titur
430 854 627 892 Cometae
644 853 888 891 distantiam
900 865 926 891 a
937 853 1083 891 medio
1099 853 1196 891 loco
1211 852 1335 891 Solis.
1353 853 1517 891 Idcirco
1532 858 1677 891 motus
1694 855 1788 891 eius
1803 855 1849 891 in
1864 865 1960 901 pro·
1986 860 2051 892 302

318 910 412 955 prio
426 907 603 945 Circulo
616 907 669 945 ab
682 905 996 951 Intersefflone‚
1009 906 1064 945 G.
1077 906 1140 945 85.
1153 906 1216 944 M.
1230 907 1282 945 17.
1296 906 1346 944 In
1358 906 1564 954 Ecliptica
1574 918 1680 944 vero
1692 906 1735 944 P.
1747 906 1810 945 84.
1823 907 1886 945 M.
1898 906 1960 944 36.

319 961 442 998 Vnde
466 960 663 998 distantia
685 960 739 998 ab
760 958 1042 1007 AEquinoc'tio
1063 971 1211 1004 verno,
1237 959 1291 998 G.
1313 959 1402 998 345.
1425 959 1487 997 M.
1510 959 1577 1004 36;
1600 960 1817 998 incidente
1841 960 1896 998 ob
1919 960 1962 998 id

320 1014 608 1061 Longitudine
626 1015 719 1051 eius
735 1015 781 1051 in
796 1013 839 1051 P.
857 1014 910 1052 15.
928 1013 991 1051 Μ.
1006 1013 1057 1051 36
1075 1015 1131 1058 )(‚
1149 1013 1266 1060 quod
1283 1014 1503 1060 inquirere
1519 1013 1888 1061 proponebamus.
1905 1014 1963 1050 At

320 1079 371 1105 ex
389 1067 703 1105 Obseruatione
721 1066 917 1104 Cornelii
930 1066 1134 1104 Gemmae
1150 1068 1353 1113 prouenit
1368 1066 1490 1104 locus
1507 1068 1613 1111 eius,
1631 1078 1719 1114 quo
1735 1067 1790 1105 ad
1806 1066 1962 1114 Longi·
2004 1080 2034 1105 15

319 1121 527 1163 tudinem,
551 1122 597 1157 in
619 1125 726 1167 part.
744 1120 797 1158 17.
818 1122 923 1157 111111.
940 1120 990 1158 55
1016 1122 1072 1163 )(,
1096 1131 1196 1157 cum
1219 1120 1479 1164 Latitudine,
1503 1119 1545 1157 P.
1562 1119 1625 1158 29.
1648 1119 1710 1157 M.
1728 1119 1752 1158 8
1774 1120 1872 1157 Bor.
1897 1119 1963 1157 Est

321 1176 438 1211 enim
445 1173 659 1220 sequentis
669 1175 713 1210 in
723 1171 894 1220 pectore
904 1172 1059 1220 Pegafi,
1067 1173 1122 1211 ad
1130 1172 1172 1210 id
1180 1178 1364 1220 tempus,
1372 1173 1630 1221 Longitudo,
1638 1173 1680 1210 P.
1689 1173 1742 1211 18.
1751 1173 1814 1211 M.
1823 1173 1896 1212 363
1905 1175 1943 1217 )(
1953 1203 1961 1216 ,

322 1227 535 1266 Latitudo,
555 1227 597 1264 P.
614 1226 676 1264 29.
694 1226 756 1264 M.
774 1226 824 1265 25
841 1227 939 1264 Bor.
959 1226 1268 1264 Antecedentis
1284 1237 1388 1264 vero
1405 1228 1450 1263 in
1466 1226 1583 1274 grad.
1600 1227 1654 1264 17.
1670 1228 1824 1264 minut.
1841 1226 1883 1263 12
1905 1228 1961 1270 )(‚

322 1291 420 1317 cum
433 1280 691 1323 Latitudine,
709 1280 751 1317 P.
764 1279 826 1317 28.
839 1279 902 1317 M.
915 1279 966 1317 50
977 1279 1075 1317 Bor.
1091 1281 1211 1317 iuxta
1224 1281 1422 1327 proprias
1434 1279 1598 1317 nostras
1611 1279 1961 1318 Obseruationes.

322 1334 462 1370 Locus
478 1335 624 1379 itaque
640 1332 708 1370 his
720 1332 861 1370 Stellis
876 1332 1160 1370 intermedius
1177 1332 1232 1370 est
1243 1334 1278 1370 is
1290 1344 1423 1380 quem
1434 1332 1535 1376 dixi,
1553 1334 1629 1380 qui
1640 1334 1772 1371 etiam
1783 1344 1810 1371 a
1821 1332 1962 1370 nostra
2000 1346 2034 1371 20

322 1387 597 1433 assignatione
620 1398 710 1423 non
730 1385 919 1423 multum
937 1386 1107 1430 dissidet,
1129 1385 1429 1424 deficientibus
1445 1385 1594 1424 saltem
1610 1387 1656 1423 in
1672 1385 1963 1434 Longitudine

322 1439 362 1476 13
383 1439 603 1485 scrupulis,
625 1441 670 1476 in
687 1439 933 1476 Latitudine
953 1443 1124 1477 tantum
1144 1438 1266 1483 senis,
1288 1438 1331 1476 id
1352 1438 1470 1486 quod
1490 1438 1663 1476 facilem
1683 1444 1874 1477 meretur
1893 1450 1963 1477 ex-

322 1492 599 1535 cusationem,
622 1491 831 1539 siquidem
848 1491 1082 1530 Cornelius
1099 1491 1291 1530 Gemma
1311 1491 1618 1530 tantummodo
1634 1492 1690 1530 ad
1705 1492 1856 1536 visum,
1879 1492 1963 1531 Co-

321 1551 484 1583 metam
501 1547 546 1582 in
561 1545 707 1583 medio
723 1545 882 1583 harum
899 1545 1133 1583 Stellarum
1150 1545 1355 1583 collocari
1371 1557 1505 1592 quam
1521 1547 1733 1593 proxime,
1749 1545 1963 1584 scrutaba-

322 1604 401 1636 tur.
423 1598 516 1635 Nec
532 1600 643 1635 inter
659 1598 846 1636 caudam
863 1598 900 1636 &
917 1604 1045 1646 caput
1062 1600 1168 1643 eius,
1190 1598 1245 1636 ob
1267 1598 1516 1643 exilitatem,
1538 1598 1766 1637 discrimen
1784 1598 1963 1646 aliquod
2001 1612 2035 1637 25

321 1651 429 1689 fecit.
447 1651 612 1689 Verum
628 1651 657 1689 fi
673 1651 820 1689 locum
836 1651 961 1689 illum
975 1663 1107 1699 quem
1119 1651 1419 1690 Moestliniana
1430 1651 1695 1700 Hypothefis
1706 1652 1761 1690 ad
1774 1652 1964 1690 eundem

322 1705 437 1742 diem
459 1706 598 1752 exigit,
620 1704 963 1748 adhibuerimus,
985 1704 1154 1743 deficiet
1174 1707 1210 1743 is
1231 1717 1319 1752 quo
1340 1705 1395 1743 ad
1413 1705 1764 1753 Longitudinem,
1784 1705 1901 1753 grad.
1918 1705 1961 1745 23.
2002 1709 2022 1741 †

322 1757 422 1800 fere,
440 1758 557 1805 quod
573 1757 674 1796 sane
690 1760 879 1796 nimium
895 1758 950 1796 ab
965 1758 1063 1806 ipfis
1078 1759 1360 1806 Apparentiis
1376 1758 1547 1797 recedit.

375 1811 494 1849 Patet
514 1813 641 1859 igitur
661 1812 704 1849 id
725 1812 842 1859 quod
862 1811 991 1859 supra
1011 1812 1214 1855 diximus,
1236 1811 1344 1850 iusto
1364 1812 1601 1850 tardiorem
1621 1811 1715 1850 fieri
1733 1816 1903 1850 motum
1919 1813 1965 1849 in

322 1864 409 1901 fine
426 1865 668 1902 durationis
681 1864 891 1909 Cometae,
909 1876 962 1903 ex
976 1864 1276 1903 Moestliniana
1287 1864 1543 1914 Hypothefi,
1560 1865 1691 1913 idque
1707 1863 1876 1903 defectu
1891 1865 1963 1903 ad·
2002 1879 2036 1904 30

322 1917 504 1954 modum
521 1918 723 1955 euidenti.
746 1918 808 1955 Eo
825 1923 973 1956 autem
989 1918 1194 1956 libentius
1210 1918 1306 1956 haec
1323 1930 1376 1956 ex
1393 1918 1663 1957 Corneliana
1679 1920 1964 1956 annotatione

323 1982 409 2008 vna
433 1970 653 2008 ostendere
676 1971 809 2015 volui,
833 1983 888 2009 ne
912 1973 1010 2019 quis
1032 1971 1276 2019 suspicetur,
1299 1971 1488 2010 nostram
1509 1971 1872 2010 obseruationem
1896 1971 1964 2009 die

323 2023 467 2061 XXVI
484 2024 675 2071 Ianuarij
699 2024 906 2068 habitam,
928 2027 1076 2063 minus
1096 2030 1237 2063 ratam
1258 2025 1346 2069 esse,
1369 2036 1556 2073 eamque
1572 2024 1881 2064 Moestlinianis
1901 2027 1963 2062 in-

324 2078 465 2114 uentis
482 2076 632 2114 iniuste
650 2077 869 2125 derogare.

378 2130 441 2167 Ex
458 2141 545 2176 quo
562 2131 689 2177 igitur
705 2132 751 2167 in
767 2130 884 2168 hunc
900 2131 1095 2175 modum,
1115 2131 1246 2179 vsque
1262 2132 1318 2170 ad
1333 2131 1535 2170 vltimum
1550 2133 1787 2169 terminum
1802 2130 1877 2169 fibi
1892 2142 1965 2178 ap·
2004 2144 2038 2169 35

324 2188 562 2229 parentem,
576 2183 806 2221 deduxisset
819 2184 1052 2222 Cornelius
1063 2184 1260 2223 Cometae
1270 2190 1453 2229 motum,
1463 2184 1682 2223 concludit
1691 2195 1794 2223 eum
1802 2184 1966 2222 lineam

325 2234 485 2273 rectam
510 2236 623 2282 (talis
646 2238 764 2273 enim
787 2237 912 2275 nobis
935 2243 1116 2284 apparet
1136 2239 1278 2276 Arcus
1301 2238 1481 2286 quilibet
1502 2238 1650 2276 circuli
1671 2237 1870 2284 maximi)
1891 2237 1967 2275 suo

325 2291 477 2326 itinere
498 2294 587 2326 toto
609 2289 851 2327 durationis
871 2295 1066 2338 tempore
1083 2290 1320 2339 defignasse,
1342 2291 1453 2329 adeo
1470 2296 1514 2329 vt
1529 2293 1601 2329 vix
1616 2291 1755 2329 latum
1771 2290 1966 2329 culmum

326 2342 385 2388 (vt
406 2344 441 2379 is
461 2342 670 2389 loquitur)
692 2343 746 2380 ab
768 2354 820 2381 ea
839 2345 885 2380 in
900 2343 1035 2381 vllam
1055 2350 1223 2391 partem
1242 2344 1476 2382 deflexerit.
1498 2344 1630 2391 Quod
1646 2343 1747 2382 sane
1763 2343 1861 2382 satis
1878 2346 1967 2382 eui-

326 2395 432 2432 dens
453 2395 766 2433 Testimonium
786 2396 961 2443 praebet,
987 2408 1088 2434 eum
1110 2397 1305 2436 Coelestis
1327 2398 1511 2436 Naturae
1532 2399 1715 2435 omnino
1735 2396 1851 2435 fuisse
1871 2409 1967 2444 par·
2006 2409 2040 2434 40

325 2450 510 2495 ticipem.
533 2449 626 2486 Nec
645 2450 1007 2487 inconuenienter
1022 2461 1110 2488 vna
1126 2451 1272 2495 asserit,
1294 2462 1396 2489 eum
1412 2451 1466 2489 ab
1482 2462 1570 2488 vno
1586 2447 1601 2500 ΙΙ
1617 2449 1906 2497 Tropicorum
1922 2453 1967 2488 in
1991 2457 2055 2489 303

326 2501 512 2538 alterum
533 2501 704 2539 cursum
724 2502 926 2544 direxisse,
950 2503 987 2540 &
1007 2509 1235 2551 Vtramque
1253 2504 1606 2542 Declinationem
1621 2505 1863 2542 maximam
1884 2503 1967 2541 hoc

1891 2556 1967 2594 suo
