2209 3213
145 553 160 578 5

130 810 160 835 10

130 1085 159 1110 15

121 1132 163 1164 23

125 1351 159 1376 20

124 1653 157 1678 25

123 1928 157 1954 30

121 2194 155 2220 35

120 2461 154 2485 40

518 210 1040 249 RECENTIORIBUS
1061 213 1519 252 PHAENOMENIS
1792 215 1842 253 27

459 317 747 356 LUCIDIOR
768 317 1036 356 DUARUM
1058 319 1121 356 IN
1143 319 1340 358 COLLO
1362 320 1584 358 PEGASI.

278 378 377 416 ARI
398 381 578 423 ratione,
600 381 646 416 in
666 379 848 417 Stellula
868 379 1078 418 lucidiore
1099 381 1198 419 colli
1219 382 1376 429 Pegasi,
1398 394 1451 420 ex
1467 382 1727 420 Ascenfione
1749 385 1843 421 eius

279 431 419 477 Recta,
441 432 484 470 Ρ.
501 432 590 470 335.
608 432 671 470 Μ.
689 433 742 477 16,
761 432 798 470 8(
815 432 1106 472 declinatione
1122 435 1165 472 P.
1182 435 1218 473 8.
1237 435 1300 472 M.
1317 435 1367 473 43
1384 435 1734 483 Septentrionali,
1752 448 1842 474 cor-

198 485 556 533 respondentibus
573 485 689 523 Coeli
705 486 983 531 mediatione,
1005 488 1050 524 in
1066 487 1109 525 Ρ.
1126 488 1162 525 3.
1180 488 1244 526 M.
1261 488 1312 526 20
1334 490 1390 533 )(,
1413 488 1589 535 eiusque
1607 488 1755 536 punc'ti
1772 490 1841 527 de-

199 539 445 582 clinatione,
458 539 501 576 P.
514 539 567 576 10.
581 539 644 576 M.
658 539 699 577 18
711 539 1008 582 Meridionali,
1024 542 1177 578 inueni
1188 541 1416 589 Angulum
1427 542 1482 580 ad
1495 542 1558 586 M,
1571 542 1613 579 Ρ.
1626 542 1688 580 68.
1702 543 1765 580 M.
1778 543 1841 581 47.

198 592 331 630 Latus
347 603 451 629 vero
469 592 544 629 IM
561 592 688 630 datur
703 592 746 629 Ρ.
759 593 812 630 19.
826 592 889 630 Μ.
903 593 929 637 1,
947 600 1212 641 quapropter
1228 595 1361 632 Latus
1373 595 1454 639 IN,
1472 597 1550 633 erit
1567 607 1619 633 ex
1630 595 1842 644 Triangu-

197 645 341 683 lorum
364 645 743 692 supputationibus
765 645 808 682 Ρ.
830 646 883 683 17.
907 646 969 683 Μ.
991 647 1045 689 41,
1070 647 1212 694 estque
1234 647 1418 685 latitudo
1442 648 1599 693 Stellae,
1623 649 1757 686 Latus
1778 651 1842 687 in-

196 698 322 745 super
342 698 456 742 ΜΝ,
478 698 649 736 dabitur
668 698 711 736 P.
728 699 764 736 7.
782 698 845 736 M.
862 699 898 736 6.
920 698 1112 746 Ideoque
1132 700 1358 748 longitudo
1379 700 1511 739 huius
1533 701 1677 739 Stellae
1699 704 1777 740 erit
1797 704 1842 740 in

197 752 310 789 P·10·
328 751 391 788 M·
409 751 459 789 2⁶
482 753 537 795 Χ·
781 795 1017 834 SCHEAT
1036 797 1258 836 PEGASI.

312 857 409 896 AEC
435 857 579 902 Stella,
605 869 706 905 quae
732 858 787 895 est
811 870 899 896 vna
924 858 977 896 de
1002 864 1191 905 quatuor
1215 861 1261 897 in
1285 860 1512 906 Quadrato
1537 861 1694 908 Pegasi,
1720 863 1843 899 iuxta

326 909 474 958 pectus
490 910 576 955 1113,
597 911 824 949 obseruata
840 911 895 949 est
910 911 1087 950 tranfire
1104 912 1407 951 Meridianum
1423 925 1523 951 cum
1539 920 1660 961 parte
1676 914 1841 962 AEqua-

196 966 301 1002 toris
316 964 405 1002 340.
424 964 486 1002 M.
503 965 566 1009 52,
584 964 622 1002 &
638 976 725 1002 vna
741 964 960 1002 declinare
976 965 1122 1003 versus
1140 966 1340 1011 Boream,
1358 967 1400 1004 Ρ.
1417 967 1480 1005 25.
1499 967 1561 1005 M.
1579 968 1641 1005 50.
1663 967 1842 1006 Coelum

196 1019 343 1065 itaque
355 1018 529 1121 methim,
546 1029 647 1055 cum
658 1018 700 1055 P.
714 1018 749 1056 9.
763 1018 826 1055 Μ.
839 1019 880 1056 17
899 1020 936 1061 )(
947 1048 955 1061 ‚
972 1018 1264 1057 declinatione
1277 1019 1468 1057 eiusdem
1479 1019 1627 1067 puncti
1640 1021 1841 1059 existente

250 1124 445 1172 Repetita
461 1126 608 1171 itaque
624 1126 823 1172 proxime
840 1124 1113 1162 antecedenti
1129 1124 1402 1173 figuratione,
1424 1128 1577 1164 inueni
1597 1138 1674 1174 per
1689 1139 1841 1174 opera-

195 1179 362 1215 tionem
376 1177 730 1225 Triangulorum,
747 1177 974 1225 Angulum
991 1178 1291 1217 Inclinationis
1308 1179 1527 1226 Eclipticae
1540 1180 1578 1217 8(
1590 1180 1841 1226 Meridiani,

197 1232 272 1278 qui
284 1231 339 1268 est
350 1231 406 1269 ad
418 1231 481 1276 M,
498 1231 541 1269 P.
551 1231 614 1269 67.
625 1231 688 1269 M.
699 1232 761 1269 54.
779 1231 829 1268 In
840 1230 1080 1278 Triangulo
1092 1243 1196 1269 vero
1209 1232 1349 1277 IMN,
1366 1233 1538 1271 dabitur
1552 1245 1605 1271 ex
1619 1234 1842 1272 additione

195 1284 414 1332 Vtriusque
435 1284 738 1322 declinationis
759 1285 892 1322 Latus
911 1284 1000 1329 IM,
1021 1284 1064 1322 P.
1082 1285 1144 1322 33.
1162 1285 1225 1323 M.
1242 1286 1305 1324 56.
1327 1286 1519 1333 Ideoque
1540 1286 1746 1325 constabit
1766 1299 1842 1334 per

196 1340 498 1385 operationem
521 1338 654 1375 Latus
677 1338 757 1382 IN,
781 1338 823 1375 P.
847 1338 901 1375 31.
926 1338 989 1376 M.
1013 1338 1049 1381 9,
1075 1338 1375 1385 representans
1398 1339 1542 1377 Stellae
1566 1340 1841 1378 latitudinem

196 1391 437 1438 quaesitam;
461 1391 513 1429 Et
534 1396 747 1438 praeterea
769 1393 814 1428 in
837 1391 993 1429 eodem
1009 1391 1249 1439 Triangulo
1272 1392 1444 1430 dabitur
1464 1393 1598 1431 Latus
1621 1393 1841 1441 reliquum

196 1444 310 1489 MN,
327 1445 369 1482 P.
383 1445 435 1482 14.
449 1444 512 1483 M.
526 1444 578 1482 12.
597 1444 728 1491 Quod
744 1444 773 1482 fi
789 1445 1121 1482 adiunxerimus
1138 1445 1193 1483 ad
1209 1445 1420 1492 punctum
1433 1446 1548 1484 Coeli
1562 1447 1841 1485 mediationis

194 1500 314 1545 prius
330 1498 494 1542 datum,
511 1510 603 1536 non
618 1498 765 1536 latebit
781 1497 1007 1546 longitudo
1024 1498 1156 1535 huius
1173 1498 1318 1536 Stellae
1336 1501 1382 1536 in
1405 1501 1442 1543 )(
1465 1500 1507 1537 P.
1522 1500 1585 1537 23.
1604 1500 1666 1538 M.
1679 1500 1742 1538 29.
1761 1500 1839 1538 La-

194 1551 376 1589 titudine
393 1551 482 1598 ipsa
498 1553 617 1599 prius
633 1553 827 1596 inuenta,
844 1553 1035 1599 partium
1051 1551 1104 1589 31.
1123 1551 1185 1589 M.
1203 1552 1227 1590 9
1243 1552 1420 1590 boreali.

651 1640 949 1678 DEXTRUM
971 1640 1142 1678 GENU
1164 1640 1386 1679 PEGASI.

286 1702 388 1740 VIA
404 1702 605 1740 nondum
620 1701 753 1740 huius
766 1702 909 1740 Stellae
921 1702 1146 1740 tranfitum
1158 1714 1234 1750 per
1246 1703 1549 1742 Meridianum
1565 1702 1717 1742 nactus
1732 1703 1839 1748 sum,

299 1758 393 1794 eius
409 1756 747 1794 declinationem
765 1755 802 1793 8(
818 1755 1126 1793 Ascenfionem
1143 1754 1331 1800 Rectam,
1354 1769 1407 1794 ex
1427 1757 1529 1795 data
1550 1757 1778 1795 altitudine
1795 1760 1840 1795 in

194 1809 434 1847 Azimutho
451 1814 580 1853 certo,
598 1809 699 1847 dato
716 1811 848 1846 etiarn
864 1814 1072 1856 tempore,
1090 1809 1346 1857 inuestigaui
1363 1812 1408 1848 in
1424 1810 1542 1848 hunc
1558 1810 1757 1848 modum:

248 1862 364 1901 Cum
375 1864 421 1900 in
433 1862 685 1900 Meridiano
697 1863 822 1900 essent
835 1862 887 1900 de
898 1862 1140 1909 AEquatore
1153 1862 1195 1900 P.
1208 1864 1270 1901 55.
1285 1863 1347 1901 M.
1360 1864 1423 1908 45,
1441 1863 1711 1911 deprehendi
1724 1864 1839 1902 hanc

194 1915 373 1953 Stellam
385 1918 430 1954 in
442 1915 696 1960 Azimutho,
708 1916 751 1953 P.
760 1916 796 1954 8.
805 1915 939 1959 Μ.53,
952 1915 1098 1953 versus
1110 1915 1461 1963 Septentrionem
1472 1917 1526 1955 ab
1539 1917 1692 1955 occasu
1704 1919 1838 1965 aequi-

192 1968 381 2014 noctiali,
402 1981 578 2017 vnaque
599 1969 761 2007 habere
782 1969 1070 2013 altitudinem,
1091 1969 1134 2006 Ρ.
1151 1969 1214 2007 28.
1235 1970 1298 2007 Μ.
1315 1970 1382 2013 24;
1404 1970 1506 2008 111116
1526 1971 1645 2009 lubet
1666 1973 1759 2009 eius
1775 1973 1838 2009 in-

192 2022 399 2070 uestigare
415 2022 722 2061 Ascenfionem
739 2021 914 2061 Redtam
931 2022 969 2060 8(
985 2022 1336 2067 declinationem,
1354 2026 1559 2071 quamuis
1575 2026 1621 2062 in
1637 2024 1726 2071 ipso
1743 2024 1838 2062 Me-

192 2076 363 2114 ridiano
380 2088 406 2114 a
422 2077 547 2114 nobis
568 2076 796 2114 obseruata
816 2076 1032 2123 nusquam
1052 2075 1191 2120 fuerit,
1213 2077 1345 2124 idque
1365 2079 1411 2115 in
1431 2077 1550 2115 hunc
1571 2078 1766 2115 modum.
1788 2078 1838 2116 In

191 2128 385 2176 sequenti
407 2129 668 2177 figuratione
691 2129 736 2167 111
760 2129 1037 2167 Meridianus
1061 2129 1343 2175 CBAGED,
1368 2131 1570 2169 Horizon
1593 2131 1735 2176 AKE,
1759 2131 1837 2169 Po-

191 2182 259 2220 lus
272 2182 321 2221 C.
338 2182 555 2230 AEquator
571 2182 716 2227 BKG,
734 2182 865 2221 Polus
882 2182 936 2220 D.
954 2183 1096 2220 Locus
1108 2182 1252 2221 Stellae
1268 2183 1315 2221 fit
1331 2184 1390 2222 H.
1407 2184 1487 2221 Per
1503 2196 1635 2232 quem
1651 2184 1837 2222 transeat

191 2247 218 2273 a
233 2236 340 2274 Polo
357 2236 614 2274 Horizontis
634 2236 722 2274 flue
742 2236 913 2280 Zenith‚
934 2238 979 2273 in
996 2236 1301 2281 Horizontem‚
1323 2237 1560 2283 Quadi-ans
1577 2238 1667 2276 CH
1678 2238 1721 2276 F.
1739 2238 1837 2276 Pari

191 2291 360 2327 ratione
371 2289 558 2327 transeat
569 2302 595 2328 a
606 2290 713 2327 Polo
724 2289 978 2336 AEquatoris
990 2289 1045 2334 D,
1062 2291 1108 2327 in
1118 2289 1421 2337 AEquatorem,
1438 2302 1514 2338 per
1526 2291 1585 2335 H,
1601 2291 1836 2337 Quadrans

191 2342 325 2380 DHI.
347 2343 630 2381 Manifestum
646 2343 701 2381 est
716 2345 876 2390 itaque,
896 2343 1014 2390 quod
1030 2343 1172 2381 Arcus
1189 2343 1275 2381 HF
1290 2344 1565 2391 repraesentet
1582 2344 1726 2382 Stellae
1743 2344 1835 2382 alti-

191 2396 400 2440 tudinem,
422 2396 501 2434 KF
516 2408 621 2434 vero
637 2397 817 2434 Azimut
837 2396 891 2434 ab
909 2396 1075 2434 Occasu
1096 2396 1393 2443 aequinod’tiali
1411 2397 1558 2435 versus
1574 2398 1835 2445 Septentrio-

190 2461 305 2492 nem,
327 2451 493 2496 eritque
514 2449 747 2488 declinatio
766 2449 837 2487 HI
853 2450 1007 2487 Arcus.
1029 2450 1231 2497 Angulus
1247 2462 1352 2488 vero
1369 2451 1478 2488 BDI
1499 2451 1743 2489 differentia
1759 2451 1834 2488 As-

191 2502 402 2540 cenfionis
418 2501 559 2541 Rec'tae
576 2503 721 2541 Stellae
738 2502 776 2540 &
792 2503 921 2551 medij
942 2502 1070 2547 Coeli,
1087 2514 1187 2550 quae
1204 2505 1486 2551 inquiruntur
1502 2504 1585 2542 hoc
1601 2503 1743 2551 pacto:
1761 2501 1802 2594 ΙΙΙ

295 2563 328 2588 4*
1806 2569 1834 2594 n
