2209 3213
377 245 427 282 50
870 239 952 277 DE
974 237 1198 278 MUNDI
1219 235 1520 274 AETHEREI

431 348 695 394 Intelligatur
718 349 761 383 in
786 348 905 383 iuxta
929 345 1062 392 poslta
1086 343 1390 387 delineatione,
1414 343 1445 379 P
1469 343 1544 379 esse
1568 342 1699 379 Polus
1723 342 1954 390 Eclipticae‚
1978 342 2015 381 C

379 402 574 441 Cometa,
602 401 633 437 B
660 400 785 446 Lyrae
810 398 966 441 lucida,
989 399 1029 434 A
1045 397 1240 434 Vulturis
1260 395 1403 434 Stella.
1428 395 1632 442 Cumque
1650 395 1804 442 Capite
1827 395 2015 433 secundo

377 454 700 495 assumserimus,
726 464 777 489 ex
800 452 986 498 proprijs
1008 448 1409 491 Obseruationibus,
1434 448 1559 496 Lyrae
1581 448 1759 486 Stellam
1782 450 1827 486 in
1850 454 1956 496 part.
1978 449 2014 487 9.

378 507 438 544 M.
452 507 501 543 20
518 512 557 546 z,
575 517 675 542 curn
691 505 918 542 latitudine
935 504 976 540 P.
990 504 1042 541 61.
1058 503 1119 540 M.
1132 502 1182 540 43
1195 502 1293 539 Bor.
1312 501 1349 539 8(
1365 501 1560 539 Vulturis
1576 501 1756 539 Stellam
1772 503 1817 539 in
1833 507 1939 549 part.
1952 502 2014 540 25.

377 560 438 596 M.
451 559 501 596 52
518 564 557 599 Z.
576 570 674 595 curn
691 558 917 595 latitudine
934 557 976 594 Ρ.
989 556 1051 594 29.
1065 556 1127 593 M.
1141 556 1182 593 19
1199 557 1331 593 etiam
1348 555 1501 598 Borea,
1519 559 1646 592 erunt
1661 556 1853 601 primum
1868 557 1914 592 in
1924 554 2015 592 Tri-

377 612 536 659 angulo
550 612 680 653 APB,
699 623 751 648 ex
768 610 1098 657 complementis
1113 608 1393 646 latitudinum
1405 607 1637 645 ambarum
1649 607 1894 652 Stellarum,
1911 613 2017 646 nota

376 666 478 702 bina
494 664 641 706 latera,
660 664 743 705 PB,
761 664 802 700 Ρ.
820 663 882 701 28.
900 663 962 699 M.
981 663 1034 705 17,
1052 662 1089 699 8(
1106 662 1196 705 ΑΡ,
1214 661 1255 698 P.
1269 661 1331 698 60.
1345 661 1408 698 M.
1420 661 1474 705 41,
1492 660 1910 708 comprehendentia
1925 662 2015 699 An-

824 716 975 763 gulum
991 715 1111 752 APB
1129 716 1260 752 etiam
1277 725 1329 751 ex
1346 713 1591 751 differentia
1606 713 1930 761 longitudinum
1946 725 2015 752 ea-

824 769 1010 806 rundem
1031 767 1264 806 Stellarum
1285 769 1507 814 cognitum
1528 767 1570 804 P.
1587 767 1641 805 16.
1663 767 1726 804 M.
1744 767 1807 811 32,
1828 767 2016 814 ideoque

824 833 900 869 per
914 820 1255 868 Triangulorum
1272 820 1608 858 calculationem
1625 820 1772 858 euadit
1790 820 1903 858 latus
1919 820 2014 864 AB,

824 875 866 912 P.
879 875 941 912 34.
958 874 1021 911 M.
1035 875 1079 918 11,
1097 873 1340 911 distantiam
1356 873 1574 920 vtriul'que
1592 873 1736 911 Stellae
1753 873 1807 911 ab
1823 875 2016 911 inuicem

824 927 1150 975 repraesentans,
1186 938 1333 974 quam,
1363 938 1439 973 per
1470 926 1832 964 Obseruationem
1862 926 2014 964 Instru-

824 980 1062 1018 mentalem
1087 980 1366 1027 deprehendi,
1393 979 1435 1017 P.
1459 979 1521 1017 34.
1546 979 1608 1017 M.
1634 979 1687 1024 10,
1713 981 1841 1017 vnico
1866 979 2016 1018 saltem

824 1036 994 1071 minuto
1010 1035 1240 1070 minorem.
1259 1032 1408 1079 Quare
1425 1032 1523 1070 loca
1538 1032 1698 1070 harum
1710 1032 1943 1071 Stellarum
1954 1032 2014 1070 sa-

824 1089 875 1124 tis
892 1091 1186 1133 competenter
1202 1097 1229 1123 a
1244 1086 1370 1123 nobis
1388 1085 1576 1123 restituta
1597 1086 1686 1128 esse,
1707 1097 1795 1124 vna
1815 1097 2013 1133 compro-

823 1139 962 1177 batur.
986 1138 1160 1176 Dehinc
1180 1141 1226 1176 in
1247 1139 1403 1176 eodem
1423 1138 1675 1186 Triangulo‚
1697 1150 1750 1176 ex
1770 1138 1906 1176 tribus
1926 1141 2015 1177 iam

823 1195 937 1230 notis
958 1192 1177 1235 lateribus,
1200 1191 1405 1229 constabit
1420 1192 1622 1240 Angulus
1639 1192 1771 1236 PBA,
1793 1192 1835 1229 P.
1853 1191 1933 1230 153.
1950 1192 2014 1230 M.

822 1246 907 1285 4735.
926 1245 1043 1283 Hinc
1055 1245 1378 1293 progredientes
1390 1245 1445 1283 ad
1457 1244 1746 1293 Triangulum
1758 1245 1830 1283 PB
1839 1245 1894 1289 D,
1911 1246 2016 1292 quia

824 1310 876 1336 ex
893 1298 1089 1336 distantia
1105 1297 1296 1335 fixarum
1311 1298 1444 1335 modo
1461 1300 1655 1342 inuenta,
1671 1297 1708 1335 8(
1720 1298 1806 1335 DA
1819 1298 2016 1336 distantia

823 1351 906 1389 loci
924 1351 1121 1389 Cometae
1134 1362 1160 1388 a
1171 1351 1367 1395 Vulture‚
1384 1363 1461 1398 per
1474 1351 1837 1389 Obseruationem
1853 1351 2014 1396 habita,

823 1405 865 1442 P.
883 1405 927 1441 11.
950 1404 1013 1441 Μ.
1030 1404 1066 1447 7,
1088 1403 1304 1442 conflatur
1323 1409 1463 1442 totum
1484 1404 1597 1442 latus
1619 1404 1716 1448 BD,
1738 1404 1779 1442 P.
1797 1404 1860 1442 45.
1880 1404 1943 1442 M.
1961 1404 2014 1448 18,

824 1457 861 1494 &
876 1462 1083 1494 manente
1104 1457 1238 1494 latere
1255 1457 1339 1501 BP,
1360 1463 1404 1494 vt
1419 1459 1552 1504 prius,
1574 1457 1616 1495 P.
1633 1457 1695 1495 28.
1714 1457 1777 1494 Μ.
1794 1458 1848 1501 17,
1870 1456 1909 1495 8(
1924 1458 2014 1494 An-

822 1510 924 1558 gulo
948 1509 1082 1554 PBD,
1110 1510 1265 1548 eodem
1291 1509 1493 1548 existente
1517 1521 1617 1548 cum
1640 1510 1773 1554 PBA,
1800 1515 1930 1548 antea
1952 1512 2015 1548 in-

823 1568 969 1606 uento,
984 1563 1026 1600 P.
1040 1562 1119 1601 153.
1133 1563 1195 1600 M.
1209 1563 1294 1607 474,
1311 1562 1498 1610 prosiliet
1509 1575 1585 1611 per
1597 1563 1912 1611 Operationem
1922 1563 2014 1601 Tri-

822 1618 1024 1664 gonicam
1040 1616 1153 1653 latus
1170 1616 1262 1660 PD,
1280 1616 1422 1653 eidem
1438 1616 1615 1664 Angulo
1632 1616 1888 1664 oppofitum,
1905 1616 1947 1654 P.
1960 1617 2014 1655 71.

823 1669 886 1707 M.
907 1669 970 1713 30,
993 1668 1364 1716 complementum
1385 1669 1626 1707 latitudinis
1646 1669 1731 1707 loci
1752 1669 1963 1714 Cometae,
1986 1669 2016 1707 fi

822 1724 858 1760 is
879 1721 1026 1760 exacte
1047 1721 1180 1759 fuisset
1200 1724 1245 1759 in
1266 1721 1483 1769 praefinita
1503 1722 1633 1766 linea,
1655 1722 1693 1760 &
1713 1725 1937 1761 inuenitur
1952 1725 2014 1760 in-

822 1775 948 1822 super
959 1775 1162 1822 Angulus
1178 1775 1313 1818 DPB,
1330 1775 1372 1813 P.
1391 1776 1443 1813 19.
1462 1775 1525 1813 M.
1542 1776 1596 1820 21,
1614 1778 1689 1823 qui
1704 1777 1880 1813 metitur
1896 1775 2015 1814 diffe-

375 1830 559 1865 rentiam
570 1828 852 1875 longitudinis
865 1829 1062 1866 Cometae
1074 1840 1101 1865 a
1113 1828 1238 1876 Lyrae
1249 1828 1407 1866 lucida.
1420 1829 1597 1873 Verum,
1611 1830 1715 1876 quia
1727 1829 1913 1867 Cometa
1925 1834 2015 1867 erat

374 1880 490 1918 linea
511 1881 597 1923 illa,
619 1893 718 1928 quae
738 1882 975 1919 ducebatur
991 1893 1017 1918 a
1033 1881 1178 1918 lucida
1194 1881 1320 1928 Lyrae
1337 1893 1413 1928 per
1428 1882 1671 1925 Vulturem,
1694 1882 2016 1920 Occidentalior

375 1933 412 1971 8(
423 1934 769 1978 Meridionalior,
782 1934 901 1981 quafi
912 1946 1000 1971 vno
1011 1930 1024 1983 ΙΙ
1036 1934 1202 1977 Gradu,
1215 1935 1475 1972 assumemus
1486 1934 1599 1972 latus
1611 1935 1699 1979 PD,
1712 1935 1846 1982 paulo
1857 1936 2014 1978 maius,

374 1991 518 2033 vtpote
533 1987 574 2023 P.
587 1988 640 2025 71.
654 1987 716 2024 M.
729 1988 791 2031 45,
810 1987 847 2024 8(
864 1987 959 2031 BD,
977 1987 1019 2024 P.
1032 1987 1094 2024 45.
1108 1987 1170 2024 M.
1184 1987 1237 2031 12,
1254 1992 1460 2025 manente
1477 1988 1561 2031 BP,
1578 1993 1622 2025 vt
1637 1990 1769 2034 prius,
1786 1990 2015 2035 proueniet

374 2039 575 2086 Angulus
589 2039 722 2083 DPB,
740 2040 782 2077 P.
795 2041 847 2078 17.
862 2040 924 2077 M.
937 2040 999 2083 43,
1017 2039 1307 2077 differentiam
1323 2040 1606 2088 longitudinis
1619 2041 1817 2079 Cometae
1831 2053 1857 2079 a
1870 2040 2015 2079 lucida

375 2092 512 2139 Lyrae,
530 2091 733 2136 exactius,
751 2105 884 2140 quam
901 2098 1042 2135 antea,
1059 2092 1328 2137 mensurans,
1345 2093 1620 2141 profilietque
1637 2105 1690 2131 ex
1705 2094 1774 2131 his
1789 2094 2015 2142 longitudo

375 2145 571 2182 Cometae
588 2148 633 2182 in
649 2146 758 2183 Part.
776 2146 837 2184 27.
856 2146 918 2183 M.
936 2146 958 2183 3
980 2152 1021 2189 z,
1043 2157 1143 2183 cum
1163 2146 1390 2184 latitudine
1408 2146 1449 2184 P.
1467 2147 1520 2184 18.
1538 2147 1601 2184 M.
1618 2146 1658 2185 15
1675 2147 1774 2184 Bor.
1794 2159 1893 2194 quae
1915 2158 2015 2185 cum

374 2197 470 2235 loco
487 2200 606 2244 prius
623 2198 661 2235 &
677 2198 764 2236 alia
780 2201 947 2236 ratione
964 2201 1158 2243 inuento,
1175 2198 1272 2236 satis
1289 2205 1387 2246 apte
1404 2201 1686 2244 conueniunt,
1704 2200 1953 2237 deuiatione
1969 2202 2015 2237 in

373 2250 643 2297 longitudine
661 2251 861 2289 existente
878 2251 1027 2289 saltem
1042 2251 1066 2288 4
1083 2251 1374 2296 Minutorum,
1391 2254 1436 2289 in
1452 2252 1680 2290 latitudine
1696 2253 1873 2290 nullius.
1893 2253 2014 2290 Ideo-

374 2314 458 2349 que
471 2303 667 2341 Cometae
682 2304 840 2347 locum,
854 2305 891 2342 8(
903 2304 985 2342 hac
997 2304 1212 2342 Methodo
1225 2306 1302 2342 rite
1315 2307 1546 2342 inuentum
1559 2305 1879 2352 comprobatur,
1896 2305 2014 2352 quod

373 2355 440 2393 his
457 2356 735 2394 efficiendum
751 2357 1058 2395 constituimus.

1912 2569 2012 2607 DIE

2054 567 2069 592 5

2057 832 2087 857 10

2054 1098 2084 1123 15

2053 1363 2087 1388 20

2053 1629 2087 1654 25

2052 1893 2086 1919 30

2048 1941 2086 1972 51

2052 2159 2086 2184 35
