2209 3213
409 223 486 261 482
727 219 1001 258 IOANNIS
1024 218 1251 256 CRAIGI
1273 218 1725 257 CAPNURANIAE

408 329 538 357 motus
560 326 639 363 lege
660 324 696 354 in
717 324 778 353 illa
802 323 957 362 politeia
974 322 1118 353 versari
1135 331 1213 354 non
1232 322 1358 359 liceat,
1381 331 1500 361 qvam
1516 325 1557 353 ut
1572 322 1723 353 tardius
1738 322 1933 359 incedant,
1956 330 2045 361 qvae

408 370 529 409 magis
555 369 772 399 exaltentur
796 367 897 405 (Hac
924 367 1026 398 enim
1053 369 1235 397 motuum
1258 366 1466 397 harmonia
1489 366 1663 398 Coelestia
1690 367 1773 397 sunt
1798 365 1989 403 devincta,
2016 366 2045 397 8<

407 421 650 453 qvaecunqve
672 412 753 451 ejus
775 411 849 442 loci
867 419 913 442 ac
931 410 1109 452 natur[ae]
1126 411 1224 445 sunt)
1239 413 1345 442 certe
1362 410 1472 441 aliter
1490 410 1525 441 se
1541 410 1687 442 habere
1706 419 1785 442 non
1805 410 1994 450 potuisset‚
2016 410 2045 440 8(

406 459 430 488 sl
453 462 562 487 extra
584 455 779 487 coelestem
798 455 1004 494 Regionem
1026 455 1126 485 infra
1148 455 1302 486 Lunam
1325 454 1511 492 extitisset,
1536 455 1657 486 modo
1678 454 1875 486 coelestem
1894 458 2047 486 contra-

404 501 538 532 nixum
560 499 759 536 habuisset,
784 499 948 530 celerius
969 499 1106 539 procul
1127 499 1245 531 dubio
1267 502 1399 530 motus
1420 498 1553 530 fuisset.
1578 498 1653 530 Sed
1676 499 1769 530 nihil
1789 499 1829 529 in
1848 499 1907 530 his
1927 498 2045 530 fumis

406 544 557 576 coeleste
581 544 644 581 est,
670 552 718 574 ne
742 543 996 574 contranixus
1020 543 1190 583 qvidem‚
1217 543 1280 582 qvi
1305 543 1343 574 in
1365 543 1430 574 illo
1454 551 1533 575 non
1557 546 1699 580 motus,
1725 543 1788 574 sed
1811 542 2046 582 qviescentia

405 591 498 619 erat.
516 588 664 619 Verum
681 596 772 618 cum
790 588 978 627 agnoscas
994 587 1109 628 hujus
1126 587 1288 618 rationis
1304 587 1632 624 incertitudinem,
1654 587 1745 619 nolo
1765 587 1940 627 pluribus
1956 595 2046 618 eam

405 632 630 664 monstrare.
656 631 825 670 Idipsum
847 632 885 662 in
908 631 992 672 alijs
1016 640 1171 671 qvoqve
1194 632 1326 669 facito,
1351 632 1387 662 in
1412 631 1551 671 qvibus
1571 631 1664 662 nihil
1686 630 1971 670 probabilitatis
1991 639 2047 662 re-

404 677 560 716 peritur.
585 676 672 707 Non
694 676 805 706 aliter
826 685 945 715 qvam
966 676 1004 706 in
1025 679 1178 715 qvarto,
1200 676 1265 707 ubi
1282 676 1485 707 Coelestem
1503 676 1615 706 situm
1632 675 1720 707 inde
1737 675 1877 715 arguis,
1900 675 2005 715 qvod
2023 684 2046 706 a

404 721 642 760 Capricorno
660 720 710 750 ad
727 720 922 751 Cancrum
939 720 1058 760 usqve
1080 720 1121 751 sit
1142 720 1373 760 progressus:
1397 720 1489 760 qvid
1509 720 1572 751 hic
1589 719 1813 751 Coelestibus
1832 719 1951 751 [imile
1971 719 2046 751 est?

404 764 605 806 Ipsoru[m]
631 765 779 795 nullum
804 764 1093 795 semicirculum
1115 767 1282 802 tantum,
1310 767 1376 795 avt
1398 765 1683 804 incompletum
1706 772 1845 795 arcum
1869 764 2043 796 conficit:

402 810 461 839 An
481 808 579 850 pr[o]
599 808 848 848 intelligentia
866 808 931 839 sua
947 808 1047 840 illius
1064 808 1208 849 frigora
1224 809 1385 849 fugiens,
1409 809 1458 839 ad
1480 809 1594 849 hujus
1610 808 1745 840 focum
1762 817 1923 848 pergere
1939 809 2046 839 volu-

402 854 494 884 erit?
513 853 587 884 Sed
605 853 692 883 Sole
710 852 867 884 absente
884 852 1019 893 frigide
1036 853 1315 892 excipiebatur.
1338 854 1464 892 Atqve
1480 853 1568 884 haec
1587 853 1670 883 sunt
1685 852 1761 889 illa,
1780 852 1920 892 qvibus
1936 861 2046 892 gene-

401 898 472 928 rali
496 897 616 928 modo
641 897 670 927 8z
694 897 949 928 verisimiliter
972 896 1175 928 Coelertem
1196 898 1307 928 situm
1331 897 1503 929 Cometis
1526 897 1583 928 vis
1607 896 1789 934 astruere,
1816 905 2045 936 qvanqvam

401 941 565 983 prim[ae]
584 941 725 972 rationi
741 941 996 972 necessariam
1013 950 1168 981 qvoqve
1184 941 1400 973 Veritatem
1422 941 1604 972 ascribas.
1628 941 1742 979 Qvod
1758 949 1853 972 vero
1870 940 1920 972 ab
1937 940 2045 972 omni

402 984 507 1017 recto
520 985 667 1026 judicio
685 985 813 1016 aliena
829 986 909 1019 fint.
932 985 1103 1024 nihilqve
1120 986 1201 1017 veri
1218 986 1278 1016 vel
1296 986 1545 1017 consentanei
1563 985 1748 1021 habeant,
1771 993 1888 1017 nemo
1906 985 2045 1025 opinor

402 1029 569 1069 amplius
586 1029 768 1070 ambiget.
787 1027 801 1072 ΙΙ

454 1074 566 1105 Nunc
589 1073 872 1105 Mathematica
893 1076 960 1105 tua
981 1074 1285 1111 confideremus,
1308 1074 1447 1114 qvibus
1468 1074 1681 1114 plurimum
1702 1074 1801 1111 fidis,
1823 1073 1853 1104 81
1874 1082 2045 1113 qvorum

400 1118 672 1149 certitudinem
684 1120 838 1149 tantam
850 1118 1058 1158 praedicas,
1075 1121 1117 1149 ut
1133 1117 1447 1150 contradicturus
1458 1127 1530 1159 pro
1544 1118 1836 1149 Mathematum
1848 1117 2042 1158 imperito,

400 1163 429 1192 8(
446 1162 694 1194 Aristotelicis
711 1162 874 1200 Placitis‚
892 1165 934 1193 ut
950 1163 1117 1194 decretis
1135 1163 1198 1194 sev
1215 1163 1406 1200 Oraculis,
1430 1162 1657 1202 mancipato
1675 1172 1698 1194 a
1713 1164 1750 1194 te
1768 1163 1810 1193 fit
1825 1162 2041 1194 habendus.

399 1207 529 1238 Verba
547 1207 633 1238 haec
650 1207 746 1241 sunt,
764 1207 793 1237 δι
810 1210 899 1238 ante
916 1207 1088 1238 decisam
1104 1207 1312 1238 veritatem
1328 1207 1489 1239 minime
1506 1207 1697 1244 decentia,
1714 1215 1794 1239 non
1810 1209 1943 1238 avtem
1959 1214 2046 1246 pro—

400 1251 592 1282 bationes:
616 1260 736 1290 qvam
756 1259 860 1289 vere,
883 1254 1021 1282 contra
1043 1251 1072 1282 82
1092 1250 1234 1283 redtius
1256 1251 1460 1283 sentientes
1481 1252 1530 1283 fic
1553 1251 1737 1291 excipias,
1760 1251 2043 1291 expendamus.

399 1296 441 1326 Et
457 1304 505 1326 ne
522 1298 746 1335 pervertere
762 1295 982 1333 videamur,
1006 1295 1232 1327 summatim
1252 1298 1488 1336 repetemus,
1511 1305 1600 1336 qvae
1616 1295 1697 1327 vim
1715 1296 1838 1326 ullam
1858 1295 2045 1335 arguendi

398 1339 545 1371 habere
570 1339 823 1379 reperientur.
850 1339 1022 1371 Primam
1048 1340 1228 1371 secundae
1251 1340 1589 1380 comprobationis
1613 1342 1693 1372 tua:
1718 1342 1873 1380 partem
1897 1339 2043 1371 silentio

399 1386 489 1415 ante
512 1384 795 1424 praeterieram,
819 1384 924 1423 qvod
948 1384 1052 1415 nulla
1075 1384 1285 1422 videretur,
1310 1393 1413 1416 nunc
1437 1386 1483 1416 ea
1506 1385 1706 1424 praecipue
1726 1383 1890 1415 nitimini
1912 1384 1961 1415 fic
1983 1383 2045 1415 de-

398 1427 525 1459 ducta.
545 1428 806 1460 Mutationem
823 1428 1048 1468 apparentis
1064 1428 1152 1465 loci,
1170 1431 1316 1468 qvanta
1333 1430 1411 1460 una
1428 1428 1655 1468 qvotidiana
1673 1428 1927 1460 conversione
1944 1427 2044 1459 acci-

398 1472 463 1509 dit,
486 1472 639 1504 duabus
661 1472 1011 1510 observationibus,
1033 1474 1110 1503 una
1134 1473 1199 1504 sub
1221 1473 1363 1504 horam
1384 1473 1544 1510 sextam,
1570 1474 1693 1504 altera
1711 1472 1776 1504 sub
1794 1472 1963 1504 eandem
1978 1480 2044 1511 po-

398 1516 565 1548 sterioris
581 1516 667 1553 diei,
687 1516 814 1553 sumis,
833 1517 862 1548 8ι
879 1517 1036 1553 diarius,
1059 1517 1122 1548 sev
1144 1517 1305 1549 diurnus
1326 1519 1458 1549 motus
1474 1517 1587 1549 vobis
1608 1517 1759 1548 dicitur.
1782 1516 1932 1548 Deinde
1947 1516 2044 1556 eJ'us-

398 1561 489 1592 dem
513 1561 738 1601 apparentis
760 1561 837 1592 loci
858 1561 1131 1598 mutationem,
1157 1570 1246 1601 qvae
1268 1561 1307 1593 in
1329 1564 1441 1601 parte
1462 1562 1592 1602 aliqva
1612 1561 1712 1593 illius
1733 1560 1894 1601 periodi,
1919 1560 1983 1591 sev
2004 1560 2043 1591 in

399 1605 528 1645 aliqvo
556 1605 783 1645 particulari
807 1608 987 1645 tempore
1012 1605 1183 1643 obvenit,
1212 1614 1281 1645 per
1306 1606 1403 1637 alias
1428 1606 1527 1637 duas
1553 1605 1845 1637 observationes
1869 1604 2041 1644 inqviris,

399 1658 519 1689 qvam
535 1652 792 1689 apparentem
808 1649 907 1681 illius
922 1649 1113 1689 temporis
1129 1652 1282 1681 motum
1300 1651 1490 1690 appellas:
1508 1650 1622 1682 tertio
1639 1650 1687 1681 de
1702 1652 1786 1681 toto
1803 1649 1944 1681 diurno
1957 1657 2043 1688 par-

397 1696 478 1724 tem
494 1694 583 1725 huic
600 1693 828 1733 particulari
843 1694 1013 1734 tempori
1033 1694 1380 1734 proportionaliter
1395 1695 1696 1735 respondentem
1713 1693 1922 1726 dividendo
1940 1702 2042 1733 qvae-

398 1738 461 1775 ris,
478 1738 508 1769 8(
523 1747 640 1769 verus
656 1738 757 1769 illius
772 1737 947 1778 respectu
962 1739 1153 1778 temporis
1170 1741 1302 1770 motus
1318 1742 1489 1778 putatur.
1513 1739 1601 1770 Hoc
1623 1747 1716 1770 cum
1738 1739 1804 1770 suo
1827 1740 2042 1778 apparente

398 1783 555 1820 collato,
577 1782 812 1822 proveniens
829 1782 1061 1819 differentia,
1082 1782 1283 1823 vestigium
1305 1784 1554 1823 parallaxeos
1571 1783 1643 1815 esse
1659 1783 1846 1814 creditur:
1869 1790 1961 1813 cum
1978 1791 2042 1821 ap-

398 1835 540 1866 parens
557 1827 759 1866 superatur
775 1827 824 1858 ab
842 1827 978 1864 altero,
995 1835 1067 1867 pro
1084 1827 1258 1859 excessus
1274 1827 1426 1859 ratione
1441 1830 1596 1859 tanturn
1611 1827 1778 1859 inhiberi
1790 1829 1943 1858 motum
1955 1834 2041 1866 pro-

397 1870 526 1910 prium
551 1880 620 1910 per
645 1871 879 1911 parallaxim
905 1871 1117 1902 existimas:
1145 1879 1237 1903 cum
1264 1872 1429 1912 superat,
1455 1874 1609 1903 tantum
1633 1871 1786 1903 detrahi
1808 1878 1922 1902 vero:
1949 1878 2040 1902 eum

397 1917 615 1954 aeqvantur,
637 1915 888 1955 parallaxeos
906 1915 1235 1947 insensibilitatem
1255 1916 1508 1947 corroborari
1527 1916 1594 1947 ais.
1617 1916 1659 1947 In
1679 1916 1844 1953 summa,
1863 1914 2041 1955 proveni-

398 1967 465 1989 ens
478 1959 697 1990 differentia
710 1959 761 1990 est
773 1962 1050 1999 argumentum
1062 1960 1323 1992 Parallaxeos.
1342 1960 1510 1991 Plurima
1523 1963 1657 1992 extant
1670 1959 1785 2000 hujus
1797 1958 2041 1991 dedudtionis

397 2004 579 2042 exempla
602 2003 700 2035 libro
720 2006 805 2035 tuo:
830 2004 895 2035 ubi
917 2012 1008 2035 cum
1032 2004 1224 2044 proprias,
1247 2007 1332 2035 tum
1354 2004 1528 2036 Illustriss.
1551 2004 1735 2044 Principis
1756 2004 1877 2035 Ducis
1898 2003 2041 2034 Landt-

398 2047 515 2087 gravij
530 2047 821 2079 observationes
834 2048 885 2079 ad
896 2048 999 2080 hanc
1011 2048 1241 2088 plumbeam
1254 2057 1439 2080 normam
1452 2049 1586 2089 exigis:
1602 2049 1665 2080 sed
1676 2049 1714 2080 in
1725 2047 2039 2088 indagationibus

397 2091 652 2123 Parallaxeon
671 2100 719 2122 ex
737 2092 921 2132 Principis
938 2092 1173 2131 observatis,
1196 2093 1245 2124 de
1266 2093 1487 2125 differentia
1508 2093 1757 2134 longitudinis
1777 2093 1877 2124 inter
1892 2092 2040 2123 Vrano-

398 2135 563 2174 burgum
587 2136 617 2166 ἃ
640 2135 829 2167 Cassiliam
853 2145 932 2168 non
954 2137 1108 2168 constas
1130 2137 1214 2168 tibi:
1239 2146 1343 2169 nunc
1367 2138 1454 2177 plus
1476 2146 1579 2169 nunc
1603 2137 1733 2168 minus
1755 2136 1814 2168 20¹
1837 2135 2038 2177 temporis,

398 2178 616 2210 differentia
633 2180 790 2219 qvidem
807 2180 962 2220 exigua:
985 2181 1061 2212 Sed
1076 2181 1238 2221 praecise
1254 2182 1317 2213 hic
1334 2182 1543 2222 agendum,
1566 2190 1638 2213 nec
1660 2181 1817 2213 incertis
1834 2180 2037 2212 utendum.

398 2223 547 2254 Deinde
564 2231 630 2254 eas
647 2224 951 2262 observationes,
969 2234 1057 2264 qvae
1074 2226 1268 2257 diversum
1286 2226 1357 2257 abs
1372 2229 1410 2257 te
1425 2227 1559 2258 locum
1576 2226 1772 2263 exhibent,
1789 2225 1928 2265 rejicis,
1946 2233 2039 2256 eum

397 2267 472 2298 illae
489 2267 584 2298 mihi
600 2268 728 2307 potius
745 2267 927 2308 suspec‘tae
944 2269 1025 2305 lint,
1043 2278 1130 2308 qvae
1146 2272 1278 2301 tecum
1296 2270 1550 2302 consentiunt.
1569 2270 1665 2301 Sunt
1680 2270 1867 2310 qvaedam
1881 2269 2038 2306 harum,

398 2311 446 2341 de
469 2311 606 2350 qvibus
630 2311 808 2343 dubitare
832 2312 930 2344 licet.
955 2314 1004 2343 At
1026 2312 1090 2344 illo
1114 2314 1287 2345 Illustriss.
1313 2315 1486 2354 Principe
1509 2323 1627 2346 nemo
1651 2323 1699 2345 ex
1722 2316 1806 2345 arte
1829 2313 1953 2353 magis
1974 2313 2040 2345 ob-

399 2355 580 2392 servavit;
604 2355 628 2386 fi
648 2356 687 2386 in
702 2356 834 2396 ijsdem
852 2356 1071 2388 Azimuthis
1088 2358 1350 2389 variationem
1367 2359 1617 2390 altitudinum
1633 2358 1853 2398 sumpfisset‚
1874 2357 1967 2389 nihil
1983 2365 2039 2388 re-

398 2399 610 2438 qvirerem:
629 2400 720 2439 qvid
736 2399 910 2432 reductio
928 2400 1039 2437 ferat,
1059 2401 1123 2433 suo
1141 2402 1229 2433 loco
1247 2403 1409 2434 dicetur.

450 2442 526 2474 Sed
541 2443 656 2475 venio
672 2444 722 2474 ad
739 2444 957 2475 Artificium
974 2445 1159 2477 vestrum:
1183 2455 1276 2477 narn
1293 2455 1372 2478 non
1391 2447 1514 2479 solum
1529 2450 1583 2485 tu,
1606 2447 1669 2479 sed
1689 2447 1751 2478 ille
1768 2454 1936 2486 qvoqve,
1956 2448 2038 2477 tan-

396 2490 532 2526 topere
549 2496 571 2518 a
587 2490 636 2523 te,
654 2488 704 2519 ob
723 2488 921 2519 scientiam
934 2489 1266 2521 demonstrandi&
1277 2491 1459 2530 peritiam
1471 2491 1717 2529 observandi,
1734 2490 2037 2522 commendatus

1539 2535 2037 2576 CHRISTOPHORUS

2087 724 2117 749 10

2086 945 2115 970 15

2083 1167 2116 1192 20

2082 1388 2115 1413 25

2080 1609 2114 1634 30

2078 1831 2112 1856 35

2077 2051 2111 2077 40

2076 2272 2110 2298 45

2075 2493 2108 2519 50
