2209 3213
93 839 122 864 ΙΟ

89 1372 121 1397 20

89 1638 122 1663 25

75 1738 134 1771 32Γ

89 1905 122 1930 30

89 2172 122 2198 35

411 240 501 279 AD
524 240 834 279 CRAIGUM
855 240 1127 279 SCOTUM
1149 240 1233 278 DE
1255 238 1544 278 COMETIS
1724 238 1801 276 463

160 349 289 390 enirn,
315 352 492 395 accepto
514 358 615 384 meo
637 346 760 391 libro,
786 346 826 384 se
850 347 902 385 de
926 358 1071 384 errore
1095 346 1343 384 admonitos
1367 350 1605 389 cernerent,
1630 350 1801 384 tantum

159 400 283 445 abest,
301 405 347 438 ut
361 400 404 438 id
421 412 534 448 aegre
550 400 738 444 tulerint,
756 400 871 447 qvod
888 402 1019 438 etiam
1035 400 1168 437 literis
1184 400 1239 437 ad
1255 411 1325 437 me
1338 411 1391 437 eo
1403 402 1583 437 nornine
1600 401 1800 442 exaratis,

159 465 249 492 non
265 454 398 492 modo
414 465 440 491 a
456 453 584 501 scopo
601 453 838 497 declinasse‚
860 453 993 491 libere
1014 453 1099 491 fassi
1118 452 1208 497 11111,
1229 453 1299 491 sed
1319 454 1463 497 etiam,
1485 453 1600 500 qvod
1617 454 1802 491 certiora

159 507 456 551 indicaverim,
471 508 630 554 gratias
641 505 887 544 habuerint.
906 506 1037 553 quve
1050 511 1096 544 ut
1108 508 1265 544 certius
1277 506 1522 553 cognoscas,
1538 517 1693 544 eorum
1704 517 1801 554 pro-

159 562 254 608 pria
273 560 407 598 verba
428 571 481 597 ex
501 560 657 607 ijsdem
676 559 810 597 literis
831 559 1058 606 assignabo.
1080 559 1436 597 THADDAEUS
1459 561 1504 597 in
1528 559 1661 597 literis
1683 571 1802 597 anno

159 615 376 661 praeterito
400 613 468 651 die
492 613 527 650 la
550 612 766 650 Novemb.
793 613 942 660 Pragae
965 612 1140 659 scriptis,
1164 612 1389 659 postqvam
1413 613 1616 660 qvaedam
1639 613 1727 651 alia
1749 613 1802 651 de

159 668 371 705 contentis
391 668 479 704 mei
498 665 596 704 libri
616 665 824 713 praefatus
839 665 984 709 fuisset‚
1006 665 1101 703 haec
1122 665 1257 703 addit:
1279 666 1424 704 Porro
1440 666 1563 714 qvod
1575 665 1623 703 in
1635 665 1802 715 pleris-

159 730 248 769 qve
269 730 296 758 a
316 730 391 758 me
408 717 648 767 dissentias,
670 729 764 757 non
785 718 888 757 fero
906 716 1101 766 moleste,
1123 718 1190 756 mi
1210 719 1374 768 Tycha
1396 730 1548 767 neqve
1571 718 1652 757 tibi
1665 730 1802 768 prop-

160 775 288 812 terea
311 770 574 821 succenseo,
605 771 698 810 imo
723 771 910 821 gratias
935 782 1026 821 ago
1050 771 1296 817 maximas,
1327 772 1451 821 qvod
1473 774 1550 811 tuo
1577 772 1803 811 beneficio

159 824 310 865 factus
319 824 399 874 sim
418 825 651 871 eruditior,
670 827 716 864 et
727 824 906 864 veritas
918 825 1003 863 abs
1015 826 1059 863 te
1071 823 1232 872 asserta
1245 823 1314 872 est,
1325 825 1520 874 Jamqve
1537 824 1802 875 triumphat.

158 880 262 918 Non
277 878 394 917 mihi
407 890 513 918 mea
528 878 593 917 ita
604 879 807 928 placent,
828 889 917 917 nec
937 888 1069 917 meos
1080 880 1251 927 partus
1265 877 1330 916 ita
1347 878 1500 928 diligo,
1523 880 1573 917 ut
1585 878 1634 917 in
1650 878 1745 918 illis
1761 879 1808 918 ἄν

159 934 316 972 errata
338 932 385 972 d'(
399 943 550 971 nevos
571 931 755 981 aliqvos
777 942 869 970 non
893 929 1156 981 agnoscam.
1186 932 1236 969 Et
1258 931 1404 978 postea
1426 932 1514 969 alio
1537 934 1582 969 in
1605 932 1702 970 loco
1726 934 1802 971 ait:

158 985 283 1025 Meis
297 984 496 1035 lapsibus
512 985 700 1024 omnino
711 983 1011 1034 patrocinari,
1029 996 1117 1023 nec
1128 983 1299 1034 possum
1312 995 1400 1023 nec
1411 985 1566 1024 debeo.
1579 985 1803 1031 JOHAN-

159 1039 271 1078 NES
295 1038 640 1077 PRAETORIUS
669 1038 803 1076 literis
833 1038 911 1076 16¹0
937 1038 1144 1076 Decemb.
1171 1039 1306 1076 Anno
1331 1038 1382 1076 88
1407 1038 1642 1086 Altorphio
1666 1050 1802 1086 prope

159 1092 451 1140 Noribergam
467 1092 522 1131 ad
539 1104 609 1130 me
626 1091 868 1130 transmissis
884 1093 931 1129 in
947 1091 1134 1129 eandem
1150 1091 1285 1130 ferme
1307 1092 1564 1129 sententiam
1584 1092 1802 1139 proloqvi-

158 1151 239 1190 tur,
262 1145 369 1184 dum
391 1145 445 1183 fic
467 1147 543 1184 ait:
572 1145 706 1193 Qvod
727 1146 884 1184 autem
906 1144 954 1182 in
972 1144 1215 1194 plerisqve
1238 1156 1266 1183 a
1288 1156 1364 1183 me
1387 1143 1597 1192 dissentis,
1623 1146 1803 1184 tantum

159 1196 288 1247 abest,
307 1201 357 1238 ut
370 1196 554 1246 moleste
569 1198 618 1237 id
630 1198 793 1244 feram,
813 1200 862 1237 ut
876 1197 1017 1237 etiam
1029 1198 1236 1248 gratiam
1254 1198 1335 1237 tibi
1348 1198 1559 1244 habeam,
1578 1199 1804 1247 (1110111116-

157 1252 275 1291 liora
292 1251 518 1291 docueris.
541 1251 737 1290 Minime
754 1250 938 1300 qvidem
956 1253 1051 1290 tum
1068 1251 1345 1301 cogitabam,
1366 1251 1413 1289 in
1425 1251 1663 1300 publicum
1681 1251 1804 1301 qvie-

160 1317 298 1355 qvam
315 1305 538 1352 emittere,
562 1316 667 1344 cum
679 1303 941 1354 praesertim
957 1304 1075 1342 nihi]
1090 1304 1207 1344 certi
1221 1304 1461 1355 cognitum
1476 1304 1711 1350 haberem,
1722 1304 1808 1354 sed

159 1370 264 1399 cum
279 1357 435 1409 postea
456 1361 618 1398 contra
640 1369 793 1397 meam
816 1359 1104 1397 voluntatem
1126 1358 1340 1408 urgebar,
1366 1357 1610 1397 dicendum
1632 1358 1808 1407 aquVid

159 1414 272 1458 erat,
295 1423 355 1451 ne
371 1410 565 1462 prorsus
580 1410 774 1461 silerem.
800 1412 851 1449 Et
871 1412 1074 1459 qvaedam
1096 1412 1184 1450 alia
1206 1411 1293 1449 huc
1313 1411 1517 1449 facientia
1540 1411 1682 1456 habet,
1707 1424 1804 1459 qvae

159 1468 310 1504 omnia
330 1477 448 1503 nunc
469 1465 628 1504 referre
651 1477 742 1503 non
763 1467 926 1503 attinet.
951 1465 1000 1502 In
1023 1464 1141 1503 hunc
1160 1466 1343 1503 modum
1358 1464 1612 1503 Thaddaeus
1633 1464 1671 1502 &
1692 1465 1803 1503 Prae-

158 1521 295 1557 torius
306 1519 451 1566 lapsus
462 1519 561 1557 suos
573 1524 858 1567 agnoverunt,
872 1518 910 1556 &
922 1518 1085 1556 fincero
1096 1524 1304 1566 gratoqve
1316 1520 1480 1562 animo,
1495 1518 1646 1556 nostris
1659 1530 1805 1556 emen-

159 1572 408 1611 dationibus
425 1574 748 1620 acqvieverunt.
771 1572 865 1609 Nec
882 1572 1045 1615 dubito,
1063 1574 1167 1619 qvin
1184 1571 1405 1615 Nolthius,
1428 1571 1525 1609 licet
1541 1571 1666 1609 nulla
1681 1571 1804 1610 fami-

159 1626 345 1664 liaritate
361 1625 471 1664 mihi
487 1624 758 1674 conjunctus,
780 1625 909 1669 idem,
929 1624 958 1662 fi
976 1637 1067 1662 non
1084 1630 1231 1672 aperte
1250 1636 1327 1672 per
1345 1625 1503 1669 literas,
1525 1624 1675 1663 saltem
1691 1625 1805 1663 clam

159 1679 277 1727 apud
292 1679 333 1717 se
349 1678 541 1718 fadiurus
557 1679 614 1717 fit.
632 1679 775 1726 Atqve
792 1679 844 1717 de
861 1678 945 1716 hoc
960 1678 1070 1716 satis.

211 1732 446 1782 Subjungis
467 1732 646 1771 tandem
667 1729 681 1782 ΙΙ
703 1738 742 1770 61
763 1732 944 1770 ulterius
965 1732 1200 1779 praetendis
1219 1737 1341 1770 tuam
1364 1733 1495 1770 etiam
1516 1731 1739 1779 qvandam
1759 1734 1804 1770 in

160 1786 316 1824 eodem
328 1785 515 1824 Cometa
531 1785 891 1829 observationem,
909 1797 994 1832 qva
1008 1790 1048 1823 te
1060 1785 1311 1823 Parallaxin
1328 1787 1422 1833 ejus
1438 1786 1461 1823 5
1478 1785 1594 1833 grad.
1611 1785 1710 1832 plus
1725 1787 1804 1822 mi-

159 1851 243 1878 nus
252 1840 454 1877 invenisse
464 1839 597 1877 fidem
606 1839 748 1877 facere
757 1838 828 1876 sed
837 1840 957 1876 irrito
967 1840 1201 1876 conamine
1211 1838 1397 1877 laboras.
1406 1838 1525 1876 Nam
1535 1838 1632 1876 licet
1643 1838 1805 1876 idonea

160 1898 200 1931 et
211 1893 334 1941 justae
350 1893 664 1941 magnitudinis
680 1892 963 1930 instrumenta
979 1893 1202 1939 praedices,
1225 1892 1425 1936 Radium‚
1448 1891 1749 1939 Qvadrantem
1766 1891 1804 1930 &

158 1946 479 1990 Parallaticum,
496 1951 645 1984 tamen
662 1945 764 1984 hinc
781 1950 821 1983 te
837 1957 930 1983 rem
947 1957 1126 1983 omnem
1143 1957 1226 1983 acu
1242 1945 1424 1993 tetigisse,
1442 1945 1559 1992 apud
1573 1956 1644 1983 me
1656 1945 1805 1983 nullus

159 1999 214 2038 est
233 1999 494 2047 persvafioni
515 1999 650 2043 locus,
673 2001 745 2047 qvi
761 1998 916 2037 talium
932 1998 1322 2036 Instrumentorum
1338 1997 1641 2037 tractationem
1657 1998 1805 2036 multis

159 2052 319 2092 abhinc
340 2055 469 2091 annis
491 2058 530 2091 et
550 2050 829 2100 perspectam,
852 2051 889 2089 8(
910 2052 987 2089 11111
1006 2054 1193 2090 minima
1209 2064 1392 2099 qvaeqve
1408 2054 1454 2089 in
1471 2063 1626 2090 eorum
1642 2051 1806 2090 fabrica

159 2106 197 2144 &
213 2106 292 2145 usu
307 2111 641 2154 praecaveantur
662 2106 988 2153 impedimenta,
1010 2105 1135 2143 fimul
1155 2104 1392 2153 suspedtam
1412 2105 1620 2144 habeam:
1643 2105 1806 2143 Radius

160 2162 290 2204 enim,
308 2160 380 2198 6111
394 2159 471 2198 sua
486 2160 725 2204 habilitate,
743 2171 844 2197 cum
859 2158 1077 2196 hincinde
1091 2159 1317 2206 portabilis
1331 2159 1389 2203 fit,
1406 2159 1589 2206 ipfisqve
1601 2158 1807 2197 manibus

158 2213 244 2252 levi
256 2215 443 2262 negotio,
455 2215 502 2251 in
513 2215 767 2261 qvarumvis
779 2212 998 2250 stellarum
1010 2212 1194 2260 planum
1206 2212 1330 2260 dirigi
1342 2213 1475 2260 possit:
1490 2216 1640 2250 tamen
1652 2223 1806 2250 earum

159 2266 332 2306 exadtas
348 2266 567 2305 distantias
583 2277 863 2314 neqvaqvam
879 2267 1050 2313 promit.
1067 2265 1304 2313 praesertim
1316 2265 1391 2303 ubi
1402 2265 1537 2313 paulo
1549 2268 1806 2303 remotiores

158 2321 347 2359 invicem
363 2320 470 2364 sunt,
488 2320 616 2368 idqve
630 2332 722 2358 non
734 2319 882 2357 [altem
895 2330 948 2357 63
959 2318 1012 2356 (16
1025 2320 1176 2363 caussa,
1193 2319 1309 2366 qvod
1321 2326 1519 2357 centrum
1531 2319 1645 2357 visus
1658 2324 1805 2357 centro

159 2373 380 2412 divisionis
391 2373 667 2412 Instrumenti
678 2385 770 2411 non
782 2373 1066 2417 coadunetur,
1084 2373 1199 2420 qvod
1211 2373 1472 2420 Digessaeum
1484 2384 1655 2420 qvoqve
1668 2374 1806 2410 anim-

89 2439 149 2470 401
160 2427 379 2465 advertisse
391 2427 532 2471 video,
549 2427 618 2465 sed
637 2428 767 2465 etiam
785 2427 887 2473 qvia
902 2425 1070 2473 pupilla
1087 2426 1215 2470 oculi,
1232 2426 1349 2464 unde
1362 2427 1511 2464 radius
1522 2425 1699 2464 visualis
1710 2437 1806 2473 pro-

160 2480 282 2524 cedit,
305 2492 397 2518 non
419 2485 597 2518 maneat
619 2482 731 2518 inter
751 2479 1072 2517 observandum
1093 2480 1203 2518 duas
1223 2479 1548 2527 aliqvantulum
1569 2477 1806 2527 disjunc'tas

159 2533 298 2573 stellas
320 2533 494 2582 prorsus
516 2533 765 2572 immobilis.
790 2532 1005 2571 Omnium
1027 2544 1131 2571 vero
1154 2535 1347 2571 maxime
1370 2539 1460 2571 tam
1483 2535 1529 2571 in
1551 2533 1805 2581 majoribus

1675 2597 1806 2633 qvam
