2209 3213
366 197 440 233 404
835 193 917 230 DE
939 190 1210 230 COMETA
1232 190 1398 227 ANNI
1420 191 1526 228 1585

365 302 588 338 ficationes
609 302 769 341 attinet,
792 309 901 344 quas
923 309 975 334 ex
995 296 1084 343 ipsa
1102 296 1244 334 forma
1260 295 1298 333 8(
1314 296 1493 333 luminis
1509 302 1639 343 atque
1656 296 1814 334 coloris
1829 297 1998 335 habitu-

364 355 463 391 dine
481 353 679 399 colligere
700 352 808 394 licet,
830 350 1040 397 liquidem
1056 349 1151 387 haec
1169 354 1259 386 erat
1276 348 1468 392 obscura,
1488 349 1715 393 subliuida,
1737 349 1946 388 nebulosa
1962 350 1999 388 8(

363 409 601 447 inamoena,
627 405 953 450 plurimumque
977 415 1002 440 a
1027 403 1316 449 benignarum
1342 401 1576 440 Stellarum
1601 402 1719 440 claro
1743 402 1780 440 8(
1803 403 1999 441 radiante

362 460 527 496 lumine
551 457 730 500 diuersa,
754 456 1084 503 portenduntur,
1109 467 1162 493 ex
1185 457 1297 492 aeris
1322 454 1359 492 &
1383 455 1573 492 aliorum
1596 455 1914 493 elementorum
1937 458 1999 494 in—

362 510 556 552 fectione,
580 510 720 547 morbi
741 511 847 556 varij
873 508 910 546 8(
931 514 1110 551 atroces,
1134 508 1404 555 populariter
1423 507 1652 555 serpentes.
1676 511 1875 556 inprimis
1895 520 2000 547 vero
2038 521 2053 545 5

362 564 554 611 pestifera
571 563 664 600 lues
681 563 765 600 late
780 562 965 609 grassans
978 561 1015 598 8(
1028 561 1377 608 quamplurimos
1389 561 1643 599 mortalium
1654 561 1730 599 sua
1741 564 2000 610 contagione

361 617 604 654 absorbens.
630 616 676 652 Id
700 615 817 662 quod
839 614 1164 652 Nebulosarum
1187 614 1421 652 Stellarum
1444 620 1626 658 naturae,
1650 614 1886 661 praesertim
1909 618 2000 663 gyri

361 670 476 707 illius
490 669 660 712 Cancri,
679 679 810 715 quem
824 667 1018 715 Praesepe
1033 673 1203 711 vocant,
1221 668 1291 704 cui
1306 666 1376 705 hic
1394 667 1581 705 Cometa
1597 668 1839 706 admodum
1854 668 2000 706 similis

361 724 505 764 extitit,
523 723 749 769 proprium
761 722 836 758 esse
848 721 1114 758 Ptolomaeus
1127 720 1457 767 quodammodo
1469 720 1688 768 astipulari
1699 721 1881 765 videtur,
1901 733 2001 759 cum

360 776 439 812 has
460 775 570 821 ipsas
591 777 636 811 in
653 774 814 812 Cancri
834 772 1006 821 pedtore
1028 773 1229 811 obscuras
1251 773 1405 811 Stellas
1428 773 1657 821 pestiferas,
1681 773 1941 812 suffocantes
1963 775 2000 812 &
2042 786 2071 811 ιο

359 828 514 865 Terras
531 830 785 874 quatientes,
804 827 1122 874 caliginemque
1139 826 1429 869 offundentes,
1446 832 1684 874 nuncupat.
1702 823 1716 877 ΙΙ
2038 830 2057 860 †

413 881 741 918 Documentum
749 883 842 917 eius
850 882 924 924 rei,
932 882 1062 917 nimis
1070 885 1186 917 certo
1195 884 1370 923 euentu,
1378 880 1564 927 praebuit
1571 879 1819 918 coniunctio
1826 891 2000 928 magna,
2011 886 2106 918 Cc3v

360 946 458 981 quae
475 945 593 971 anno
611 933 704 971 1563
721 935 766 970 in
778 933 938 970 vltimis
950 933 1153 980 gradibus
1166 938 1206 973 (Σο
1218 944 1354 979 prope
1366 932 1499 970 huius
1511 933 1729 971 Asterismi
1740 933 2000 971 nebulosum

358 998 524 1034 gyrum,
541 989 610 1024 cui
623 986 809 1024 Cometa
824 986 1144 1028 assimilabatur,
1162 987 1349 1033 contigit,
1367 997 1501 1033 quam
1512 986 1768 1024 vniuersalis
1784 986 1907 1034 pestis
1923 998 1999 1034 per

357 1045 492 1077 totam
504 1040 739 1087 Europam,
757 1039 1098 1077 innumerabilia
1109 1039 1343 1076 hominum
1354 1039 1494 1077 millia
1505 1041 1771 1083 interimens,
1788 1042 1999 1086 proximis
2040 1052 2069 1077 15

357 1093 522 1140 aliquot
546 1094 673 1130 annis
696 1092 917 1130 subsecuta
941 1092 1007 1130 est.
1033 1092 1254 1130 Portendit
1276 1091 1450 1140 insuper
1473 1092 1712 1137 obscuram,
1739 1092 1936 1130 nubilam
1961 1092 1998 1130 8(

356 1149 630 1183 inamoenam
655 1148 767 1183 aeris
793 1145 1152 1188 constitutionem,
1178 1145 1378 1192 plurimis
1406 1145 1578 1184 nebulis
1604 1146 1641 1184 &
1666 1145 1999 1184 humiditatibus

357 1199 577 1246 densisque
603 1199 791 1237 nubibus
816 1199 853 1236 8(
876 1201 1016 1236 ventis
1038 1198 1385 1241 vehementibus,
1411 1199 1653 1246 crebrisque
1678 1199 1998 1246 tempestatibus

356 1252 568 1290 refertam.
587 1252 902 1289 Inundationes
918 1263 1094 1299 quoque
1112 1251 1150 1289 8(
1165 1251 1463 1289 Terraemotus
1479 1254 1525 1289 in
1541 1252 1799 1299 quibusdam
1814 1252 1921 1290 locis
1934 1252 1997 1290 su-

355 1305 482 1342 scitat.
505 1305 554 1342 In
570 1306 699 1343 rebus
715 1317 819 1343 vero
835 1306 1085 1348 mundanis,
1107 1304 1388 1343 fraudulenta
1404 1305 1442 1343 8(
1458 1306 1629 1343 occulta
1646 1305 1834 1349 consilia,
1855 1305 1997 1352 prodi·
2036 1317 2069 1342 20

354 1361 494 1395 tiones
511 1358 548 1395 &
564 1358 825 1396 rebelliones
842 1358 1025 1396 crebras.
1048 1358 1167 1395 Hinc
1187 1358 1427 1396 multorum
1445 1358 1613 1406 strages,
1635 1358 1914 1405 ingentesque
1930 1370 1997 1396 ca—

355 1411 569 1449 lamitates
592 1411 889 1449 subsecuturas
911 1413 1115 1449 minatur.
1141 1411 1272 1449 Hanc
1292 1423 1397 1449 vero
1418 1411 1649 1449 infaustam
1670 1411 1707 1449 &
1727 1411 1998 1450 maleuolam

356 1464 537 1502 Crinitae
560 1464 917 1512 significationem
940 1465 1180 1512 plurimum
1203 1465 1455 1503 corroborat
1478 1464 1654 1503 Saturni
1677 1464 1822 1509 Stella,
1847 1464 1997 1502 admo-

355 1518 460 1555 dum
480 1517 707 1555 infeliciter
727 1518 862 1564 posita
882 1520 928 1555 in
946 1524 992 1559 V
1010 1518 1086 1556 suo
1107 1517 1218 1562 casu,
1240 1517 1453 1565 fimulque
1470 1518 1721 1566 retrograda
1741 1517 1779 1555 &
1800 1517 1997 1556 occiden-

355 1571 463 1613 talis,
481 1573 550 1608 cui
563 1571 749 1609 Cometa
764 1571 901 1608 statim
917 1571 1007 1618 post
1021 1573 1211 1618 primam
1227 1573 1549 1618 apparitionem
1563 1571 1846 1618 corporaliter
1861 1571 1996 1618 appli-
2035 1584 2069 1608 25

355 1626 452 1667 cuit,
461 1629 643 1671 vtroque
654 1624 996 1662 Meridionalem
1006 1624 1301 1662 Latitudinem
1311 1624 1545 1668 obtinente,
1553 1624 1643 1671 ipso
1652 1629 1801 1662 tamen
1808 1624 1997 1662 Saturno

355 1676 482 1723 supra
499 1677 730 1715 Cometam
751 1677 937 1722 eleuato‚
960 1678 998 1715 8(
1018 1677 1136 1725 quod
1157 1677 1398 1724 plurimum
1419 1677 1709 1715 vehementiae
1730 1679 1776 1715 in
1796 1677 1997 1715 nocendo

356 1730 484 1772 addit,
502 1730 633 1767 ambo
650 1733 763 1768 circa
778 1733 948 1778 apicem
966 1731 1102 1778 Medij
1120 1730 1236 1769 Coeli
1251 1732 1298 1768 in
1314 1731 1562 1768 Nouilunio
1578 1732 1776 1778 proxime
1793 1730 1997 1777 sequente

1095 1795 1171 1831 per
1186 1789 1388 1822 mutuam
1405 1784 1744 1831 applicationem
1758 1783 1996 1831 iungeban-

1095 1843 1176 1880 tur,
1193 1836 1311 1875 velut
1327 1835 1533 1875 adiundta
1548 1836 1688 1884 figura
1704 1837 1877 1875 indicat.
2035 1849 2069 1874 30

1121 1890 1241 1928 Patet
1252 1892 1399 1937 itaque
1410 1890 1527 1937 quod
1538 1890 1724 1928 Cometa
1732 1890 1803 1927 hic
1814 1901 1914 1927 cum
1923 1889 1998 1927 Sa-

1095 1945 1211 1981 turni
1228 1943 1376 1981 Sidere
1392 1955 1600 1991 magnam
1616 1943 1818 1981 habuerit
1835 1942 1998 1990 conspi-

1095 1998 1324 2040 rationem,
1342 1999 1411 2034 cui
1428 1999 1560 2034 etiam
1575 1996 1665 2043 ipsa
1679 1996 1822 2034 forma
1834 1996 1872 2034 &
1884 1995 1998 2033 colo-

1095 2060 1140 2086 re
1156 2049 1232 2087 suo
1248 2049 1456 2096 plumbeo
1471 2050 1792 2093 assimilabatur‚
1810 2049 1998 2095 ideoque

1095 2102 1224 2149 ipsius
1247 2101 1434 2141 Effectus
1458 2099 1670 2152 Sa-Hturni
1692 2102 1808 2140 male
1830 2101 1998 2149 disposi-
2008 2108 2106 2139 Cc4=

1095 2158 1125 2193 ti
1151 2161 1355 2193 naturam
1376 2156 1635 2203 potissimum
1658 2155 1997 2193 aemulabuntur.

1096 2208 1376 2256 Quapropter
1399 2214 1557 2256 praeter
1581 2209 1758 2246 morbos
1782 2208 1998 2255 Epidemi-

1096 2273 1169 2299 cos
1193 2262 1341 2308 passim
1363 2261 1603 2305 saeuientes,
1631 2261 1844 2300 Cronicas
1867 2263 1999 2299 etiam

1096 2315 1374 2361 aegritudines
1397 2315 1482 2353 late
1503 2314 1726 2359 suscitabit,
1747 2320 1791 2352 vt
1812 2314 1998 2361 Quarta-

1096 2379 1175 2405 nas
1189 2368 1431 2412 diuturnas,
1448 2368 1731 2415 Apoplexias,
1749 2367 1996 2414 Epilepfias‚
2035 2378 2069 2403 40

1095 2420 1328 2468 Paralyses‚
1355 2421 1595 2465 Marcores,
1623 2420 1863 2459 Catarrhos
1887 2421 1996 2467 peri-

1096 2473 1275 2517 culosos,
1297 2473 1558 2521 morbosque
1575 2473 1938 2564 Melancholilcols,
1959 2473 1998 2510 8(

1812 2538 1834 2564 e
1868 2537 1894 2573 p
1915 2537 1996 2564 ene

589 2069 725 2105 Nouilunt
738 2071 839 2103 Come,

574 2125 612 2156 .τᾶ
620 2121 735 2167 sequens
745 2120 838 2153 050:
