2209 3213
528 216 1051 255 RECENTIORIBUS
1072 217 1530 255 PHAENOMENIS
1802 219 1852 256 23

151 327 171 358 †
209 334 322 367 aeuo,
339 322 381 360 P.
394 322 457 360 23.
473 322 536 360 M.
549 322 611 366 28,
629 323 801 360 dabitur
816 334 893 369 per
909 321 1150 360 doctrinam
1163 322 1503 370 Triangulorum
1515 323 1853 370 Sphaericorum‚

208 375 410 423 Angulus
420 375 475 413 ad
486 375 549 419 M,
562 377 637 422 qui
649 375 913 423 estAngulus
926 374 1235 414 intersectionis
1246 376 1465 423 Eclipticae
1478 388 1578 414 cum
1588 377 1853 422 Meridiano,

208 429 250 466 P.
268 429 321 466 81.
340 428 403 466 M.
420 428 473 466 12.
496 428 669 466 Deinde
686 430 731 465 in
747 428 986 476 Triangulo
1003 429 1143 471 IMN,
1160 429 1293 466 Latus
1310 429 1386 466 IM
1403 435 1558 467 notum
1574 429 1720 474 existit,
1738 441 1852 467 com-

207 483 385 529 ponitur
401 483 519 519 enim
536 493 589 518 ex
605 481 896 519 declinatione
913 481 1070 526 Stellae,
1093 481 1131 519 8(
1151 482 1442 520 declinatione
1463 481 1623 529 punc‘ti,
1646 495 1746 520 cum
1765 495 1853 530 quo

155 548 170 572 5
209 534 388 572 Coelum
403 534 578 578 mediat,
600 546 700 581 quae
721 534 917 581 superius
938 539 1150 572 annotata
1168 534 1275 579 sunt,
1298 535 1440 582 estque
1457 536 1500 573 P.
1517 536 1580 573 29.
1598 536 1660 573 M.
1678 536 1740 573 42.
1762 537 1852 574 An-

207 587 334 635 gulus
350 598 454 625 vero
471 587 526 625 ad
543 587 594 624 M
609 589 699 625 iam
715 589 916 625 innotuit.
935 588 1138 634 Cumque
1155 590 1190 625 is
1207 590 1282 634 qui
1298 588 1353 626 ad
1371 588 1413 626 N
1429 588 1475 625 fit
1490 587 1642 631 rectus,
1660 590 1853 636 procedit

209 642 327 678 enim
352 640 436 678 EN
462 651 589 678 arcus
613 652 640 678 a
664 640 771 678 Polo
796 641 830 678 E
854 641 918 678 sui
943 640 1091 678 circuli
1114 641 1260 684 ANB,
1287 653 1388 688 ergo
1413 653 1489 688 per
1511 641 1853 689 Triangulorum

208 695 364 740 praxin
375 693 502 731 datur
513 693 626 731 latus
638 693 719 737 IN,
736 693 778 731 P.
791 694 854 732 29.
868 694 931 731 M.
944 694 997 732 19.
1016 694 1218 731 Latitudo
1231 693 1376 732 Stellae
1388 694 1578 741 quaefita,
1591 694 1629 732 &
1641 701 1853 742 praeterea

208 748 340 784 etiam
357 746 489 784 Latus
506 746 620 790 MN,
641 746 684 784 P.
700 747 737 784 4.
755 747 818 784 M.
835 747 898 790 59,
920 746 1165 784 differentia
1182 747 1381 785 videlicet
1401 750 1513 785 inter
1532 748 1850 795 longitudinem

140 812 171 837 ιο
208 799 353 837 Stellae
364 801 410 836 in
422 799 477 843 N,
495 799 533 836 &
549 798 760 846 punctum
772 800 888 838 Coeli
903 800 1181 838 mediationis
1193 802 1239 837 in
1250 800 1313 837 M.
1331 800 1375 838 Si
1391 802 1538 847 itaque
1554 801 1850 839 addiderimus

207 853 374 890 Arcum
395 852 497 890 MN
518 852 573 890 ad
594 853 779 900 gradum
799 853 862 890 20.
884 853 947 890 M.
969 853 1019 891 53
1040 859 1080 897 z,
1101 852 1313 900 punctum
1333 853 1533 891 videlicet
1554 854 1669 892 Coeli
1690 855 1853 893 media-

207 907 351 950 tionis,
372 907 576 953 prouenit
595 905 718 943 locus
738 906 1022 953 longitudinis
1042 906 1199 944 lucidae
1220 906 1416 943 Vulturis
1437 908 1482 944 in
1502 907 1544 944 P.
1566 907 1629 945 25.
1652 907 1714 945 M.
1736 908 1787 946 52
1812 914 1852 952 z,

208 959 435 997 latitudine
457 958 631 996 Boreali
652 961 772 1006 prius
792 961 986 1003 inuenta,
1008 959 1051 996 P.
1072 959 1134 997 29.
1157 959 1220 997 M.
1240 960 1294 1003 19,
1316 960 1434 1006 quod
1455 962 1676 1007 inquirere
1697 973 1853 1008 propo-

207 1011 384 1049 suimus.

140 1077 171 1102 15
261 1065 411 1102 Huius
433 1064 578 1103 Stellae
600 1064 760 1109 locum,
784 1065 1081 1103 Illustrissimus
1104 1065 1308 1113 Princeps
1323 1065 1689 1104 WILHELMVS
1712 1067 1853 1105 Land-

208 1120 386 1165 grauius
402 1118 575 1162 Hassiae,
592 1118 996 1156 Astronomicarum
1013 1130 1160 1156 rerum
1176 1119 1458 1165 peritissimus,
1476 1119 1735 1164 Obseruauit,
1752 1126 1853 1158 ante

209 1171 484 1215 decennium,
507 1172 553 1208 in
573 1171 616 1209 P.
633 1171 695 1209 25.
714 1171 777 1209 M.
795 1172 846 1209 46
866 1177 890 1212 z
917 1183 1017 1209 cum
1040 1171 1268 1209 latitudine
1289 1172 1332 1209 P.
1349 1172 1412 1210 29.
1430 1172 1493 1209 M.
1510 1172 1551 1209 2l
1569 1173 1615 1216 Β,
1639 1179 1768 1220 prout
1790 1185 1853 1211 re-

208 1226 330 1271 perio
351 1226 396 1261 in
417 1224 614 1272 catalogo
635 1224 872 1262 affixarum
892 1225 1173 1272 quarundam
1193 1225 1439 1269 Stellarum,
1464 1226 1518 1263 ab
1541 1225 1670 1272 ipfius
1692 1227 1853 1264 celsitu—

151 1280 172 1312 ·1·
209 1277 310 1315 dine
331 1277 632 1321 restitutarum‚
654 1289 786 1325 quem
806 1278 983 1325 ipsemet
1003 1278 1206 1325 Princeps
1227 1278 1349 1322 mihi,
1373 1289 1473 1316 cum
1494 1284 1595 1316 ante
1615 1281 1854 1317 triennium

138 1342 172 1368 20
208 1330 284 1378 ipfi
307 1330 497 1369 Cassellis
524 1331 718 1375 adessem,
747 1331 983 1369 clementer
1005 1331 1043 1369 &
1065 1332 1251 1379 benigne
1279 1334 1635 1370 communicauit.
1667 1332 1710 1371 Si
1735 1345 1853 1377 vero,

209 1386 331 1421 iuxta
349 1386 674 1431 promotionem
694 1383 896 1428 fixarum,
918 1385 1151 1423 reducatur
1170 1384 1301 1432 ipfius
1321 1384 1547 1432 longitudo
1568 1386 1624 1423 ad
1644 1385 1727 1424 hoc
1748 1392 1853 1424 tem-

208 1448 303 1484 pus,
320 1439 398 1474 erit
414 1437 490 1475 illa
505 1439 627 1475 iuxta
638 1437 848 1485 Principis
860 1438 1100 1481 obseruata,
1117 1437 1201 1476 hoc
1212 1450 1345 1479 anno,
1363 1440 1408 1475 in
1424 1438 1466 1475 P.
1479 1438 1542 1477 25.
1556 1439 1618 1476 Μ.
1631 1440 1681 1477 55
1702 1445 1743 1484 z,
1760 1440 1852 1477 lati-

208 1490 358 1528 tudine
379 1496 676 1537 permanente,
698 1491 741 1528 P.
762 1491 825 1529 29.
848 1491 911 1529 M.
932 1491 987 1535 21,
1008 1497 1051 1528 vt
1072 1491 1127 1529 ob
1148 1492 1203 1535 id,
1226 1494 1414 1539 exceptis
1435 1493 1481 1529 in
1501 1492 1728 1530 latitudine
1750 1493 1786 1536 3,
1808 1495 1853 1531 in

208 1543 478 1591 longitudine
490 1543 640 1582 saltem
651 1543 676 1581 2
686 1543 909 1591 scrupulis,
923 1544 1092 1582 sensum
1104 1556 1282 1582 omnem
1294 1556 1406 1592 pene
1419 1544 1736 1592 effugientibus,
1753 1546 1853 1584 Illu-

138 1608 172 1634 25
209 1596 382 1634 strissimi
391 1596 922 1644 PrincipisWILHELMI
934 1600 1162 1635 annotatio
1174 1609 1274 1635 cum
1286 1597 1427 1635 nostra
1440 1598 1742 1637 obseruatione
1752 1611 1852 1637 con-

137 1655 176 1687 18
208 1649 371 1687 sentiat.
394 1649 544 1696 Quare
565 1650 634 1688 vel
654 1649 738 1688 hoc
759 1646 773 1700 ΙΙ
794 1650 884 1688 solo
905 1651 1016 1689 adeo
1037 1650 1185 1688 illustri
1206 1651 1461 1694 testimonio,
1482 1651 1639 1689 lucidae
1659 1652 1854 1690 Vulturis

208 1702 368 1747 locum,
385 1714 412 1741 a
427 1703 553 1741 nobis
568 1703 666 1741 satis
683 1702 831 1742 exacte
847 1704 1150 1748 adinuentum,
1168 1705 1489 1751 comprobatur.

481 1800 712 1838 LUCIDA
732 1801 795 1838 IN
817 1800 1082 1839 SINISTRA
1104 1802 1290 1840 MANU
1311 1802 1580 1841 ANTINOI.

324 1861 452 1900 ANC
469 1861 648 1900 Stellam
664 1864 918 1901 inuenimus
934 1863 1236 1901 Meridianum
1252 1864 1520 1911 pertranfire,
1543 1876 1643 1902 cum
1659 1865 1854 1912 partibus

138 1927 171 1952 30
332 1915 587 1962 AEquatoris
596 1916 686 1954 297.
694 1916 758 1954 M.
766 1916 829 1960 25;
838 1916 1010 1963 Quibus
1020 1916 1279 1964 respondent
1288 1919 1334 1954 in
1342 1917 1548 1964 Ecliptica
1556 1918 1598 1955 P.
1606 1918 1668 1956 25.
1679 1918 1741 1956 M.
1750 1919 1800 1957 27
1812 1925 1852 1959 z.

209 1967 564 2006 Declinationem
579 1980 684 2007 vero
700 1969 896 2007 obtinere
912 1970 966 2008 ab
982 1969 1225 2017 AEquatore
1241 1970 1387 2008 versus
1398 1971 1605 2009 Austrum
1617 1971 1659 2009 P.
1673 1972 1699 2009 l.
1713 1972 1776 2009 M.
1790 1973 1852 2010 57.

208 2021 327 2059 Hinc
347 2021 495 2059 locum
516 2024 610 2060 eius
630 2021 869 2060 secundum
888 2023 1206 2071 longitudinem
1228 2023 1265 2061 8(
1286 2024 1563 2062 latitudinem
1583 2025 1853 2072 inuestigabi-

207 2086 307 2112 mus
329 2076 375 2112 in
397 2074 515 2113 hunc
537 2075 733 2120 modum,
759 2075 1032 2123 figuratione,
1056 2077 1111 2114 ob
1134 2077 1474 2115 declinationem
1497 2078 1853 2122 Meridionalem‚

208 2139 309 2175 quae
326 2130 372 2165 in
387 2128 571 2166 Vulture
587 2130 707 2175 prius
724 2128 1084 2176 Septentrionalis
1100 2135 1203 2174 erat,
1225 2130 1458 2177 paululum
1474 2136 1654 2175 mutata,
1674 2134 1852 2176 caeteris,

137 2192 171 2218 35
209 2192 297 2228 quo
318 2181 373 2284 ffd
394 2181 657 2219 circulorum
678 2182 716 2220 &
737 2194 921 2220 arcuum
942 2183 1361 2227 denominationem,
1382 2183 1423 2222 se
1439 2189 1483 2222 vt
1502 2186 1635 2231 prius,
1656 2184 1853 2223 habenti-

207 2233 300 2272 bus.

137 2292 175 2324 19
261 2286 323 2325 Sit
338 2288 486 2334 itaque
502 2287 519 2325 I
535 2288 657 2326 locus
674 2288 832 2333 Stellae,
848 2288 1050 2327 Ascenfio
1067 2288 1197 2327 Recta
1212 2290 1258 2334 L,
1275 2290 1318 2327 P.
1336 2290 1424 2328 297.
1443 2290 1506 2328 M.
1523 2291 1585 2329 25.
1604 2290 1852 2329 Declinatio

208 2339 278 2384 IL,
295 2339 405 2378 Part.
418 2341 445 2378 l.
458 2341 597 2380 M.57.
615 2341 732 2379 Coeli
748 2342 956 2380 mediatio
974 2342 1037 2386 M,
1054 2342 1164 2380 Part.
1177 2343 1240 2381 25.
1254 2343 1316 2381 M.
1329 2344 1379 2381 27
1396 2349 1436 2383 Z.
1455 2344 1603 2381 Huius
1620 2344 1852 2382 declinatio

206 2393 251 2430 P.
271 2393 326 2431 21.
348 2393 411 2431 M.
432 2394 468 2431 4.
490 2394 603 2432 Mer.
627 2395 677 2432 In
697 2394 937 2442 Triangulo
958 2395 1111 2440 LMO,
1135 2398 1240 2443 quia
1260 2397 1463 2444 Angulus
1485 2397 1541 2435 ad
1564 2397 1597 2434 L
1621 2397 1676 2434 est
1698 2396 1851 2441 redtus,

137 2457 171 2483 40
208 2445 341 2484 Latus
361 2446 442 2485 LO
463 2452 631 2492 notum,
654 2448 1026 2495 complementum
1045 2449 1245 2487 videlicet
1260 2449 1534 2487 Ascenfionis
1552 2449 1694 2488 Rec'tae
1715 2451 1771 2488 ad
1791 2456 1852 2488 to-

207 2504 301 2537 tum
321 2500 546 2545 circulum,
566 2501 610 2539 P.
627 2501 694 2539 62:
707 2501 770 2539 M.
787 2501 851 2540 35.
873 2502 1007 2540 Latus
1022 2513 1127 2540 vero
1143 2502 1242 2541 ΜΟ
1262 2503 1317 2541 est
1337 2503 1556 2541 refiduum
1577 2503 1629 2541 de
1645 2504 1851 2594 ZOdiatcsto’

1649 2567 1783 2603 apun
1826 2568 1852 2593 o
