2209 3213
159 835 189 860 10

159 1101 188 1126 15

157 1367 190 1392 20

139 1468 204 1499 284

157 1899 191 1925 30

159 2165 192 2190 35

161 2431 194 2457 40

546 234 1071 275 RECENTIORIBUS
1091 235 1549 274 PHAENOMENIS
1790 235 1869 273 235

225 353 339 390 gare,
364 341 620 389 prorsusque
644 353 717 379 eas
741 346 948 387 euertere,
975 345 1124 380 conari
1147 343 1276 390 possit.
1303 342 1507 389 Cumque
1531 341 1869 380 Obseruationes

226 400 439 442 tanquam
467 396 693 442 principia,
726 395 884 441 quibus
914 401 1071 434 caetera
1099 395 1457 444 superstruuntur,
1492 395 1562 433 hic
1592 396 1868 437 assumantur,

226 453 377 486 contra
393 459 480 491 eos,
504 449 579 495 qui
595 447 676 485 has
692 447 877 486 inficiari
895 449 1175 496 praesumunt,
1196 461 1288 487 non
1308 448 1616 496 disputandum
1633 448 1797 486 censeo.
1820 448 1870 485 Et

225 501 433 549 quorsum
453 500 554 539 sane
571 501 791 545 attinebat,
812 501 908 540 haec
925 504 984 540 ita
999 514 1258 550 proponere,
1279 502 1357 540 nifi
1373 502 1652 549 Experientia
1668 501 1869 543 ocularis,

226 566 319 592 rem
340 565 392 592 eo
413 554 546 592 modo
566 553 607 592 se
626 553 828 598 habuisse,
849 560 997 602 aperte
1014 555 1258 594 ostendisset.
1281 555 1397 593 Cum
1413 555 1482 593 vel
1498 566 1551 592 ex
1567 555 1664 592 loco
1682 566 1813 602 quem
1830 554 1871 592 X

225 608 294 646 die
316 607 522 654 Ianuarij,
543 607 782 645 secundum
803 608 967 646 nostras
984 608 1335 652 obseruationes,
1358 608 1590 652 obtinebat,
1612 607 1872 645 sufficienter

225 662 525 705 conuincatur‚
543 660 889 699 Moestlinianam
903 661 1179 709 Hypothefin
1194 662 1280 699 illic
1296 664 1341 699 in
1358 661 1632 708 sesquialtero
1648 661 1785 708 gradu
1801 661 1871 698 de-

225 713 371 757 fecisse,
383 713 571 760 ideoque
578 714 860 761 Apparentiis
872 713 1004 752 huius
1012 715 1211 753 Cometae
1220 715 1318 753 satis
1328 716 1641 752 conuenienter
1652 714 1873 752 saluandis

226 778 511 814 nequaquam
531 772 790 814 competere,
811 772 855 805 vt
875 779 966 805 non
985 779 1096 815 opus
1111 768 1239 806 fuerit
1256 768 1311 806 ad
1327 768 1472 805 XXVI
1489 768 1684 805 Ianuarii
1701 769 1794 804 eius
1811 769 1871 804 rei

226 820 476 858 vlteriorem
496 822 964 868 experimentationem
984 821 1214 865 instituere,
1235 821 1313 858 nili
1330 820 1569 868 postremus
1585 820 1657 858 ille
1674 820 1872 858 Cometae

226 872 420 921 aspedius
441 885 521 911 nos
542 873 598 911 ad
620 873 735 911 hanc
757 874 979 912 inuitasset.
1004 874 1306 912 Existimaram
1326 874 1505 921 quidem
1526 873 1563 911 &
1584 885 1676 921 ego,
1700 873 1873 911 nullum

226 926 417 974 amplius
425 926 649 974 vestigium
659 926 788 974 ipfius
797 926 886 974 post
896 926 999 965 XIII
1008 927 1078 965 vel
1087 927 1211 965 XIIII
1222 927 1415 965 Ianuarii
1426 926 1742 970 remansurum,
1755 926 1873 973 quod

227 982 272 1018 in
288 979 473 1018 visuales
489 979 633 1017 sensus
649 979 839 1027 amplius
855 981 1077 1018 incurrere
1097 981 1238 1027 posset,
1260 992 1312 1018 eo
1333 980 1451 1027 quod
1473 980 1541 1017 die
1558 980 1660 1017 XIII
1681 980 1793 1017 adeo
1814 984 1873 1017 at-

226 1037 431 1071 tenuatus
457 1038 560 1077 erat,
585 1038 629 1070 vt
654 1032 786 1071 nullis
810 1033 1106 1071 Instrumentis
1129 1033 1412 1071 obseruabilis
1437 1033 1557 1076 foret,
1584 1038 1874 1070 veruntamen

227 1088 440 1134 quoniam
453 1086 581 1124 Luna
591 1098 617 1124 a
629 1084 938 1124 coniunctione
951 1086 1219 1131 sextiduana‚
1237 1089 1350 1124 circa
1362 1087 1420 1124 H.
1433 1087 1457 1124 6
1469 1086 1554 1124 diei
1566 1086 1668 1123 XIII
1681 1086 1875 1124 Ianuarii

227 1151 316 1187 qua
337 1139 594 1178 Obseruatio
615 1139 758 1183 fiebat,
782 1151 874 1177 non
893 1139 1024 1187 plane
1041 1139 1242 1178 occasum
1258 1139 1456 1183 subierat,
1478 1139 1629 1186 aliquo
1647 1139 1780 1176 modo
1802 1139 1874 1176 ad-

226 1192 313 1230 huc
330 1192 564 1231 Cometam
579 1204 656 1240 per
671 1192 712 1230 se
728 1192 970 1231 admodum
985 1198 1165 1231 tenuem
1181 1192 1430 1236 offuscabat,
1451 1197 1495 1230 vt
1512 1192 1567 1230 ob
1583 1192 1626 1230 id
1642 1192 1780 1229 multo
1797 1193 1875 1229 mi-

225 1258 318 1289 nor,
341 1257 475 1293 quam
496 1257 653 1284 reuera
673 1250 776 1290 erat,
798 1246 936 1284 oculis
956 1248 1236 1294 ingereretur.
1259 1246 1377 1293 Quia
1394 1257 1499 1283 vero
1520 1245 1876 1292 subsequentibus

227 1300 379 1338 diebus
405 1299 533 1337 Luna
561 1301 699 1347 magis
727 1299 949 1347 magisque
975 1300 1162 1337 Lumine
1190 1300 1442 1347 augebatur,
1474 1298 1719 1346 diutiusque
1749 1298 1877 1345 supra

228 1353 521 1391 Horizontem
536 1353 803 1397 morabatur,
825 1364 1005 1391 omnem
1022 1353 1234 1398 Cometae,
1255 1353 1367 1391 adeo
1387 1352 1624 1400 praesertim
1642 1353 1875 1395 extenuati,

228 1404 446 1453 aspectum
471 1406 548 1444 sua
572 1406 801 1453 praesentia
826 1406 1095 1445 excludebat.
1127 1406 1211 1444 Die
1237 1411 1385 1444 autem
1411 1406 1568 1449 XXVI,
1598 1405 1763 1452 vesperi
1788 1404 1877 1451 post

229 1471 416 1503 coenam,
443 1471 544 1497 cum
566 1459 744 1507 ipsemet
767 1459 1019 1498 nullatenus
1043 1456 1353 1510 credi-{ldissem,
1379 1459 1546 1506 aliquid
1569 1458 1725 1496 residui
1749 1458 1801 1496 de
1825 1469 1877 1495 eo

229 1515 473 1551 etiamnum
489 1512 688 1560 conspici,
706 1512 859 1551 volens
875 1513 1025 1551 saltem
1041 1512 1196 1552 Pic‘tori
1212 1524 1312 1550 meo
1324 1513 1430 1550 Viro
1447 1514 1578 1550 etiam
1594 1511 1777 1555 literato,
1794 1511 1877 1548 To-

228 1566 312 1604 biae
323 1566 613 1614 Gemperlino
627 1568 808 1604 nomine
825 1566 975 1613 (quem
989 1568 1200 1614 proximis
1210 1568 1338 1604 annis
1346 1564 1877 1613 AugustaVindelicorum

175 1634 190 1658 5
228 1620 372 1658 Patria
387 1619 464 1658 sua
479 1618 624 1657 hucin
636 1619 831 1657 Daniam
847 1619 1131 1664 abduxeram,
1149 1621 1312 1667 quique
1329 1631 1421 1657 non
1436 1621 1496 1656 ita
1512 1618 1679 1656 dudum
1695 1617 1767 1655 lue
1780 1618 1877 1665 Epi-

227 1673 398 1711 demica
421 1672 603 1711 Hafniae
625 1673 832 1721 grassante
856 1677 1091 1720 correptus,
1117 1673 1234 1711 diem
1257 1672 1378 1721 obijt)
1402 1672 1549 1710 locum
1572 1671 1806 1715 ostendere,
1832 1673 1878 1708 in

227 1738 316 1774 quo
338 1726 525 1765 Cometa
547 1726 619 1764 ille
642 1726 795 1764 vltimo
818 1738 845 1764 a
867 1738 938 1764 me
958 1726 1072 1764 visus
1096 1726 1162 1771 est,
1187 1737 1285 1764 ecce
1308 1726 1362 1764 ab
1386 1725 1601 1773 insperato
1625 1736 1716 1762 non
1739 1724 1879 1762 solum

227 1779 349 1823 mihi,
366 1779 437 1818 sed
454 1779 516 1817 illi
533 1781 664 1818 etiam
677 1779 715 1817 &
727 1779 953 1817 nonnullis
969 1779 1203 1818 astantibus
1215 1779 1325 1827 alijs‚
1342 1781 1417 1826 qui
1429 1780 1632 1817 acumine
1644 1777 1759 1815 visus
1770 1789 1878 1824 prae-

228 1833 464 1880 pollebant,
487 1832 699 1871 tenellum
723 1835 816 1871 eius
839 1833 1062 1881 vestigium
1084 1835 1196 1871 inter
1218 1832 1375 1871 Scheat
1399 1832 1437 1870 &
1460 1831 1615 1870 Stellas
1639 1834 1684 1869 in
1707 1830 1879 1878 pedtore

228 1886 385 1934 Pegasi,
407 1898 460 1924 eo
481 1886 615 1924 modo
636 1898 724 1934 quo
741 1886 897 1933 Capite
918 1886 1064 1924 Primo
1084 1886 1290 1928 indicaui,
1312 1885 1537 1933 diligenter
1557 1884 1879 1923 attendentibus

229 1939 374 1979 adhuc
390 1939 608 1987 superesse,
625 1939 1071 1978 animaduertebatur.
1090 1940 1279 1987 Eratque
1297 1941 1390 1977 eius
1406 1938 1549 1977 forma
1565 1950 1655 1976 non
1670 1937 1800 1985 plane
1813 1949 1879 1975 ro-

228 1993 378 2037 tunda,
400 1993 471 2031 sed
492 1993 726 2041 paululum
742 1995 1006 2037 acuminata,
1029 1993 1149 2040 quali
1165 1993 1220 2031 ad
1236 1992 1575 2040 Longitudinem
1591 1991 1785 2029 dimidiae
1802 1990 1879 2038 spi-

229 2046 406 2090 thamae,
424 2051 499 2085 aut
514 2046 649 2094 paulo
665 2046 776 2094 plus,
794 2058 882 2094 quo
899 2047 955 2085 ad
971 2046 1122 2091 visum,
1140 2058 1327 2093 eamque
1344 2046 1549 2094 Figuram
1564 2045 1627 2082 illi
1644 2044 1880 2082 caudulam

230 2100 375 2139 adhuc
387 2099 689 2138 adhaerentem
700 2100 883 2138 tribuisse
896 2099 1061 2144 censeo,
1074 2105 1118 2137 vt
1129 2099 1302 2138 nullum
1313 2099 1487 2146 prorsus
1498 2098 1672 2146 superfit
1684 2097 1879 2140 dubium,

231 2155 339 2201 quin
361 2165 413 2191 eo
434 2153 524 2201 ipso
545 2153 614 2191 die
635 2153 834 2201 reliquiae
857 2153 990 2191 huius
1012 2153 1210 2191 Cometae
1233 2155 1482 2201 perexiguae
1504 2151 1685 2190 residuae
1708 2150 1879 2189 fuerint.

231 2207 406 2245 Fatetur
423 2207 602 2254 quidem
614 2207 862 2245 Moestlinus
874 2207 914 2245 se
927 2217 1136 2244 numeros
1149 2218 1171 2244 e
1183 2206 1363 2244 Tabulis
1375 2206 1614 2244 Prutenicis
1630 2209 1882 2242 mutuatum

231 2261 320 2305 esse,
348 2272 539 2308 quorum
561 2260 776 2298 beneficio
799 2262 845 2298 in
868 2260 1323 2298 Demonstrationibus
1346 2258 1604 2307 quibusdam
1629 2260 1741 2296 circa
1766 2257 1882 2295 hanc

231 2313 507 2362 Hypothefin
523 2318 724 2358 vteretur,
747 2325 822 2352 eos
838 2325 943 2351 vero
965 2313 1170 2351 nonnihil
1185 2325 1212 2351 a
1229 2313 1358 2351 Coelo
1379 2312 1564 2351 deficere
1581 2311 1790 2353 concedit,
1811 2310 1881 2348 sed

231 2366 524 2405 differentiam
544 2367 656 2406 adeo
678 2369 882 2415 exiguam
903 2367 979 2405 esse
1001 2366 1140 2411 refert,
1161 2372 1205 2404 vt
1228 2366 1402 2404 nullum
1424 2365 1664 2404 sensibilem
1689 2375 1882 2402 errorem

231 2422 277 2458 in
298 2420 382 2458 hoc
402 2423 577 2469 negotio
597 2422 750 2469 pariat.
776 2421 826 2459 Et
846 2420 948 2459 sane
969 2418 1081 2458 recte
1102 2420 1154 2459 de
1175 2419 1447 2458 Tabularum
1469 2419 1720 2457 deuiatione
1742 2417 1880 2461 sentit;

232 2485 337 2512 nam
358 2471 573 2522 ea'fmaior
593 2474 660 2519 est,
682 2486 817 2522 quam
836 2474 922 2522 ipse
938 2473 1047 2511 forte
1064 2473 1312 2512 Moestlinus
1328 2472 1540 2511 hactenus
1556 2471 1879 2513 animaduertit,

231 2527 468 2574 praesertim
484 2530 530 2566 in
545 2527 629 2566 hoc
646 2527 757 2573 casu,
775 2539 864 2575 quo
880 2527 935 2566 ad
951 2527 1200 2575 Apogaeum
1215 2527 1399 2564 Veneris
1415 2528 1583 2569 attinet;
1601 2525 1671 2562 sed
1688 2524 1726 2561 &
1743 2526 1787 2561 in
1804 2524 1879 2560 Ec-

343 2589 393 2615 30*
1619 2578 1881 2616 centricitate
