2209 3213
507 227 1030 267 RECENTIORIBUS
1051 228 1509 268 PHAENOMENIS
1781 232 1832 270 47

189 336 328 380 CBA,
346 337 477 373 etiam
492 346 569 382 per
585 333 945 373 constructionem
959 333 1222 382 rectangulo,
1240 347 1339 373 cum
1352 335 1541 373 constent
1553 336 1684 374 ambo
1696 336 1833 375 latera

187 391 300 427 circa
311 387 488 432 redium,
500 399 592 425 non
602 388 872 435 ignorabitur
882 388 1128 426 subtensum
1141 388 1234 431 CA,
1247 388 1289 426 P.
1302 388 1365 426 25.
1378 389 1442 426 M.
1452 388 1515 433 38,
1528 389 1647 436 quod
1658 392 1834 427 metitur

187 441 430 480 distantiam
451 442 480 487 (ζ
504 452 530 479 a
546 440 732 479 Cometa
749 441 986 488 quaefflam,
1004 452 1030 478 a
1046 453 1134 488 qua
1150 441 1179 478 fi
1195 440 1419 479 auferatur
1435 441 1767 481 Semidiameter
1787 445 1833 488 (ζ,

187 506 288 542 quae
305 494 359 532 est
374 494 463 532 fere
480 495 520 532 15
536 495 641 531 min.
654 496 857 541 prouenit
869 494 1066 532 distantia
1079 494 1278 532 Cometae
1290 506 1317 532 a
1328 494 1463 532 limbo
1480 497 1509 540 ζ(
1528 495 1602 533 fibi
1617 498 1832 543 proximo,

187 548 229 586 P.
246 548 309 586 25.
327 547 390 585 M.
408 547 470 585 23.
492 547 624 594 Quod
639 559 744 584 vero
765 547 861 584 haec
882 547 1082 594 pauculis
1102 547 1312 594 scrupulis
1333 547 1379 585 fit
1397 548 1486 594 ipsa
1503 548 1832 593 Obseruatione,

129 605 149 636 †
187 612 287 648 quae
303 600 489 648 praebuit
505 600 547 638 P.
560 600 622 638 25.
641 600 704 638 M.
716 600 766 638 35
783 600 1012 648 angustior.
1030 601 1084 638 ob
1102 600 1286 643 easdem,
1304 612 1414 647 quas
1430 600 1627 648 superius
1643 602 1834 640 diximus

186 656 390 697 rationes,
406 653 532 691 facile
550 655 728 691 euenire
744 658 924 700 poterat.

134 561 150 586 υι

710 750 810 788 DIE
831 750 924 788 XV.
947 750 1305 789 NOVEMBRIS.

311 812 558 850 ANENTE
575 812 719 850 adhuc
734 812 889 851 eadem
901 812 1174 860 figuratione,
1192 823 1281 859 qua
1292 812 1464 850 duobus
1476 814 1832 852 antecedentibus

117 879 147 904 ιο
325 866 477 904 diebus
493 866 552 903 vfi
567 865 727 909 sumus,
745 865 783 903 8(
799 866 954 904 eadem
970 866 1342 909 denominatione,
1365 865 1562 904 distantia
1580 866 1729 904 saltem
1747 867 1831 906 Co-

182 924 311 958 metae
327 931 354 957 a
367 919 564 957 Vulturis
580 919 713 957 Stella
728 930 846 957 nunc
862 921 1043 963 variata,
1060 924 1103 956 vt
1119 918 1164 955 fit
1180 918 1274 961 AC,
1292 918 1334 955 P.
1347 918 1409 956 20.
1424 918 1486 956 M.
1497 919 1560 963 25,
1578 918 1616 956 8(
1632 919 1831 958 distantia

183 972 238 1011 ab
249 972 445 1010 inferiori
457 974 502 1010 in
515 984 653 1010 cornu
669 977 709 1016 z,
723 972 756 1009 B
766 972 815 1015 C,
829 971 875 1009 fit
887 972 929 1010 P.
943 971 996 1010 16.
1010 972 1073 1009 M.
1087 972 1140 1009 14.
1477 983 1517 1020 Ῥ

183 1026 397 1064 Manente
414 1025 588 1073 insuper
599 1027 646 1063 in
656 1024 897 1073 Triangulo
909 1026 950 1062 A
958 1025 1043 1069 PB,
1061 1025 1140 1063 La-

182 1084 271 1117 tere
294 1079 390 1122 AB,
414 1079 456 1116 P.
480 1079 543 1116 24.
568 1079 632 1116 M.
655 1078 719 1123 48,
744 1078 782 1116 8(
804 1078 982 1126 Angulo
1005 1078 1139 1122 ABP,

116 1145 147 1170 15
185 1132 227 1170 P.
240 1132 276 1170 4.
289 1132 353 1170 M.
365 1132 416 1170 59
427 1136 471 1169 vt
484 1131 624 1180 supra,
641 1131 925 1178 procedentes
940 1133 1140 1179 proxime

182 1185 238 1223 ad
244 1184 535 1233 Triangulum
542 1185 675 1229 ABC,
685 1187 809 1222 cuius
820 1187 902 1222 tria
911 1196 1029 1222 nunc
1040 1196 1140 1222 con-

181 1238 289 1277 stant
305 1238 474 1283 Latera,
491 1250 568 1286 per
583 1238 817 1276 Stellarum
834 1249 861 1276 a
877 1238 1064 1276 Cometa
1080 1242 1139 1276 at-

182 1303 267 1339 que
284 1291 339 1330 ad
356 1293 548 1329 inuicem
564 1293 759 1339 cognitas
777 1291 1139 1338 intercapedines,

181 1344 410 1392 Angulum
426 1344 556 1383 ABC
573 1356 664 1382 non
680 1344 993 1392 ignorabimus,
1015 1344 1058 1382 P.
1075 1345 1138 1383 55.

111 1411 144 1436 20
182 1398 245 1436 M.
253 1398 317 1442 58,
328 1399 403 1445 qui
413 1398 586 1436 additus
595 1398 651 1436 ad
660 1397 888 1445 Angulum
897 1398 1010 1435 ABP
1019 1399 1139 1445 prius

182 1453 417 1499 cognitum,
428 1451 623 1489 Partium
632 1451 831 1489 videlicet
840 1451 876 1489 4.
888 1451 951 1488 M.
962 1451 1025 1494 59,
1038 1462 1139 1488 con·
1180 1465 1207 1500 Q

181 1503 302 1542 flabit
317 1509 457 1542 totum
473 1504 701 1552 Angulum
718 1504 849 1548 CBP,
866 1504 908 1542 P.
922 1504 984 1542 60.
999 1504 1062 1542 M.
1075 1505 1137 1542 57.
1215 1497 1494 1656 —
1782 1538 1820 1580 B

182 1557 374 1605 Ideoque
400 1559 446 1595 in
470 1557 711 1605 Triangulo
737 1557 868 1602 PBC,
900 1559 1025 1595 cuius
1050 1558 1139 1595 duo

180 1610 319 1649 latera
335 1610 427 1655 CB,
444 1610 482 1648 8(
499 1611 584 1655 PB,
601 1610 1036 1658 compraehendentia
1047 1611 1137 1648 An·
1179 1609 1216 1647 E
1472 1565 1815 1655 -F

106 1676 140 1702 25
177 1663 329 1712 gulum
346 1664 497 1702 datum
514 1669 619 1702 nota
635 1663 743 1707 sunt,
760 1664 895 1702 Latus
912 1664 1000 1707 PC,
1021 1675 1137 1702 com-
1458 1664 1502 1700 D

175 1717 447 1765 plementum
463 1717 703 1755 latitudinis
716 1717 915 1756 Cometae
928 1729 1019 1755 non
1033 1717 1193 1762 latebit,
1211 1718 1253 1756 P.
1266 1719 1328 1757 77.
1342 1718 1405 1756 M.
1418 1719 1481 1757 44.
1499 1718 1677 1766 Insuper
1693 1721 1825 1757 etiam

99 1776 142 1808 47
174 1772 221 1808 in
233 1770 390 1808 eodem
400 1770 654 1818 Triangulo‚
671 1772 775 1818 quia
788 1772 939 1808 omnia
951 1772 1041 1808 iam
1053 1775 1288 1818 patuerunt
1299 1771 1449 1816 latera,
1465 1768 1706 1822 An—ssgulus
1718 1772 1826 1811 CPB

174 1823 528 1867 manifestabitur,
546 1824 588 1861 P.
604 1824 657 1861 14.
675 1823 738 1862 M.
754 1823 816 1868 29,
834 1825 910 1870 qui
926 1822 1164 1862 subtractus
1180 1836 1207 1862 a
1222 1824 1493 1872 longitudine
1510 1825 1656 1863 Stellae
1672 1827 1718 1863 in
1735 1837 1825 1863 cor-

174 1888 236 1915 nu
256 1882 297 1921 z,
315 1889 403 1924 qua
418 1876 477 1914 vsi
492 1877 653 1920 sumus,
671 1877 876 1924 relinquit
892 1877 1211 1924 longitudinem
1229 1878 1426 1916 Cometae
1443 1880 1489 1916 in
1506 1878 1548 1916 P.
1565 1878 1618 1916 13.
1636 1878 1699 1916 M.
1712 1879 1763 1917 47
1783 1884 1824 1922 z,

103 1941 136 1967 30
173 1929 401 1968 latitudine
423 1932 517 1968 eius
538 1942 591 1968 ex
612 1930 936 1977 complemento
957 1929 1032 1968 PC
1054 1932 1174 1977 prius
1197 1931 1311 1975 dato,
1336 1931 1539 1969 existente
1564 1932 1606 1969 P.
1625 1931 1678 1969 12.
1703 1932 1766 1969 M.
1784 1933 1825 1970 16

173 1982 359 2028 Boreali,
377 1983 495 2031 quod
513 1983 803 2031 quaerebatur.

695 2081 796 2119 DIE
816 2080 912 2119 XX.
935 2080 1294 2120 NOVEMBRIS.

257 2142 299 2181 X
324 2142 495 2181 duabus
517 2142 602 2180 illis
625 2142 845 2191 distantijs‚
871 2154 981 2190 quas
1004 2142 1088 2181 hac
1109 2143 1288 2190 vespera
1310 2142 1424 2182 nac'ti
1446 2144 1607 2189 sumus,
1633 2156 1822 2191 quarum

270 2208 358 2234 vna
375 2202 465 2234 erat
481 2196 536 2234 ad
552 2196 745 2234 lucidam
757 2196 965 2241 Vulturis,
983 2196 1025 2234 P.
1043 2197 1088 2234 ll.
1105 2197 1168 2234 M.
1185 2197 1221 2242 7,
1239 2197 1376 2235 altera
1392 2197 1447 2235 ad
1464 2209 1513 2235 os
1529 2197 1685 2245 Pegafi,
1703 2198 1745 2235 P.
1758 2198 1821 2236 27.

100 2260 133 2286 3⁵
170 2248 234 2287 M.
256 2249 318 2294 35,
346 2249 544 2288 Cometae
570 2249 889 2297 longitudinem
913 2249 950 2287 8(
973 2249 1261 2295 latitudinem,
1287 2250 1605 2298 praesuppofitis
1630 2250 1820 2289 fixarum

168 2301 286 2346 locis,
302 2307 431 2350 prout
446 2302 641 2350 superius
656 2303 962 2347 iudicauimus,
980 2302 1187 2351 indagare
1203 2304 1473 2342 conabimur.

221 2355 282 2393 Sit
305 2357 452 2403 itaque
475 2358 521 2393 in
544 2355 726 2403 ascripta
748 2355 900 2404 figura,
922 2357 962 2393 A
986 2356 1131 2394 lucida
1151 2356 1348 2394 Vulturis
1369 2357 1514 2401 Stella,
1537 2357 1570 2395 Β
1593 2368 1641 2394 os
1662 2356 1821 2404 Pegafi,

169 2408 356 2446 Cometa
372 2409 421 2453 C,
444 2409 846 2456 considerantesque
867 2411 1010 2456 primo
1026 2409 1316 2457 Triangulum
1332 2410 1467 2453 APB,
1490 2412 1595 2457 quia
1616 2410 1729 2447 latus
1745 2410 1821 2447 ΑΡ

168 2461 223 2499 est
238 2461 281 2499 P.
294 2462 357 2500 60.
372 2461 436 2500 M.
448 2462 502 2506 41,
520 2462 892 2510 complementum
908 2462 1149 2500 latitudinis
1166 2462 1310 2501 Stellae
1323 2463 1531 2507 Vulturis,
1549 2463 1587 2500 8(
1603 2462 1716 2501 latus
1732 2463 1819 2507 PB,

97 2525 130 2550 40
167 2514 210 2552 P.
221 2514 283 2553 67.
296 2514 359 2552 Μ.
370 2515 433 2559 53,
447 2512 819 2562 complementum
830 2515 1071 2553 latitudinis
1083 2518 1170 2554 oris
1183 2516 1339 2564 Pegafi,
1352 2516 1555 2564 Angulus
1566 2527 1671 2553 vero
1683 2515 1818 2606 ἓξὲξ),
