2209 3213
128 825 158 850 10

129 1091 158 1115 15

107 1297 171 1329 205

125 1356 158 1381 20

125 1622 158 1646 25

125 1887 158 1912 30

126 2153 159 2178 35

125 2419 158 2444 40

516 226 1039 267 RECENTIORIBUS
1060 227 1518 268 PHAENOMENIS
1774 229 1842 268 175

251 334 299 371 In
319 333 438 371 hunc
459 332 637 380 quidem
657 333 841 370 modum
860 333 901 371 se
922 334 1074 372 habuit
1094 346 1202 373 uera
1218 335 1371 373 caudae
1388 335 1586 373 Cometae
1603 335 1841 383 longitudo,

196 387 226 424 fi
242 399 295 425 ea
309 384 501 433 respee'tu
517 385 662 423 Stellae
678 386 862 424 Veneris
878 387 1079 434 protensa
1099 388 1374 436 intelligatur,
1396 389 1517 426 uelut
1537 400 1618 426 nos
1639 389 1842 436 plurimae

197 440 535 478 Obseruationes
545 438 700 486 Capite
712 438 906 486 Septimo
918 441 1149 485 recenfitae,
1162 441 1200 478 &
1213 441 1564 480 Demonstratiue
1576 444 1621 479 in
1633 454 1842 481 numeros

196 491 394 536 redatfhae,
411 492 666 529 docuerunt.

249 546 343 583 Imo
366 556 457 582 non
480 544 671 582 dissimile
695 545 904 592 quiddam
928 548 973 583 in
995 547 1137 585 cauda
1159 547 1357 585 Cometae
1378 550 1484 585 anni
1505 548 1568 593 82,
1593 550 1667 595 qui
1689 548 1842 586 Mense

196 599 322 636 Maio
338 598 464 636 nobis
480 597 535 635 ad
553 597 878 645 Septentriones
898 599 1051 643 illuxit,
1073 605 1225 638 notare
1246 600 1377 638 licuit.
1399 601 1504 638 Eius
1521 604 1639 639 enim
1655 602 1842 640 caudam

196 654 328 689 etiam
344 663 371 689 a
386 651 569 688 Veneris
585 650 719 689 Stella
739 663 830 688 non
847 663 873 690 a
889 652 989 690 Sole
1006 653 1130 700 dirigi
1145 654 1553 698 animaduertimus,
1575 655 1686 692 adeo
1702 660 1749 692 ut
1765 655 1842 693 Re-

195 704 507 752 trogradationi
520 704 715 748 Veneris,
733 716 833 751 quae
849 707 943 743 eius
956 708 1221 753 apparitioni
1233 707 1515 752 coincidebat,
1528 707 1841 753 obsecundarit,

196 763 241 796 ut
258 757 387 795 Libro
403 757 607 804 sequente
623 757 796 804 plenius
812 757 888 795 suo
904 758 1001 796 loco
1018 759 1278 797 uidebimus.

248 811 549 848 Veruntamen
561 822 652 848 non
664 810 762 848 satis
774 811 932 858 assequi
943 811 1052 855 licet,
1066 823 1154 858 qua
1165 814 1334 850 ratione
1344 813 1527 850 Veneris
1540 813 1667 852 Sidus
1680 814 1843 852 caudas

196 863 356 901 horum
369 864 657 901 Cometarum
669 863 853 901 eduxisse
866 865 1078 909 credatur,
1095 876 1196 902 cum
1209 876 1286 912 per
1297 865 1337 903 se
1349 871 1438 904 tam
1450 866 1614 914 fulgido
1627 867 1665 904 8(
1677 867 1843 905 efficaci

194 917 362 954 lumine
378 916 474 954 haec
486 916 619 954 Stella
635 917 818 964 praedita
833 928 925 954 non
940 917 998 961 fit,
1016 922 1062 955 ut
1073 918 1219 955 radios
1231 918 1404 965 aliquos
1415 931 1491 966 per
1503 920 1702 958 Cometae
1715 926 1843 967 caput

195 970 369 1008 uibrare
382 969 678 1016 eiacularique
690 971 890 1017 potuerit·
908 970 1125 1017 Equidem
1135 971 1275 1009 multo
1287 972 1576 1010 uerofimilius
1589 974 1681 1011 esset
1693 985 1720 1011 a
1731 973 1844 1012 Solis

194 1023 342 1061 illustri
363 1022 401 1060 &
420 1023 646 1060 irradianti
667 1025 920 1070 potentique
941 1023 1108 1061 lumine
1129 1024 1282 1062 caudae
1306 1025 1627 1072 protenfionem
1649 1026 1842 1070 formari,

195 1076 283 1114 siue
300 1076 419 1123 quod
435 1081 551 1114 certa
566 1078 814 1122 requiratur
830 1087 857 1114 a
873 1076 973 1114 Sole
989 1076 1199 1121 distantia,
1218 1083 1457 1125 antequam
1474 1080 1615 1117 cauda
1630 1079 1706 1117 illa
1721 1081 1767 1117 in
1783 1080 1842 1117 di-

196 1128 361 1167 rectum
384 1131 478 1166 eius
501 1129 676 1166 extendi
698 1128 913 1173 uideatur,
940 1129 995 1167 ob
1020 1132 1212 1168 rationes
1235 1131 1407 1178 aliquas
1431 1132 1609 1179 Opticas
1632 1131 1843 1170 hactenus

195 1182 321 1220 nobis
338 1184 642 1229 incompertas,
660 1193 760 1229 quae
777 1181 969 1220 efficiant
985 1183 1139 1221 caudae
1156 1182 1334 1222 ductum
1348 1196 1439 1222 non
1453 1185 1620 1232 semper
1631 1197 1843 1233 apparere

195 1238 241 1273 in
258 1247 310 1274 ea
325 1235 455 1279 linea,
472 1234 664 1282 respectu
675 1235 800 1279 Solis,
818 1247 906 1282 qua
922 1247 1078 1274 reuera
1093 1236 1239 1281 existit,
1255 1237 1344 1275 fiue
1356 1238 1444 1275 alio
1457 1250 1722 1285 quocunque
1735 1251 1843 1277 non-

196 1289 302 1326 dum
317 1288 414 1326 satis
430 1286 649 1336 perspecto
665 1288 799 1326 modo
815 1289 858 1326 id
869 1285 884 1338 ΙΙ
897 1291 1084 1327 eueniat.
1102 1290 1241 1328 Nolui
1256 1295 1405 1328 tamen
1419 1292 1473 1329 ab
1486 1303 1538 1329 ea
1550 1293 1703 1330 caudae
1716 1292 1842 1330 educ-

195 1344 326 1386 tione,
350 1353 485 1389 quam
505 1341 606 1389 ipsae
628 1341 968 1380 Obseruationes
988 1341 1180 1389 respectu
1201 1343 1346 1381 Stellae
1363 1344 1546 1382 Veneris
1567 1345 1842 1389 exhibebant,

195 1396 413 1439 recedere;
434 1395 644 1442 liquidem
665 1407 754 1442 qua
774 1395 998 1433 Occafione
1019 1401 1140 1434 tanta
1157 1396 1349 1435 deuiatio
1366 1409 1392 1435 a
1409 1397 1569 1436 directo
1586 1401 1756 1436 tramite
1773 1410 1843 1437 ex-

195 1448 399 1486 tensionis
422 1446 613 1494 respectu
637 1447 762 1492 Solis,
786 1454 951 1495 quanta
975 1449 1130 1496 Capite
1154 1449 1347 1497 Septimo
1371 1451 1534 1489 ostensa
1556 1452 1623 1496 est,
1650 1452 1844 1490 excusari

195 1502 324 1549 possit,
341 1500 553 1540 hactenus
568 1512 660 1538 non
676 1503 799 1539 omni
813 1513 866 1539 ex
880 1507 1001 1549 parte
1014 1508 1286 1550 compertum
1298 1503 1500 1542 habeam.
1518 1504 1562 1542 Si
1574 1505 1665 1542 dies
1677 1505 1843 1552 aliquid

197 1557 299 1592 certi
322 1556 368 1592 in
390 1554 458 1592 his
481 1554 688 1599 docuerit,
711 1557 862 1601 utique
883 1554 1038 1593 lubens
1059 1557 1305 1594 uerioribus
1326 1558 1568 1595 rationibus
1589 1558 1627 1596 8(
1649 1558 1843 1596 Demon-

196 1607 471 1646 strationibus
488 1619 541 1645 ex
559 1607 715 1654 Optica
731 1606 927 1646 doctrina
942 1608 1134 1655 prolatis,
1151 1621 1311 1647 manus
1327 1612 1559 1658 porrigam.

249 1661 297 1699 Id
312 1666 461 1699 autern
477 1660 674 1698 hocloco
690 1660 941 1709 adiungam,
959 1662 1077 1708 quod
1093 1662 1122 1699 fi
1139 1663 1280 1701 cauda
1292 1675 1318 1701 a
1329 1663 1429 1701 Sole
1446 1675 1602 1702 reuera
1617 1670 1845 1711 procreata

196 1713 336 1758 fuerit,
353 1719 448 1752 utut
464 1725 555 1752 non
572 1712 728 1752 directe
745 1716 784 1752 ei
801 1714 1017 1761 oppositas
1033 1721 1176 1762 partes
1190 1722 1335 1763 petere
1348 1717 1439 1754 uisa
1451 1717 1508 1761 fit,
1525 1717 1676 1765 aliqua
1688 1718 1845 1765 Optica

196 1769 242 1805 in
258 1767 326 1805 his
342 1767 502 1805 latente
519 1767 808 1811 excusatione,
825 1773 928 1805 tunc
944 1767 1182 1806 secundum
1198 1772 1390 1807 rationes
1406 1772 1525 1817 prius
1541 1782 1617 1818 per
1626 1771 1844 1809 Venerem

197 1820 537 1865 Demonstratas‚
564 1820 601 1858 8(
627 1821 806 1858 assumta
834 1821 989 1858 eadem
1014 1821 1304 1870 Longitudine
1331 1825 1424 1861 eius
1450 1823 1541 1861 uisa
1566 1824 1616 1862 25
1641 1826 1844 1871 partium,

196 1874 409 1921 oportebit
425 1885 580 1911 ueram
596 1873 726 1921 ipfius
742 1873 1063 1920 protensionem
1075 1876 1317 1922 adaequasse
1330 1876 1687 1915 Semidiametros
1698 1877 1847 1915 Terrae

195 1927 246 1965 95
271 1927 373 1970 fere,
404 1927 521 1974 quod
551 1926 701 1965 saltem
726 1929 858 1965 unica
883 1927 1217 1966 Semidiametro
1244 1929 1388 1967 deficit
1413 1941 1440 1967 a
1466 1930 1755 1978 Longitudine
1783 1942 1847 1975 ea,

196 1991 331 2028 quam
352 1992 375 2018 e
395 1980 580 2018 Veneris
601 1979 735 2018 Stella
756 1985 887 2018 antea
907 1980 1182 2019 deduximus.
1208 1982 1468 2020 Extremitas
1489 1995 1596 2021 uero
1618 1984 1771 2022 caudae
1793 1985 1848 2022 ad

196 2033 344 2071 Solem
364 2033 448 2071 hoc
468 2033 602 2071 modo
624 2038 890 2081 comparata,
912 2034 1210 2072 remouebitur
1231 2036 1537 2074 tantummodo
1554 2037 1621 2075 157
1639 2036 1847 2075 Semidia-

196 2088 344 2125 metris
359 2086 520 2131 Terrae,
545 2092 676 2133 atque
699 2086 752 2124 fic
776 2087 968 2124 redditur
991 2087 1081 2134 ipsa
1103 2099 1238 2135 quam
1260 2089 1427 2136 Capitis
1450 2090 1648 2128 distantia
1671 2093 1848 2138 propior

197 2151 273 2188 per
285 2139 641 2178 Semidiametros
652 2140 715 2183 53,
733 2145 889 2187 quarta
904 2140 1061 2178 scilicet
1077 2143 1208 2179 totius
1225 2143 1561 2190 intercapedinis
1578 2149 1712 2190 parte,
1730 2145 1848 2191 quod

196 2195 248 2241 ijs
265 2204 365 2240 quae
382 2193 538 2240 Capite
555 2193 749 2240 Septimo
766 2195 879 2230 circa
898 2199 1183 2232 curuaturam
1200 2195 1370 2233 Caudae
1391 2197 1669 2241 adduximus,
1691 2196 1848 2235 rec'tius

196 2246 233 2284 8(
251 2248 587 2284 conuenientius
603 2258 738 2293 quarn
754 2251 884 2284 antea
900 2245 1168 2295 suffragatur.

248 2299 361 2337 Haec
382 2299 435 2337 de
458 2300 760 2347 magnitudine
777 2311 884 2337 uera
901 2299 1068 2346 Capitis
1085 2300 1123 2338 8(
1141 2301 1310 2339 Caudae
1327 2302 1382 2340 ad
1399 2303 1515 2340 diem
1531 2302 1634 2340 XIII
1651 2303 1693 2340 N
1698 2315 1847 2341 ouem-

194 2353 282 2390 bris
302 2352 348 2390 fit
369 2352 584 2391 ostendisse
606 2353 717 2391 satis.
740 2353 810 2390 Ad
831 2353 1024 2400 reliquos
1046 2354 1136 2391 dies
1157 2354 1316 2401 quibus
1337 2356 1521 2394 durabat
1541 2355 1612 2393 hic
1629 2356 1846 2399 Cometes,

196 2417 286 2444 non
302 2405 421 2444 lubet
436 2405 551 2444 hanc
563 2406 902 2444 calculationem
913 2407 1171 2452 producere;
1189 2409 1347 2455 partim
1359 2411 1463 2456 quia
1475 2410 1685 2448 diameter
1698 2412 1848 2457 capitis

196 2459 394 2497 Cometae
414 2458 565 2497 saltem
587 2461 718 2497 unico
739 2459 814 2496 illo
831 2459 934 2496 XIII
950 2459 1019 2497 die
1037 2460 1305 2499 Nouembris
1320 2473 1347 2499 a
1362 2473 1433 2499 me
1451 2462 1788 2507 Obseruabatur,
1810 2463 1847 2500 8(

196 2513 349 2551 caudae
367 2514 498 2551 etiam
514 2524 732 2560 apparens
749 2512 995 2560 Longitudo
1017 2524 1096 2560 pro
1117 2516 1287 2552 ratione
1304 2516 1431 2553 Aeris
1454 2516 1697 2563 intermedij
1721 2518 1847 2553 uario

1709 2570 1843 2607 modo
