<?xml version="1.0" encoding="UTF-8"?>
<!DOCTYPE html PUBLIC "-//W3C//DTD XHTML 1.0 Transitional//EN"
    "http://www.w3.org/TR/xhtml1/DTD/xhtml1-transitional.dtd">
<html xmlns="http://www.w3.org/1999/xhtml" xml:lang="en" lang="en">
 <head>
  <title>
</title>
<meta http-equiv="Content-Type" content="text/html;charset=utf-8" />
  <meta name='ocr-system' content='tesseract 3.04.00' />
  <meta name='ocr-capabilities' content='ocr_page ocr_carea ocr_par ocr_line ocrx_word'/>
</head>
<body>
  <div class='ocr_page' id='page_1' title='image "./operaomniaedidit04brahuoft/operaomniaedidit04brahuoft_0473.png"; bbox 0 0 2209 3213; ppageno 0'>
   <div class='ocr_carea' id='block_1_1' title="bbox 112 817 141 842">
    <p class='ocr_par' dir='ltr' id='par_1_1' title="bbox 112 817 141 842">
     <span class='ocr_line' id='line_1_1' title="bbox 112 817 141 842; baseline 0 0"><span class='ocrx_word' id='word_1_1' title='bbox 112 817 141 842; x_wconf 83' lang='lat'><strong>10</strong></span> 
     </span>
    </p>
   </div>
   <div class='ocr_carea' id='block_1_2' title="bbox 110 1083 139 1107">
    <p class='ocr_par' dir='ltr' id='par_1_2' title="bbox 110 1083 139 1107">
     <span class='ocr_line' id='line_1_2' title="bbox 110 1083 139 1107; baseline 0 0"><span class='ocrx_word' id='word_1_2' title='bbox 110 1083 139 1107; x_wconf 85' lang='lat'><strong>15</strong></span> 
     </span>
    </p>
   </div>
   <div class='ocr_carea' id='block_1_3' title="bbox 106 1349 138 1373">
    <p class='ocr_par' dir='ltr' id='par_1_3' title="bbox 106 1349 138 1373">
     <span class='ocr_line' id='line_1_3' title="bbox 106 1349 138 1373; baseline 0 0"><span class='ocrx_word' id='word_1_3' title='bbox 106 1349 138 1373; x_wconf 85' lang='lat'><strong>20</strong></span> 
     </span>
    </p>
   </div>
   <div class='ocr_carea' id='block_1_4' title="bbox 104 1615 136 1639">
    <p class='ocr_par' dir='ltr' id='par_1_4' title="bbox 104 1615 136 1639">
     <span class='ocr_line' id='line_1_4' title="bbox 104 1615 136 1639; baseline 0 0"><span class='ocrx_word' id='word_1_4' title='bbox 104 1615 136 1639; x_wconf 87' lang='lat'><strong>25</strong></span> 
     </span>
    </p>
   </div>
   <div class='ocr_carea' id='block_1_5' title="bbox 107 1881 139 1906">
    <p class='ocr_par' dir='ltr' id='par_1_5' title="bbox 107 1881 139 1906">
     <span class='ocr_line' id='line_1_5' title="bbox 107 1881 139 1906; baseline 0 0"><span class='ocrx_word' id='word_1_5' title='bbox 107 1881 139 1906; x_wconf 89' lang='lat'><strong>30</strong></span> 
     </span>
    </p>
   </div>
   <div class='ocr_carea' id='block_1_6' title="bbox 92 1929 151 1960">
    <p class='ocr_par' dir='ltr' id='par_1_6' title="bbox 92 1929 151 1960">
     <span class='ocr_line' id='line_1_6' title="bbox 92 1929 151 1960; baseline 0.017 -1"><span class='ocrx_word' id='word_1_6' title='bbox 92 1929 151 1960; x_wconf 82' lang='lat' dir='ltr'><strong>27r</strong></span> 
     </span>
    </p>
   </div>
   <div class='ocr_carea' id='block_1_7' title="bbox 104 2147 137 2173">
    <p class='ocr_par' dir='ltr' id='par_1_7' title="bbox 104 2147 137 2173">
     <span class='ocr_line' id='line_1_7' title="bbox 104 2147 137 2173; baseline 0 0"><span class='ocrx_word' id='word_1_7' title='bbox 104 2147 137 2173; x_wconf 88' lang='grc'><strong>35</strong></span> 
     </span>
    </p>
   </div>
   <div class='ocr_carea' id='block_1_8' title="bbox 104 2414 137 2439">
    <p class='ocr_par' dir='ltr' id='par_1_8' title="bbox 104 2414 137 2439">
     <span class='ocr_line' id='line_1_8' title="bbox 104 2414 137 2439; baseline 0 0"><span class='ocrx_word' id='word_1_8' title='bbox 104 2414 137 2439; x_wconf 84' lang='grc'><strong>40</strong></span> 
     </span>
    </p>
   </div>
   <div class='ocr_carea' id='block_1_9' title="bbox 433 220 1824 263">
    <p class='ocr_par' dir='ltr' id='par_1_9' title="bbox 433 220 1824 263">
     <span class='ocr_line' id='line_1_9' title="bbox 433 220 1824 263; baseline 0.004 -5"><span class='ocrx_word' id='word_1_9' title='bbox 433 221 522 258; x_wconf 95' lang='lat' dir='ltr'><strong>AD</strong></span> <span class='ocrx_word' id='word_1_10' title='bbox 545 220 856 260; x_wconf 89' lang='lat' dir='ltr'><strong>CRAIGUM</strong></span> <span class='ocrx_word' id='word_1_11' title='bbox 878 221 1152 261; x_wconf 89' lang='lat' dir='ltr'><strong>SCOTUM</strong></span> <span class='ocrx_word' id='word_1_12' title='bbox 1173 222 1258 261; x_wconf 89' lang='lat' dir='ltr'><strong>DE</strong></span> <span class='ocrx_word' id='word_1_13' title='bbox 1279 222 1569 262; x_wconf 91' lang='lat' dir='ltr'>COMETIS</span> <span class='ocrx_word' id='word_1_14' title='bbox 1747 225 1824 263; x_wconf 89' lang='grc'><strong>455</strong></span> 
     </span>
    </p>
   </div>
   <div class='ocr_carea' id='block_1_10' title="bbox 172 326 1825 2610">
    <p class='ocr_par' dir='ltr' id='par_1_10' title="bbox 172 326 1825 2559">
     <span class='ocr_line' id='line_1_10' title="bbox 180 326 1824 376; baseline 0.002 -12"><span class='ocrx_word' id='word_1_15' title='bbox 180 331 307 374; x_wconf 91' lang='lat' dir='ltr'><strong>atqve</strong></span> <span class='ocrx_word' id='word_1_16' title='bbox 325 326 686 364; x_wconf 84' lang='lat' dir='ltr'>existimationem</span> <span class='ocrx_word' id='word_1_17' title='bbox 703 327 957 374; x_wconf 72' lang='lat' dir='ltr'><strong>(praesertim</strong></span> <span class='ocrx_word' id='word_1_18' title='bbox 974 340 1074 365; x_wconf 92' lang='lat' dir='ltr'><strong>cum</strong></span> <span class='ocrx_word' id='word_1_19' title='bbox 1087 330 1180 376; x_wconf 88' lang='lat' dir='ltr'><strong>jam</strong></span> <span class='ocrx_word' id='word_1_20' title='bbox 1195 340 1217 366; x_wconf 86' lang='lat' dir='ltr'><strong>e</strong></span> <span class='ocrx_word' id='word_1_21' title='bbox 1228 331 1339 366; x_wconf 89' lang='lat' dir='ltr'><strong>vivis</strong></span> <span class='ocrx_word' id='word_1_22' title='bbox 1356 329 1591 376; x_wconf 90' lang='lat' dir='ltr'><strong>discesserit)</strong></span> <span class='ocrx_word' id='word_1_23' title='bbox 1608 330 1768 368; x_wconf 85' lang='lat' dir='ltr'><strong>laedere</strong></span> <span class='ocrx_word' id='word_1_24' title='bbox 1785 336 1824 368; x_wconf 92' lang='lat' dir='ltr'><strong>et</strong></span> 
     </span>
     <span class='ocr_line' id='line_1_11' title="bbox 181 379 1824 430; baseline 0.002 -12"><span class='ocrx_word' id='word_1_25' title='bbox 181 381 274 428; x_wconf 90' lang='lat' dir='ltr'><strong>ejus</strong></span> <span class='ocrx_word' id='word_1_26' title='bbox 297 379 433 418; x_wconf 84' lang='lat' dir='ltr'><strong>studia</strong></span> <span class='ocrx_word' id='word_1_27' title='bbox 455 380 723 426; x_wconf 85' lang='lat' dir='ltr'><strong>vilipendere</strong></span> <span class='ocrx_word' id='word_1_28' title='bbox 747 382 922 418; x_wconf 90' lang='lat' dir='ltr'><strong>animus</strong></span> <span class='ocrx_word' id='word_1_29' title='bbox 945 381 1002 423; x_wconf 85' lang='lat' dir='ltr'><strong>fit,</strong></span> <span class='ocrx_word' id='word_1_30' title='bbox 1027 381 1096 419; x_wconf 87' lang='lat' dir='ltr'><strong>sed</strong></span> <span class='ocrx_word' id='word_1_31' title='bbox 1119 387 1165 419; x_wconf 93' lang='lat' dir='ltr'><strong>ut</strong></span> <span class='ocrx_word' id='word_1_32' title='bbox 1188 382 1423 427; x_wconf 87' lang='lat' dir='ltr'><strong>ostendam,</strong></span> <span class='ocrx_word' id='word_1_33' title='bbox 1450 395 1582 430; x_wconf 92' lang='lat' dir='ltr'><strong>qvam</strong></span> <span class='ocrx_word' id='word_1_34' title='bbox 1606 385 1824 421; x_wconf 90' lang='lat' dir='ltr'><strong>immerito</strong></span> 
     </span>
     <span class='ocr_line' id='line_1_12' title="bbox 179 432 1824 484; baseline 0.003 -14"><span class='ocrx_word' id='word_1_35' title='bbox 179 433 241 470; x_wconf 90' lang='lat' dir='ltr'><strong>illi</strong></span> <span class='ocrx_word' id='word_1_36' title='bbox 257 437 347 470; x_wconf 90' lang='lat' dir='ltr'><strong>tam</strong></span> <span class='ocrx_word' id='word_1_37' title='bbox 364 433 649 470; x_wconf 85' lang='lat' dir='ltr'><strong>excellentem</strong></span> <span class='ocrx_word' id='word_1_38' title='bbox 665 434 710 470; x_wconf 91' lang='lat' dir='ltr'><strong>in</strong></span> <span class='ocrx_word' id='word_1_39' title='bbox 727 432 794 470; x_wconf 89' lang='lat' dir='ltr'><strong>his</strong></span> <span class='ocrx_word' id='word_1_40' title='bbox 810 432 1044 471; x_wconf 71' lang='lat' dir='ltr'><strong>tractandis</strong></span> <span class='ocrx_word' id='word_1_41' title='bbox 1062 434 1281 473; x_wconf 86' lang='lat' dir='ltr'><strong>scientiam</strong></span> <span class='ocrx_word' id='word_1_42' title='bbox 1297 435 1555 480; x_wconf 77' lang='lat' dir='ltr'><strong>attribuetis,</strong></span> <span class='ocrx_word' id='word_1_43' title='bbox 1573 448 1756 484; x_wconf 85' lang='lat' dir='ltr'><strong>qvaeqve</strong></span> <span class='ocrx_word' id='word_1_44' title='bbox 1771 448 1824 474; x_wconf 83' lang='lat' dir='ltr'><strong>ex</strong></span> 
     </span>
     <span class='ocr_line' id='line_1_13' title="bbox 180 485 1823 532; baseline 0.003 -9"><span class='ocrx_word' id='word_1_45' title='bbox 180 485 565 529; x_wconf 88' lang='lat' dir='ltr'><strong>observationibus,</strong></span> <span class='ocrx_word' id='word_1_46' title='bbox 585 497 693 532; x_wconf 89' lang='lat' dir='ltr'><strong>qvas</strong></span> <span class='ocrx_word' id='word_1_47' title='bbox 710 486 924 524; x_wconf 87' lang='lat' dir='ltr'><strong>Scultetus</strong></span> <span class='ocrx_word' id='word_1_48' title='bbox 941 487 996 524; x_wconf 88' lang='lat' dir='ltr'><strong>ab</strong></span> <span class='ocrx_word' id='word_1_49' title='bbox 1014 499 1066 524; x_wconf 92' lang='lat' dir='ltr'><strong>eo</strong></span> <span class='ocrx_word' id='word_1_50' title='bbox 1082 492 1308 525; x_wconf 87' lang='lat' dir='ltr'><strong>mutuatus</strong></span> <span class='ocrx_word' id='word_1_51' title='bbox 1325 488 1391 532; x_wconf 85' lang='lat' dir='ltr'><strong>est,</strong></span> <span class='ocrx_word' id='word_1_52' title='bbox 1412 489 1466 527; x_wconf 92' lang='lat' dir='ltr'><strong>ob</strong></span> <span class='ocrx_word' id='word_1_53' title='bbox 1485 501 1637 527; x_wconf 89' lang='lat' dir='ltr'><strong>earum</strong></span> <span class='ocrx_word' id='word_1_54' title='bbox 1654 490 1823 528; x_wconf 93' lang='lat' dir='ltr'><strong>indubi-</strong></span> 
     </span>
     <span class='ocr_line' id='line_1_14' title="bbox 179 539 1822 590; baseline 0.003 -14"><span class='ocrx_word' id='word_1_55' title='bbox 179 544 315 577; x_wconf 90' lang='lat' dir='ltr'><strong>tatam</strong></span> <span class='ocrx_word' id='word_1_56' title='bbox 338 539 641 576; x_wconf 88' lang='lat' dir='ltr'><strong>certitudinem</strong></span> <span class='ocrx_word' id='word_1_57' title='bbox 664 541 777 576; x_wconf 88' lang='lat' dir='ltr'><strong>circa</strong></span> <span class='ocrx_word' id='word_1_58' title='bbox 799 539 1096 577; x_wconf 82' lang='lat' dir='ltr'><strong>Parallaxium</strong></span> <span class='ocrx_word' id='word_1_59' title='bbox 1119 541 1440 587; x_wconf 86' lang='lat' dir='ltr'><strong>inqvifitionem</strong></span> <span class='ocrx_word' id='word_1_60' title='bbox 1463 542 1822 590; x_wconf 82' lang='lat' dir='ltr'><strong>superstruuntur‚</strong></span> 
     </span>
     <span class='ocr_line' id='line_1_15' title="bbox 179 591 1823 641; baseline 0.004 -12"><span class='ocrx_word' id='word_1_61' title='bbox 179 603 457 639; x_wconf 91' lang='lat' dir='ltr'><strong>neqvaqvam</strong></span> <span class='ocrx_word' id='word_1_62' title='bbox 468 597 639 629; x_wconf 90' lang='lat' dir='ltr'><strong>tantum</strong></span> <span class='ocrx_word' id='word_1_63' title='bbox 651 591 814 630; x_wconf 90' lang='lat' dir='ltr'><strong>habere</strong></span> <span class='ocrx_word' id='word_1_64' title='bbox 826 593 1044 639; x_wconf 90' lang='lat' dir='ltr'><strong>ponderis,</strong></span> <span class='ocrx_word' id='word_1_65' title='bbox 1057 600 1186 640; x_wconf 86' lang='lat' dir='ltr'><strong>prout</strong></span> <span class='ocrx_word' id='word_1_66' title='bbox 1195 600 1242 631; x_wconf 95' lang='lat' dir='ltr'><strong>tu</strong></span> <span class='ocrx_word' id='word_1_67' title='bbox 1251 594 1505 641; x_wconf 88' lang='lat' dir='ltr'><strong>persvadere</strong></span> <span class='ocrx_word' id='word_1_68' title='bbox 1518 598 1702 634; x_wconf 89' lang='lat' dir='ltr'><strong>conaris.</strong></span> <span class='ocrx_word' id='word_1_69' title='bbox 1717 597 1823 641; x_wconf 88' lang='lat' dir='ltr'><strong>Imo,</strong></span> 
     </span>
     <span class='ocr_line' id='line_1_16' title="bbox 179 644 1824 692; baseline 0.004 -10"><span class='ocrx_word' id='word_1_70' title='bbox 179 645 293 692; x_wconf 92' lang='lat' dir='ltr'><strong>qvod</strong></span> <span class='ocrx_word' id='word_1_71' title='bbox 310 645 408 692; x_wconf 93' lang='lat' dir='ltr'><strong>plus</strong></span> <span class='ocrx_word' id='word_1_72' title='bbox 425 644 492 689; x_wconf 86' lang='lat' dir='ltr'><strong>est,</strong></span> <span class='ocrx_word' id='word_1_73' title='bbox 513 644 599 692; x_wconf 88' lang='lat' dir='ltr'><strong>ipse</strong></span> <span class='ocrx_word' id='word_1_74' title='bbox 615 645 863 687; x_wconf 87' lang='lat' dir='ltr'><strong>Witichius,</strong></span> <span class='ocrx_word' id='word_1_75' title='bbox 885 657 986 683; x_wconf 92' lang='lat' dir='ltr'><strong>cum</strong></span> <span class='ocrx_word' id='word_1_76' title='bbox 1002 646 1073 683; x_wconf 86' lang='lat' dir='ltr'><strong>hic</strong></span> <span class='ocrx_word' id='word_1_77' title='bbox 1090 647 1255 691; x_wconf 91' lang='lat' dir='ltr'><strong>adesset,</strong></span> <span class='ocrx_word' id='word_1_78' title='bbox 1272 647 1356 685; x_wconf 73' lang='lat' dir='ltr'><strong>istis</strong></span> <span class='ocrx_word' id='word_1_79' title='bbox 1372 649 1824 687; x_wconf 70' lang='lat' dir='ltr'><strong>animadversionibus</strong></span> 
     </span>
     <span class='ocr_line' id='line_1_17' title="bbox 179 697 1822 749; baseline 0.003 -14"><span class='ocrx_word' id='word_1_80' title='bbox 179 709 358 736; x_wconf 91' lang='lat' dir='ltr'><strong>omnem</strong></span> <span class='ocrx_word' id='word_1_81' title='bbox 378 697 511 736; x_wconf 91' lang='lat' dir='ltr'><strong>fidem</strong></span> <span class='ocrx_word' id='word_1_82' title='bbox 531 698 766 745; x_wconf 86' lang='lat' dir='ltr'><strong>derogavit,</strong></span> <span class='ocrx_word' id='word_1_83' title='bbox 789 703 828 736; x_wconf 93' lang='lat' dir='ltr'><strong>et</strong></span> <span class='ocrx_word' id='word_1_84' title='bbox 849 699 924 736; x_wconf 92' lang='lat' dir='ltr'><strong>ubi</strong></span> <span class='ocrx_word' id='word_1_85' title='bbox 943 699 1005 736; x_wconf 89' lang='lat' dir='ltr'><strong>illi</strong></span> <span class='ocrx_word' id='word_1_86' title='bbox 1027 699 1262 746; x_wconf 81' lang='lat' dir='ltr'><strong>obiJ&#39;cerem</strong></span> <span class='ocrx_word' id='word_1_87' title='bbox 1279 700 1517 739; x_wconf 86' lang='lat' dir='ltr'><strong>Scultetum</strong></span> <span class='ocrx_word' id='word_1_88' title='bbox 1539 714 1592 739; x_wconf 86' lang='lat' dir='ltr'><strong>ex</strong></span> <span class='ocrx_word' id='word_1_89' title='bbox 1612 702 1742 749; x_wconf 88' lang='lat' dir='ltr'><strong>ipfius</strong></span> <span class='ocrx_word' id='word_1_90' title='bbox 1761 705 1822 740; x_wconf 91' lang='lat' dir='ltr'><strong>in-</strong></span> 
     </span>
     <span class='ocr_line' id='line_1_18' title="bbox 178 751 1822 803; baseline 0.004 -15"><span class='ocrx_word' id='word_1_91' title='bbox 178 751 440 789; x_wconf 83' lang='lat' dir='ltr'><strong>formatione</strong></span> <span class='ocrx_word' id='word_1_92' title='bbox 462 751 536 789; x_wconf 89' lang='lat' dir='ltr'><strong>ista</strong></span> <span class='ocrx_word' id='word_1_93' title='bbox 556 753 602 788; x_wconf 90' lang='lat' dir='ltr'><strong>in</strong></span> <span class='ocrx_word' id='word_1_94' title='bbox 622 751 818 789; x_wconf 90' lang='lat' dir='ltr'><strong>medium</strong></span> <span class='ocrx_word' id='word_1_95' title='bbox 834 752 1062 798; x_wconf 84' lang='lat' dir='ltr'><strong>protulisse,</strong></span> <span class='ocrx_word' id='word_1_96' title='bbox 1084 752 1170 799; x_wconf 87' lang='lat' dir='ltr'><strong>ipse</strong></span> <span class='ocrx_word' id='word_1_97' title='bbox 1186 752 1262 791; x_wconf 93' lang='lat' dir='ltr'><strong>sua</strong></span> <span class='ocrx_word' id='word_1_98' title='bbox 1279 754 1355 791; x_wconf 88' lang='lat' dir='ltr'><strong>esse</strong></span> <span class='ocrx_word' id='word_1_99' title='bbox 1371 754 1660 799; x_wconf 87' lang='lat' dir='ltr'><strong>inficiabatur,</strong></span> <span class='ocrx_word' id='word_1_100' title='bbox 1682 767 1822 803; x_wconf 88' lang='lat' dir='ltr'><strong>neqve</strong></span> 
     </span>
     <span class='ocr_line' id='line_1_19' title="bbox 178 804 1822 856; baseline 0.003 -14"><span class='ocrx_word' id='word_1_101' title='bbox 178 816 205 842; x_wconf 91' lang='lat' dir='ltr'><strong>a</strong></span> <span class='ocrx_word' id='word_1_102' title='bbox 216 804 406 843; x_wconf 87' lang='lat' dir='ltr'><strong>Sculteto</strong></span> <span class='ocrx_word' id='word_1_103' title='bbox 419 804 517 842; x_wconf 84' lang='lat' dir='ltr'><strong>satis</strong></span> <span class='ocrx_word' id='word_1_104' title='bbox 531 805 702 842; x_wconf 88' lang='lat' dir='ltr'><strong>idoneis</strong></span> <span class='ocrx_word' id='word_1_105' title='bbox 716 804 1008 842; x_wconf 84' lang='lat' dir='ltr'><strong>instrumentis</strong></span> <span class='ocrx_word' id='word_1_106' title='bbox 1022 812 1097 843; x_wconf 90' lang='lat' dir='ltr'><strong>aut</strong></span> <span class='ocrx_word' id='word_1_107' title='bbox 1112 808 1374 853; x_wconf 86' lang='lat' dir='ltr'><strong>competenti</strong></span> <span class='ocrx_word' id='word_1_108' title='bbox 1386 810 1555 846; x_wconf 88' lang='lat' dir='ltr'><strong>ratione</strong></span> <span class='ocrx_word' id='word_1_109' title='bbox 1567 811 1718 846; x_wconf 90' lang='lat' dir='ltr'><strong>omnia</strong></span> <span class='ocrx_word' id='word_1_110' title='bbox 1729 820 1822 856; x_wconf 92' lang='lat' dir='ltr'><strong>per-</strong></span> 
     </span>
     <span class='ocr_line' id='line_1_20' title="bbox 178 856 1823 909; baseline 0.003 -14"><span class='ocrx_word' id='word_1_111' title='bbox 178 856 273 896; x_wconf 67' lang='lat' dir='ltr'><strong>acta</strong></span> <span class='ocrx_word' id='word_1_112' title='bbox 288 858 503 896; x_wconf 88' lang='lat' dir='ltr'><strong>asserebat.</strong></span> <span class='ocrx_word' id='word_1_113' title='bbox 521 857 623 895; x_wconf 87' lang='lat' dir='ltr'><strong>Erat</strong></span> <span class='ocrx_word' id='word_1_114' title='bbox 639 857 929 895; x_wconf 87' lang='lat' dir='ltr'><strong>nihilominus</strong></span> <span class='ocrx_word' id='word_1_115' title='bbox 945 858 1090 896; x_wconf 89' lang='lat' dir='ltr'><strong>adhuc</strong></span> <span class='ocrx_word' id='word_1_116' title='bbox 1104 858 1178 896; x_wconf 89' lang='lat' dir='ltr'><strong>ista</strong></span> <span class='ocrx_word' id='word_1_117' title='bbox 1191 861 1338 897; x_wconf 88' lang='lat' dir='ltr'><strong>minus</strong></span> <span class='ocrx_word' id='word_1_118' title='bbox 1354 860 1482 898; x_wconf 89' lang='lat' dir='ltr'><strong>firma</strong></span> <span class='ocrx_word' id='word_1_119' title='bbox 1498 863 1720 908; x_wconf 89' lang='lat' dir='ltr'><strong>opinione,</strong></span> <span class='ocrx_word' id='word_1_120' title='bbox 1738 873 1823 909; x_wconf 90' lang='lat' dir='ltr'><strong>qva</strong></span> 
     </span>
     <span class='ocr_line' id='line_1_21' title="bbox 178 910 1822 962; baseline 0.003 -14"><span class='ocrx_word' id='word_1_121' title='bbox 178 916 219 948; x_wconf 91' lang='lat' dir='ltr'><strong>et</strong></span> <span class='ocrx_word' id='word_1_122' title='bbox 234 916 292 955; x_wconf 93' lang='lat' dir='ltr'><strong>tu,</strong></span> <span class='ocrx_word' id='word_1_123' title='bbox 310 910 521 962; x_wconf 77' lang='lat' dir='ltr'><strong>imbutus,</strong></span> <span class='ocrx_word' id='word_1_124' title='bbox 531 911 694 948; x_wconf 88' lang='lat' dir='ltr'><strong>coelum</strong></span> <span class='ocrx_word' id='word_1_125' title='bbox 705 910 905 949; x_wconf 91' lang='lat' dir='ltr'><strong>videlicet</strong></span> <span class='ocrx_word' id='word_1_126' title='bbox 915 923 1008 949; x_wconf 92' lang='lat' dir='ltr'><strong>non</strong></span> <span class='ocrx_word' id='word_1_127' title='bbox 1018 913 1210 959; x_wconf 84' lang='lat' dir='ltr'><strong>recipere</strong></span> <span class='ocrx_word' id='word_1_128' title='bbox 1222 924 1339 950; x_wconf 92' lang='lat' dir='ltr'><strong>nova</strong></span> <span class='ocrx_word' id='word_1_129' title='bbox 1351 913 1497 961; x_wconf 90' lang='lat' dir='ltr'><strong>aliqva</strong></span> <span class='ocrx_word' id='word_1_130' title='bbox 1511 914 1822 959; x_wconf 86' lang='lat' dir='ltr'><strong>Phaenomena,</strong></span> 
     </span>
     <span class='ocr_line' id='line_1_22' title="bbox 179 964 1822 1016; baseline 0.002 -14"><span class='ocrx_word' id='word_1_131' title='bbox 179 971 218 1002; x_wconf 89' lang='lat' dir='ltr'><strong>et</strong></span> <span class='ocrx_word' id='word_1_132' title='bbox 230 964 439 1002; x_wconf 89' lang='lat' dir='ltr'><strong>Cometas</strong></span> <span class='ocrx_word' id='word_1_133' title='bbox 456 964 511 1002; x_wconf 93' lang='lat' dir='ltr'><strong>ob</strong></span> <span class='ocrx_word' id='word_1_134' title='bbox 527 964 570 1002; x_wconf 93' lang='lat' dir='ltr'><strong>id</strong></span> <span class='ocrx_word' id='word_1_135' title='bbox 582 976 736 1002; x_wconf 91' lang='lat' dir='ltr'><strong>omnes</strong></span> <span class='ocrx_word' id='word_1_136' title='bbox 747 965 978 1002; x_wconf 88' lang='lat' dir='ltr'><strong>necessario</strong></span> <span class='ocrx_word' id='word_1_137' title='bbox 991 967 1036 1002; x_wconf 92' lang='lat' dir='ltr'><strong>in</strong></span> <span class='ocrx_word' id='word_1_138' title='bbox 1048 967 1148 1003; x_wconf 75' lang='lat' dir='ltr'><strong>aere</strong></span> <span class='ocrx_word' id='word_1_139' title='bbox 1160 965 1370 1013; x_wconf 83' lang='lat' dir='ltr'><strong>superiori</strong></span> <span class='ocrx_word' id='word_1_140' title='bbox 1382 966 1510 1015; x_wconf 87' lang='lat' dir='ltr'><strong>longe</strong></span> <span class='ocrx_word' id='word_1_141' title='bbox 1522 968 1636 1006; x_wconf 84' lang='lat' dir='ltr'><strong>infra</strong></span> <span class='ocrx_word' id='word_1_142' title='bbox 1648 970 1713 1014; x_wconf 64' lang='lat'><strong>(¹¹¹</strong></span> <span class='ocrx_word' id='word_1_143' title='bbox 1726 980 1822 1016; x_wconf 91' lang='lat' dir='ltr'><strong>pro-</strong></span> 
     </span>
     <span class='ocr_line' id='line_1_23' title="bbox 179 1017 1822 1059; baseline 0.003 -5"><span class='ocrx_word' id='word_1_144' title='bbox 179 1019 327 1055; x_wconf 91' lang='lat' dir='ltr'><strong>creari.</strong></span> <span class='ocrx_word' id='word_1_145' title='bbox 344 1017 553 1055; x_wconf 88' lang='lat' dir='ltr'><strong>Attamen</strong></span> <span class='ocrx_word' id='word_1_146' title='bbox 570 1029 670 1055; x_wconf 93' lang='lat' dir='ltr'><strong>cum</strong></span> <span class='ocrx_word' id='word_1_147' title='bbox 686 1017 748 1054; x_wconf 85' lang='lat' dir='ltr'><strong>illi</strong></span> <span class='ocrx_word' id='word_1_148' title='bbox 765 1017 1033 1056; x_wconf 86' lang='lat' dir='ltr'><strong>ostenderem</strong></span> <span class='ocrx_word' id='word_1_149' title='bbox 1044 1020 1090 1056; x_wconf 88' lang='lat' dir='ltr'><strong>in</strong></span> <span class='ocrx_word' id='word_1_150' title='bbox 1102 1018 1279 1057; x_wconf 88' lang='lat' dir='ltr'><strong>Sculteti</strong></span> <span class='ocrx_word' id='word_1_151' title='bbox 1290 1021 1696 1059; x_wconf 89' lang='lat' dir='ltr'><strong>ratiocinationibus</strong></span> <span class='ocrx_word' id='word_1_152' title='bbox 1712 1022 1822 1059; x_wconf 91' lang='lat' dir='ltr'><strong>mul-</strong></span> 
     </span>
     <span class='ocr_line' id='line_1_24' title="bbox 176 1070 1821 1119; baseline 0.003 -11"><span class='ocrx_word' id='word_1_153' title='bbox 176 1070 367 1118; x_wconf 90' lang='lat' dir='ltr'><strong>tiplicem</strong></span> <span class='ocrx_word' id='word_1_154' title='bbox 382 1070 517 1108; x_wconf 89' lang='lat' dir='ltr'><strong>latere</strong></span> <span class='ocrx_word' id='word_1_155' title='bbox 533 1070 898 1115; x_wconf 88' lang='lat' dir='ltr'><strong>insufficientiam,</strong></span> <span class='ocrx_word' id='word_1_156' title='bbox 917 1076 956 1108; x_wconf 91' lang='lat' dir='ltr'><strong>et</strong></span> <span class='ocrx_word' id='word_1_157' title='bbox 972 1071 1082 1109; x_wconf 87' lang='lat' dir='ltr'><strong>alios</strong></span> <span class='ocrx_word' id='word_1_158' title='bbox 1100 1074 1243 1116; x_wconf 90' lang='lat' dir='ltr'><strong>etiam,</strong></span> <span class='ocrx_word' id='word_1_159' title='bbox 1262 1074 1333 1119; x_wconf 88' lang='lat' dir='ltr'><strong>qvi</strong></span> <span class='ocrx_word' id='word_1_160' title='bbox 1347 1073 1578 1112; x_wconf 90' lang='lat' dir='ltr'><strong>Cometam</strong></span> <span class='ocrx_word' id='word_1_161' title='bbox 1595 1074 1713 1112; x_wconf 88' lang='lat' dir='ltr'><strong>hunc</strong></span> <span class='ocrx_word' id='word_1_162' title='bbox 1729 1074 1821 1113; x_wconf 86' lang='lat' dir='ltr'><strong>sub-</strong></span> 
     </span>
     <span class='ocr_line' id='line_1_25' title="bbox 176 1123 1824 1176; baseline 0.003 -15"><span class='ocrx_word' id='word_1_163' title='bbox 176 1124 379 1162; x_wconf 89' lang='lat' dir='ltr'><strong>lunarem</strong></span> <span class='ocrx_word' id='word_1_164' title='bbox 388 1123 626 1167; x_wconf 87' lang='lat' dir='ltr'><strong>statuissent,</strong></span> <span class='ocrx_word' id='word_1_165' title='bbox 634 1129 724 1161; x_wconf 91' lang='lat' dir='ltr'><strong>toto</strong></span> <span class='ocrx_word' id='word_1_166' title='bbox 735 1124 848 1162; x_wconf 86' lang='lat' dir='ltr'><strong>coelo</strong></span> <span class='ocrx_word' id='word_1_167' title='bbox 858 1124 1039 1162; x_wconf 87' lang='lat' dir='ltr'><strong>deviasse</strong></span> <span class='ocrx_word' id='word_1_168' title='bbox 1050 1130 1177 1172; x_wconf 88' lang='lat' dir='ltr'><strong>atqve</strong></span> <span class='ocrx_word' id='word_1_169' title='bbox 1188 1137 1241 1163; x_wconf 83' lang='lat' dir='ltr'><strong>ex</strong></span> <span class='ocrx_word' id='word_1_170' title='bbox 1249 1126 1466 1171; x_wconf 90' lang='lat' dir='ltr'><strong>omnibus,</strong></span> <span class='ocrx_word' id='word_1_171' title='bbox 1475 1139 1662 1174; x_wconf 90' lang='lat' dir='ltr'><strong>qvorum</strong></span> <span class='ocrx_word' id='word_1_172' title='bbox 1671 1127 1824 1176; x_wconf 88' lang='lat' dir='ltr'><strong>scripta</strong></span> 
     </span>
     <span class='ocr_line' id='line_1_26' title="bbox 177 1177 1824 1227; baseline 0.003 -13"><span class='ocrx_word' id='word_1_173' title='bbox 177 1177 291 1215; x_wconf 93' lang='lat' dir='ltr'><strong>edita</strong></span> <span class='ocrx_word' id='word_1_174' title='bbox 307 1182 442 1219; x_wconf 84' lang='lat' dir='ltr'><strong>erant.</strong></span> <span class='ocrx_word' id='word_1_175' title='bbox 459 1179 684 1215; x_wconf 90' lang='lat' dir='ltr'><strong>neminem</strong></span> <span class='ocrx_word' id='word_1_176' title='bbox 699 1179 879 1224; x_wconf 89' lang='lat' dir='ltr'><strong>propius</strong></span> <span class='ocrx_word' id='word_1_177' title='bbox 897 1177 1099 1216; x_wconf 89' lang='lat' dir='ltr'><strong>Veritatis</strong></span> <span class='ocrx_word' id='word_1_178' title='bbox 1116 1178 1293 1226; x_wconf 87' lang='lat' dir='ltr'><strong>scopum</strong></span> <span class='ocrx_word' id='word_1_179' title='bbox 1309 1181 1493 1227; x_wconf 89' lang='lat' dir='ltr'><strong>attigisse‚</strong></span> <span class='ocrx_word' id='word_1_180' title='bbox 1511 1192 1643 1227; x_wconf 89' lang='lat' dir='ltr'><strong>qvam</strong></span> <span class='ocrx_word' id='word_1_181' title='bbox 1660 1181 1722 1219; x_wconf 90' lang='lat' dir='ltr'><strong>M.</strong></span> <span class='ocrx_word' id='word_1_182' title='bbox 1740 1181 1824 1219; x_wconf 90' lang='lat' dir='ltr'><strong>Mi-</strong></span> 
     </span>
     <span class='ocr_line' id='line_1_27' title="bbox 176 1229 1823 1279; baseline 0.003 -12"><span class='ocrx_word' id='word_1_183' title='bbox 176 1229 375 1268; x_wconf 70' lang='lat' dir='ltr'><strong>chaelem</strong></span> <span class='ocrx_word' id='word_1_184' title='bbox 392 1230 711 1274; x_wconf 83' lang='lat' dir='ltr'><strong>Maesthlinum;</strong></span> <span class='ocrx_word' id='word_1_185' title='bbox 733 1233 859 1277; x_wconf 84' lang='lat' dir='ltr'><strong>caepit</strong></span> <span class='ocrx_word' id='word_1_186' title='bbox 879 1232 914 1268; x_wconf 91' lang='lat' dir='ltr'><strong>is</strong></span> <span class='ocrx_word' id='word_1_187' title='bbox 935 1233 1128 1278; x_wconf 90' lang='lat' dir='ltr'><strong>primum</strong></span> <span class='ocrx_word' id='word_1_188' title='bbox 1149 1232 1201 1270; x_wconf 90' lang='lat' dir='ltr'><strong>de</strong></span> <span class='ocrx_word' id='word_1_189' title='bbox 1223 1234 1367 1279; x_wconf 90' lang='lat' dir='ltr'><strong>priore</strong></span> <span class='ocrx_word' id='word_1_190' title='bbox 1384 1233 1594 1271; x_wconf 86' lang='lat' dir='ltr'><strong>sententia</strong></span> <span class='ocrx_word' id='word_1_191' title='bbox 1614 1234 1823 1278; x_wconf 87' lang='lat' dir='ltr'><strong>haefitare,</strong></span> 
     </span>
     <span class='ocr_line' id='line_1_28' title="bbox 176 1283 1824 1335; baseline 0.002 -14"><span class='ocrx_word' id='word_1_192' title='bbox 176 1283 451 1330; x_wconf 83' lang='lat' dir='ltr'><strong>postmodum</strong></span> <span class='ocrx_word' id='word_1_193' title='bbox 461 1295 567 1321; x_wconf 89' lang='lat' dir='ltr'><strong>vero</strong></span> <span class='ocrx_word' id='word_1_194' title='bbox 581 1295 680 1321; x_wconf 88' lang='lat' dir='ltr'><strong>eam</strong></span> <span class='ocrx_word' id='word_1_195' title='bbox 696 1283 868 1331; x_wconf 90' lang='lat' dir='ltr'><strong>prorsus</strong></span> <span class='ocrx_word' id='word_1_196' title='bbox 885 1284 970 1332; x_wconf 90' lang='lat' dir='ltr'><strong>abij</strong></span> <span class='ocrx_word' id='word_1_197' title='bbox 977 1296 1085 1328; x_wconf 90' lang='lat' dir='ltr'><strong>cere,</strong></span> <span class='ocrx_word' id='word_1_198' title='bbox 1102 1285 1339 1332; x_wconf 83' lang='lat' dir='ltr'><strong>praesertim</strong></span> <span class='ocrx_word' id='word_1_199' title='bbox 1352 1297 1450 1323; x_wconf 91' lang='lat' dir='ltr'><strong>cum</strong></span> <span class='ocrx_word' id='word_1_200' title='bbox 1464 1289 1510 1324; x_wconf 93' lang='lat' dir='ltr'><strong>in</strong></span> <span class='ocrx_word' id='word_1_201' title='bbox 1522 1287 1708 1325; x_wconf 90' lang='lat' dir='ltr'><strong>Cometa</strong></span> <span class='ocrx_word' id='word_1_202' title='bbox 1721 1299 1824 1335; x_wconf 93' lang='lat' dir='ltr'><strong>qvo-</strong></span> 
     </span>
     <span class='ocr_line' id='line_1_29' title="bbox 176 1337 1825 1387; baseline 0.003 -13"><span class='ocrx_word' id='word_1_203' title='bbox 176 1337 278 1374; x_wconf 89' lang='lat' dir='ltr'><strong>dam</strong></span> <span class='ocrx_word' id='word_1_204' title='bbox 301 1337 402 1380; x_wconf 89' lang='lat' dir='ltr'><strong>alio,</strong></span> <span class='ocrx_word' id='word_1_205' title='bbox 426 1339 498 1384; x_wconf 86' lang='lat' dir='ltr'><strong>qvi</strong></span> <span class='ocrx_word' id='word_1_206' title='bbox 519 1337 676 1375; x_wconf 89' lang='lat' dir='ltr'><strong>eodem</strong></span> <span class='ocrx_word' id='word_1_207' title='bbox 698 1342 907 1384; x_wconf 90' lang='lat' dir='ltr'><strong>tempore,</strong></span> <span class='ocrx_word' id='word_1_208' title='bbox 932 1339 977 1375; x_wconf 89' lang='lat' dir='ltr'><strong>in</strong></span> <span class='ocrx_word' id='word_1_209' title='bbox 997 1337 1085 1376; x_wconf 91' lang='lat' dir='ltr'><strong>fine</strong></span> <span class='ocrx_word' id='word_1_210' title='bbox 1106 1339 1305 1376; x_wconf 84' lang='lat' dir='ltr'><strong>videlicet</strong></span> <span class='ocrx_word' id='word_1_211' title='bbox 1326 1340 1447 1377; x_wconf 87' lang='lat' dir='ltr'><strong>Anni</strong></span> <span class='ocrx_word' id='word_1_212' title='bbox 1467 1340 1530 1383; x_wconf 87' lang='lat'><strong>80,</strong></span> <span class='ocrx_word' id='word_1_213' title='bbox 1555 1341 1732 1387; x_wconf 87' lang='lat' dir='ltr'><strong>qvando</strong></span> <span class='ocrx_word' id='word_1_214' title='bbox 1753 1340 1825 1379; x_wconf 83' lang='lat' dir='ltr'><strong>hic</strong></span> 
     </span>
     <span class='ocr_line' id='line_1_30' title="bbox 175 1389 1823 1438; baseline 0.003 -11"><span class='ocrx_word' id='word_1_215' title='bbox 175 1390 247 1428; x_wconf 88' lang='lat' dir='ltr'><strong>ille</strong></span> <span class='ocrx_word' id='word_1_216' title='bbox 259 1390 408 1435; x_wconf 89' lang='lat' dir='ltr'><strong>adfuit,</strong></span> <span class='ocrx_word' id='word_1_217' title='bbox 426 1390 641 1433; x_wconf 83' lang='lat' dir='ltr'><strong>illuxerat,</strong></span> <span class='ocrx_word' id='word_1_218' title='bbox 659 1402 712 1428; x_wconf 86' lang='lat' dir='ltr'><strong>ex</strong></span> <span class='ocrx_word' id='word_1_219' title='bbox 724 1389 1098 1429; x_wconf 86' lang='lat' dir='ltr'><strong>observationibus</strong></span> <span class='ocrx_word' id='word_1_220' title='bbox 1110 1403 1187 1438; x_wconf 84' lang='lat' dir='ltr'><strong>per</strong></span> <span class='ocrx_word' id='word_1_221' title='bbox 1198 1403 1299 1430; x_wconf 90' lang='lat' dir='ltr'><strong>mea</strong></span> <span class='ocrx_word' id='word_1_222' title='bbox 1311 1392 1598 1431; x_wconf 85' lang='lat' dir='ltr'><strong>Instrumenta</strong></span> <span class='ocrx_word' id='word_1_223' title='bbox 1610 1396 1655 1431; x_wconf 91' lang='lat' dir='ltr'><strong>in</strong></span> <span class='ocrx_word' id='word_1_224' title='bbox 1668 1394 1823 1432; x_wconf 91' lang='lat' dir='ltr'><strong>eodem</strong></span> 
     </span>
     <span class='ocr_line' id='line_1_31' title="bbox 173 1442 1824 1492; baseline 0.003 -12"><span class='ocrx_word' id='word_1_225' title='bbox 173 1442 295 1482; x_wconf 67' lang='lat' dir='ltr'><strong>factis</strong></span> <span class='ocrx_word' id='word_1_226' title='bbox 318 1443 625 1481; x_wconf 88' lang='lat' dir='ltr'><strong>evidentissime</strong></span> <span class='ocrx_word' id='word_1_227' title='bbox 648 1443 764 1490; x_wconf 88' lang='lat' dir='ltr'><strong>seqvi</strong></span> <span class='ocrx_word' id='word_1_228' title='bbox 785 1444 962 1488; x_wconf 81' lang='lat' dir='ltr'><strong>videret,</strong></span> <span class='ocrx_word' id='word_1_229' title='bbox 987 1456 1089 1482; x_wconf 88' lang='lat' dir='ltr'><strong>eum</strong></span> <span class='ocrx_word' id='word_1_230' title='bbox 1112 1447 1157 1482; x_wconf 91' lang='lat' dir='ltr'><strong>in</strong></span> <span class='ocrx_word' id='word_1_231' title='bbox 1181 1445 1401 1492; x_wconf 87' lang='lat' dir='ltr'><strong>profundo</strong></span> <span class='ocrx_word' id='word_1_232' title='bbox 1425 1446 1587 1484; x_wconf 84' lang='lat' dir='ltr'><strong>aethere</strong></span> <span class='ocrx_word' id='word_1_233' title='bbox 1611 1447 1729 1485; x_wconf 89' lang='lat' dir='ltr'><strong>sedes</strong></span> <span class='ocrx_word' id='word_1_234' title='bbox 1749 1447 1824 1485; x_wconf 88' lang='lat' dir='ltr'><strong>fibi</strong></span> 
     </span>
     <span class='ocr_line' id='line_1_32' title="bbox 175 1496 1824 1546; baseline 0.002 -12"><span class='ocrx_word' id='word_1_235' title='bbox 175 1496 379 1545; x_wconf 87' lang='lat' dir='ltr'><strong>delegisse,</strong></span> <span class='ocrx_word' id='word_1_236' title='bbox 406 1502 446 1534; x_wconf 92' lang='lat' dir='ltr'><strong>et</strong></span> <span class='ocrx_word' id='word_1_237' title='bbox 470 1508 750 1544; x_wconf 86' lang='lat' dir='ltr'><strong>neqvaqvam</strong></span> <span class='ocrx_word' id='word_1_238' title='bbox 773 1499 819 1534; x_wconf 87' lang='lat' dir='ltr'><strong>in</strong></span> <span class='ocrx_word' id='word_1_239' title='bbox 843 1497 1110 1536; x_wconf 87' lang='lat' dir='ltr'><strong>Elementari</strong></span> <span class='ocrx_word' id='word_1_240' title='bbox 1135 1501 1325 1546; x_wconf 86' lang='lat' dir='ltr'><strong>regione,</strong></span> <span class='ocrx_word' id='word_1_241' title='bbox 1352 1499 1559 1546; x_wconf 86' lang='lat' dir='ltr'><strong>fiqvidem</strong></span> <span class='ocrx_word' id='word_1_242' title='bbox 1583 1500 1824 1538; x_wconf 87' lang='lat' dir='ltr'><strong>Parallaxis</strong></span> 
     </span>
     <span class='ocr_line' id='line_1_33' title="bbox 175 1550 1824 1601; baseline 0.002 -14"><span class='ocrx_word' id='word_1_243' title='bbox 175 1551 269 1598; x_wconf 91' lang='lat' dir='ltr'><strong>ejus</strong></span> <span class='ocrx_word' id='word_1_244' title='bbox 289 1550 510 1588; x_wconf 88' lang='lat' dir='ltr'><strong>multoties</strong></span> <span class='ocrx_word' id='word_1_245' title='bbox 532 1550 770 1598; x_wconf 85' lang='lat' dir='ltr'><strong>explorata,</strong></span> <span class='ocrx_word' id='word_1_246' title='bbox 795 1562 887 1588; x_wconf 90' lang='lat' dir='ltr'><strong>non</strong></span> <span class='ocrx_word' id='word_1_247' title='bbox 909 1553 1040 1589; x_wconf 90' lang='lat' dir='ltr'><strong>etiam</strong></span> <span class='ocrx_word' id='word_1_248' title='bbox 1060 1551 1255 1599; x_wconf 65' lang='lat' dir='ltr'><strong>neglecta</strong></span> <span class='ocrx_word' id='word_1_249' title='bbox 1275 1556 1420 1590; x_wconf 86' lang='lat' dir='ltr'><strong>motus</strong></span> <span class='ocrx_word' id='word_1_250' title='bbox 1442 1555 1604 1601; x_wconf 90' lang='lat' dir='ltr'><strong>proprij</strong></span> <span class='ocrx_word' id='word_1_251' title='bbox 1630 1553 1824 1600; x_wconf 89' lang='lat' dir='ltr'><strong>implica-</strong></span> 
     </span>
     <span class='ocr_line' id='line_1_34' title="bbox 173 1603 1822 1652; baseline 0.002 -11"><span class='ocrx_word' id='word_1_252' title='bbox 173 1605 304 1648; x_wconf 90' lang='lat' dir='ltr'><strong>tione,</strong></span> <span class='ocrx_word' id='word_1_253' title='bbox 326 1603 396 1641; x_wconf 92' lang='lat' dir='ltr'><strong>vel</strong></span> <span class='ocrx_word' id='word_1_254' title='bbox 416 1603 540 1641; x_wconf 90' lang='lat' dir='ltr'><strong>nulla</strong></span> <span class='ocrx_word' id='word_1_255' title='bbox 560 1604 630 1641; x_wconf 88' lang='lat' dir='ltr'><strong>vel</strong></span> <span class='ocrx_word' id='word_1_256' title='bbox 650 1603 823 1650; x_wconf 87' lang='lat' dir='ltr'><strong>prorsus</strong></span> <span class='ocrx_word' id='word_1_257' title='bbox 847 1603 1100 1642; x_wconf 81' lang='lat' dir='ltr'><strong>insensibilis</strong></span> <span class='ocrx_word' id='word_1_258' title='bbox 1123 1606 1338 1649; x_wconf 85' lang='lat' dir='ltr'><strong>evaderet,</strong></span> <span class='ocrx_word' id='word_1_259' title='bbox 1362 1606 1736 1652; x_wconf 90' lang='lat' dir='ltr'><strong>qvemadmodum</strong></span> <span class='ocrx_word' id='word_1_260' title='bbox 1760 1619 1822 1645; x_wconf 90' lang='lat' dir='ltr'><strong>re-</strong></span> 
     </span>
     <span class='ocr_line' id='line_1_35' title="bbox 173 1656 1823 1707; baseline 0.002 -13"><span class='ocrx_word' id='word_1_261' title='bbox 173 1656 320 1695; x_wconf 90' lang='lat' dir='ltr'><strong>versus</strong></span> <span class='ocrx_word' id='word_1_262' title='bbox 337 1657 392 1695; x_wconf 91' lang='lat' dir='ltr'><strong>ad</strong></span> <span class='ocrx_word' id='word_1_263' title='bbox 408 1656 537 1704; x_wconf 89' lang='lat' dir='ltr'><strong>supra</strong></span> <span class='ocrx_word' id='word_1_264' title='bbox 552 1659 833 1695; x_wconf 88' lang='lat' dir='ltr'><strong>nominatum</strong></span> <span class='ocrx_word' id='word_1_265' title='bbox 849 1657 1096 1695; x_wconf 87' lang='lat' dir='ltr'><strong>Dominum</strong></span> <span class='ocrx_word' id='word_1_266' title='bbox 1113 1659 1356 1697; x_wconf 85' lang='lat' dir='ltr'><strong>Andraeam</strong></span> <span class='ocrx_word' id='word_1_267' title='bbox 1373 1659 1618 1704; x_wconf 87' lang='lat' dir='ltr'><strong>Duditium,</strong></span> <span class='ocrx_word' id='word_1_268' title='bbox 1639 1662 1711 1707; x_wconf 89' lang='lat' dir='ltr'><strong>qvi</strong></span> <span class='ocrx_word' id='word_1_269' title='bbox 1727 1661 1823 1698; x_wconf 93' lang='lat' dir='ltr'><strong>Ari-</strong></span> 
     </span>
     <span class='ocr_line' id='line_1_36' title="bbox 173 1709 1823 1760; baseline 0.002 -12"><span class='ocrx_word' id='word_1_270' title='bbox 173 1709 409 1749; x_wconf 86' lang='lat' dir='ltr'><strong>stotelicam</strong></span> <span class='ocrx_word' id='word_1_271' title='bbox 434 1710 510 1748; x_wconf 90' lang='lat' dir='ltr'><strong>diu</strong></span> <span class='ocrx_word' id='word_1_272' title='bbox 534 1712 579 1748; x_wconf 91' lang='lat' dir='ltr'><strong>in</strong></span> <span class='ocrx_word' id='word_1_273' title='bbox 606 1710 895 1748; x_wconf 88' lang='lat' dir='ltr'><strong>Cometarum</strong></span> <span class='ocrx_word' id='word_1_274' title='bbox 919 1712 1297 1758; x_wconf 89' lang='lat' dir='ltr'><strong>procreationibus</strong></span> <span class='ocrx_word' id='word_1_275' title='bbox 1322 1718 1542 1760; x_wconf 88' lang='lat' dir='ltr'><strong>receptam</strong></span> <span class='ocrx_word' id='word_1_276' title='bbox 1567 1713 1823 1752; x_wconf 89' lang='lat' dir='ltr'><strong>sententiam</strong></span> 
     </span>
     <span class='ocr_line' id='line_1_37' title="bbox 173 1763 1823 1812; baseline 0.002 -11"><span class='ocrx_word' id='word_1_277' title='bbox 173 1763 342 1802; x_wconf 85' lang='lat' dir='ltr'><strong>strenue</strong></span> <span class='ocrx_word' id='word_1_278' title='bbox 363 1769 506 1804; x_wconf 82' lang='lat' dir='ltr'><strong>antea.</strong></span> <span class='ocrx_word' id='word_1_279' title='bbox 523 1763 552 1801; x_wconf 87' lang='lat' dir='ltr'>fi</span> <span class='ocrx_word' id='word_1_280' title='bbox 569 1766 662 1811; x_wconf 83' lang='lat' dir='ltr'><strong>qvis</strong></span> <span class='ocrx_word' id='word_1_281' title='bbox 684 1764 809 1808; x_wconf 88' lang='lat' dir='ltr'><strong>alius,</strong></span> <span class='ocrx_word' id='word_1_282' title='bbox 832 1765 1148 1812; x_wconf 88' lang='lat' dir='ltr'><strong>propugnabat,</strong></span> <span class='ocrx_word' id='word_1_283' title='bbox 1171 1765 1379 1804; x_wconf 90' lang='lat' dir='ltr'><strong>Cometas</strong></span> <span class='ocrx_word' id='word_1_284' title='bbox 1395 1768 1441 1804; x_wconf 93' lang='lat' dir='ltr'><strong>in</strong></span> <span class='ocrx_word' id='word_1_285' title='bbox 1456 1766 1626 1804; x_wconf 88' lang='lat' dir='ltr'><strong>summo</strong></span> <span class='ocrx_word' id='word_1_286' title='bbox 1642 1766 1823 1805; x_wconf 89' lang='lat' dir='ltr'><strong>AEthere</strong></span> 
     </span>
     <span class='ocr_line' id='line_1_38' title="bbox 174 1816 1823 1864; baseline 0.002 -10"><span class='ocrx_word' id='word_1_287' title='bbox 174 1816 347 1861; x_wconf 87' lang='lat' dir='ltr'><strong>versari,</strong></span> <span class='ocrx_word' id='word_1_288' title='bbox 371 1817 441 1855; x_wconf 92' lang='lat' dir='ltr'><strong>vel</strong></span> <span class='ocrx_word' id='word_1_289' title='bbox 464 1829 517 1854; x_wconf 85' lang='lat' dir='ltr'><strong>ex</strong></span> <span class='ocrx_word' id='word_1_290' title='bbox 542 1816 626 1854; x_wconf 92' lang='lat' dir='ltr'><strong>hoc</strong></span> <span class='ocrx_word' id='word_1_291' title='bbox 648 1816 751 1860; x_wconf 90' lang='lat' dir='ltr'><strong>solo,</strong></span> <span class='ocrx_word' id='word_1_292' title='bbox 778 1818 893 1864; x_wconf 88' lang='lat' dir='ltr'><strong>qvod</strong></span> <span class='ocrx_word' id='word_1_293' title='bbox 919 1829 1020 1855; x_wconf 90' lang='lat' dir='ltr'><strong>eum</strong></span> <span class='ocrx_word' id='word_1_294' title='bbox 1047 1820 1169 1856; x_wconf 91' lang='lat' dir='ltr'><strong>omni</strong></span> <span class='ocrx_word' id='word_1_295' title='bbox 1192 1819 1411 1857; x_wconf 86' lang='lat' dir='ltr'><strong>Parallaxi</strong></span> <span class='ocrx_word' id='word_1_296' title='bbox 1436 1819 1694 1864; x_wconf 90' lang='lat' dir='ltr'><strong>destitutum,</strong></span> <span class='ocrx_word' id='word_1_297' title='bbox 1722 1832 1823 1858; x_wconf 89' lang='lat' dir='ltr'><strong>cum</strong></span> 
     </span>
     <span class='ocr_line' id='line_1_39' title="bbox 175 1870 1822 1921; baseline 0.003 -14"><span class='ocrx_word' id='word_1_298' title='bbox 175 1881 349 1908; x_wconf 89' lang='lat' dir='ltr'><strong>mecum</strong></span> <span class='ocrx_word' id='word_1_299' title='bbox 366 1871 471 1914; x_wconf 88' lang='lat' dir='ltr'><strong>esset,</strong></span> <span class='ocrx_word' id='word_1_300' title='bbox 493 1870 789 1908; x_wconf 88' lang='lat' dir='ltr'><strong>indubitanter</strong></span> <span class='ocrx_word' id='word_1_301' title='bbox 805 1871 1186 1915; x_wconf 86' lang='lat' dir='ltr'><strong>animadverterat,</strong></span> <span class='ocrx_word' id='word_1_302' title='bbox 1208 1872 1270 1910; x_wconf 91' lang='lat' dir='ltr'><strong>illi</strong></span> <span class='ocrx_word' id='word_1_303' title='bbox 1291 1872 1503 1919; x_wconf 84' lang='lat' dir='ltr'><strong>persvafit.</strong></span> <span class='ocrx_word' id='word_1_304' title='bbox 1524 1874 1667 1920; x_wconf 88' lang='lat' dir='ltr'><strong>Atqve</strong></span> <span class='ocrx_word' id='word_1_305' title='bbox 1688 1873 1822 1921; x_wconf 90' lang='lat' dir='ltr'><strong>hujus</strong></span> 
     </span>
     <span class='ocr_line' id='line_1_40' title="bbox 175 1922 1821 1975; baseline 0.003 -15"><span class='ocrx_word' id='word_1_306' title='bbox 175 1925 238 1961; x_wconf 90' lang='lat' dir='ltr'><strong>rei</strong></span> <span class='ocrx_word' id='word_1_307' title='bbox 258 1923 368 1961; x_wconf 89' lang='lat' dir='ltr'><strong>testis</strong></span> <span class='ocrx_word' id='word_1_308' title='bbox 389 1924 465 1961; x_wconf 91' lang='lat' dir='ltr'><strong>esse</strong></span> <span class='ocrx_word' id='word_1_309' title='bbox 486 1923 619 1971; x_wconf 88' lang='lat' dir='ltr'><strong>potest</strong></span> <span class='ocrx_word' id='word_1_310' title='bbox 639 1922 853 1961; x_wconf 69' lang='lat' dir='ltr'><strong>succincta</strong></span> <span class='ocrx_word' id='word_1_311' title='bbox 873 1924 948 1962; x_wconf 90' lang='lat' dir='ltr'><strong>illa</strong></span> <span class='ocrx_word' id='word_1_312' title='bbox 967 1930 1095 1972; x_wconf 89' lang='lat' dir='ltr'><strong>atqve</strong></span> <span class='ocrx_word' id='word_1_313' title='bbox 1113 1925 1282 1963; x_wconf 88' lang='lat' dir='ltr'><strong>erudita</strong></span> <span class='ocrx_word' id='word_1_314' title='bbox 1298 1922 1312 1975; x_wconf 92' lang='grc' dir='ltr'><strong>ΙΙ</strong></span> <span class='ocrx_word' id='word_1_315' title='bbox 1329 1925 1544 1970; x_wconf 84' lang='lat' dir='ltr'><strong>Praefatio,</strong></span> <span class='ocrx_word' id='word_1_316' title='bbox 1567 1938 1700 1973; x_wconf 87' lang='lat' dir='ltr'><strong>qvam</strong></span> <span class='ocrx_word' id='word_1_317' title='bbox 1716 1927 1821 1966; x_wconf 92' lang='lat' dir='ltr'><strong>DU-</strong></span> 
     </span>
     <span class='ocr_line' id='line_1_41' title="bbox 176 1976 1822 2027; baseline 0.002 -13"><span class='ocrx_word' id='word_1_318' title='bbox 176 1976 374 2015; x_wconf 92' lang='lat' dir='ltr'>DITIUS</span> <span class='ocrx_word' id='word_1_319' title='bbox 385 1989 490 2015; x_wconf 87' lang='lat' dir='ltr'><strong>mox</strong></span> <span class='ocrx_word' id='word_1_320' title='bbox 502 1977 957 2015; x_wconf 90' lang='lat' dir='ltr'><strong>libelloTHADDAEI</strong></span> <span class='ocrx_word' id='word_1_321' title='bbox 970 1978 1273 2024; x_wconf 86' lang='lat' dir='ltr'><strong>HAGGECIJ</strong></span> <span class='ocrx_word' id='word_1_322' title='bbox 1286 1980 1339 2016; x_wconf 93' lang='lat' dir='ltr'><strong>de</strong></span> <span class='ocrx_word' id='word_1_323' title='bbox 1352 1980 1508 2017; x_wconf 89' lang='lat' dir='ltr'><strong>eodem</strong></span> <span class='ocrx_word' id='word_1_324' title='bbox 1518 1980 1704 2018; x_wconf 85' lang='lat' dir='ltr'><strong>Cometa</strong></span> <span class='ocrx_word' id='word_1_325' title='bbox 1713 1992 1822 2027; x_wconf 85' lang='lat' dir='ltr'><strong>prae-</strong></span> 
     </span>
     <span class='ocr_line' id='line_1_42' title="bbox 174 2028 1822 2080; baseline 0.002 -13"><span class='ocrx_word' id='word_1_326' title='bbox 174 2028 278 2074; x_wconf 86' lang='lat' dir='ltr'><strong>fixit,</strong></span> <span class='ocrx_word' id='word_1_327' title='bbox 296 2033 341 2068; x_wconf 93' lang='lat' dir='ltr'><strong>in</strong></span> <span class='ocrx_word' id='word_1_328' title='bbox 358 2042 442 2077; x_wconf 87' lang='lat' dir='ltr'><strong>qva</strong></span> <span class='ocrx_word' id='word_1_329' title='bbox 454 2030 625 2068; x_wconf 91' lang='lat' dir='ltr'><strong>nullam</strong></span> <span class='ocrx_word' id='word_1_330' title='bbox 636 2030 712 2077; x_wconf 86' lang='lat' dir='ltr'><strong>ipfi</strong></span> <span class='ocrx_word' id='word_1_331' title='bbox 724 2030 898 2068; x_wconf 83' lang='lat' dir='ltr'><strong>adfuisse</strong></span> <span class='ocrx_word' id='word_1_332' title='bbox 911 2031 1162 2069; x_wconf 83' lang='lat' dir='ltr'><strong>Parallaxin</strong></span> <span class='ocrx_word' id='word_1_333' title='bbox 1174 2043 1227 2070; x_wconf 86' lang='lat' dir='ltr'><strong>ex</strong></span> <span class='ocrx_word' id='word_1_334' title='bbox 1238 2034 1360 2076; x_wconf 90' lang='lat' dir='ltr'><strong>meis,</strong></span> <span class='ocrx_word' id='word_1_335' title='bbox 1377 2033 1586 2080; x_wconf 84' lang='lat' dir='ltr'><strong>praesente</strong></span> <span class='ocrx_word' id='word_1_336' title='bbox 1598 2033 1822 2078; x_wconf 90' lang='lat' dir='ltr'><strong>Witichio,</strong></span> 
     </span>
     <span class='ocr_line' id='line_1_43' title="bbox 174 2083 1821 2134; baseline 0.002 -13"><span class='ocrx_word' id='word_1_337' title='bbox 174 2084 219 2120; x_wconf 92' lang='lat' dir='ltr'><strong>in</strong></span> <span class='ocrx_word' id='word_1_338' title='bbox 242 2083 392 2121; x_wconf 90' lang='lat' dir='ltr'><strong>Dania</strong></span> <span class='ocrx_word' id='word_1_339' title='bbox 414 2083 535 2122; x_wconf 63' lang='lat' dir='ltr'><strong>factis</strong></span> <span class='ocrx_word' id='word_1_340' title='bbox 558 2083 932 2122; x_wconf 85' lang='lat' dir='ltr'><strong>observationibus</strong></span> <span class='ocrx_word' id='word_1_341' title='bbox 955 2085 1122 2131; x_wconf 86' lang='lat' dir='ltr'><strong>probat,</strong></span> <span class='ocrx_word' id='word_1_342' title='bbox 1147 2091 1186 2123; x_wconf 90' lang='lat' dir='ltr'><strong>et</strong></span> <span class='ocrx_word' id='word_1_343' title='bbox 1211 2097 1263 2123; x_wconf 85' lang='lat' dir='ltr'><strong>ex</strong></span> <span class='ocrx_word' id='word_1_344' title='bbox 1287 2087 1470 2130; x_wconf 84' lang='lat' dir='ltr'><strong>duabus,</strong></span> <span class='ocrx_word' id='word_1_345' title='bbox 1495 2098 1602 2134; x_wconf 90' lang='lat' dir='ltr'><strong>qvas</strong></span> <span class='ocrx_word' id='word_1_346' title='bbox 1626 2089 1746 2134; x_wconf 91' lang='lat' dir='ltr'><strong>prius</strong></span> <span class='ocrx_word' id='word_1_347' title='bbox 1769 2088 1821 2125; x_wconf 91' lang='lat' dir='ltr'><strong>de</strong></span> 
     </span>
     <span class='ocr_line' id='line_1_44' title="bbox 175 2136 1822 2185; baseline 0.002 -11"><span class='ocrx_word' id='word_1_348' title='bbox 175 2136 361 2175; x_wconf 87' lang='lat' dir='ltr'><strong>Cometa</strong></span> <span class='ocrx_word' id='word_1_349' title='bbox 381 2136 561 2181; x_wconf 87' lang='lat' dir='ltr'><strong>foverat,</strong></span> <span class='ocrx_word' id='word_1_350' title='bbox 583 2137 879 2184; x_wconf 87' lang='lat' dir='ltr'><strong>opinionibus,</strong></span> <span class='ocrx_word' id='word_1_351' title='bbox 901 2149 1004 2181; x_wconf 90' lang='lat' dir='ltr'><strong>una,</strong></span> <span class='ocrx_word' id='word_1_352' title='bbox 1027 2150 1111 2185; x_wconf 91' lang='lat' dir='ltr'><strong>qva</strong></span> <span class='ocrx_word' id='word_1_353' title='bbox 1132 2151 1224 2176; x_wconf 93' lang='lat' dir='ltr'><strong>non</strong></span> <span class='ocrx_word' id='word_1_354' title='bbox 1241 2141 1286 2177; x_wconf 89' lang='lat' dir='ltr'><strong>in</strong></span> <span class='ocrx_word' id='word_1_355' title='bbox 1303 2139 1445 2184; x_wconf 82' lang='lat' dir='ltr'><strong>Coelo,</strong></span> <span class='ocrx_word' id='word_1_356' title='bbox 1466 2139 1536 2178; x_wconf 88' lang='lat' dir='ltr'><strong>sed</strong></span> <span class='ocrx_word' id='word_1_357' title='bbox 1557 2142 1603 2177; x_wconf 91' lang='lat' dir='ltr'><strong>in</strong></span> <span class='ocrx_word' id='word_1_358' title='bbox 1624 2142 1738 2178; x_wconf 71' lang='lat' dir='ltr'><strong>aeris</strong></span> <span class='ocrx_word' id='word_1_359' title='bbox 1758 2140 1822 2178; x_wconf 85' lang='lat' dir='ltr'><strong>su-</strong></span> 
     </span>
     <span class='ocr_line' id='line_1_45' title="bbox 174 2190 1822 2240; baseline 0.003 -13"><span class='ocrx_word' id='word_1_360' title='bbox 174 2191 344 2237; x_wconf 90' lang='lat' dir='ltr'><strong>periore</strong></span> <span class='ocrx_word' id='word_1_361' title='bbox 356 2192 546 2238; x_wconf 88' lang='lat' dir='ltr'><strong>regione,</strong></span> <span class='ocrx_word' id='word_1_362' title='bbox 562 2196 607 2228; x_wconf 89' lang='lat' dir='ltr'><strong>ut</strong></span> <span class='ocrx_word' id='word_1_363' title='bbox 619 2190 837 2228; x_wconf 82' lang='lat' dir='ltr'><strong>Aristoteli</strong></span> <span class='ocrx_word' id='word_1_364' title='bbox 848 2190 1022 2237; x_wconf 88' lang='lat' dir='ltr'><strong>placuit,</strong></span> <span class='ocrx_word' id='word_1_365' title='bbox 1039 2197 1368 2238; x_wconf 84' lang='lat' dir='ltr'><strong>generarentur:</strong></span> <span class='ocrx_word' id='word_1_366' title='bbox 1386 2193 1535 2237; x_wconf 88' lang='lat' dir='ltr'><strong>altera,</strong></span> <span class='ocrx_word' id='word_1_367' title='bbox 1553 2194 1668 2240; x_wconf 91' lang='lat' dir='ltr'><strong>qvod</strong></span> <span class='ocrx_word' id='word_1_368' title='bbox 1680 2193 1822 2232; x_wconf 84' lang='lat' dir='ltr'><strong>Astro-</strong></span> 
     </span>
     <span class='ocr_line' id='line_1_46' title="bbox 173 2243 1822 2294; baseline 0.003 -14"><span class='ocrx_word' id='word_1_369' title='bbox 173 2243 375 2291; x_wconf 89' lang='lat' dir='ltr'><strong>logorum</strong></span> <span class='ocrx_word' id='word_1_370' title='bbox 386 2245 433 2281; x_wconf 92' lang='lat' dir='ltr'><strong>in</strong></span> <span class='ocrx_word' id='word_1_371' title='bbox 444 2255 599 2282; x_wconf 90' lang='lat' dir='ltr'><strong>eorum</strong></span> <span class='ocrx_word' id='word_1_372' title='bbox 615 2243 999 2291; x_wconf 79' lang='lat' dir='ltr'><strong>significationibus</strong></span> <span class='ocrx_word' id='word_1_373' title='bbox 1016 2245 1188 2283; x_wconf 90' lang='lat' dir='ltr'><strong>decreta</strong></span> <span class='ocrx_word' id='word_1_374' title='bbox 1204 2247 1325 2284; x_wconf 82' lang='lat' dir='ltr'><strong>irrita</strong></span> <span class='ocrx_word' id='word_1_375' title='bbox 1341 2246 1478 2291; x_wconf 87' lang='lat' dir='ltr'><strong>essent‚</strong></span> <span class='ocrx_word' id='word_1_376' title='bbox 1495 2248 1688 2294; x_wconf 90' lang='lat' dir='ltr'><strong>priorem</strong></span> <span class='ocrx_word' id='word_1_377' title='bbox 1703 2259 1822 2294; x_wconf 92' lang='lat' dir='ltr'><strong>pror-</strong></span> 
     </span>
     <span class='ocr_line' id='line_1_47' title="bbox 172 2296 1822 2348; baseline 0.002 -14"><span class='ocrx_word' id='word_1_378' title='bbox 172 2296 242 2334; x_wconf 86' lang='lat' dir='ltr'><strong>sus</strong></span> <span class='ocrx_word' id='word_1_379' title='bbox 262 2298 448 2334; x_wconf 91' lang='lat' dir='ltr'><strong>mutavit</strong></span> <span class='ocrx_word' id='word_1_380' title='bbox 464 2302 504 2335; x_wconf 91' lang='lat' dir='ltr'><strong>et</strong></span> <span class='ocrx_word' id='word_1_381' title='bbox 521 2297 730 2335; x_wconf 90' lang='lat' dir='ltr'><strong>Cometas</strong></span> <span class='ocrx_word' id='word_1_382' title='bbox 751 2296 909 2334; x_wconf 87' lang='lat' dir='ltr'><strong>coelesti</strong></span> <span class='ocrx_word' id='word_1_383' title='bbox 927 2297 1102 2336; x_wconf 85' lang='lat' dir='ltr'><strong>Mundo</strong></span> <span class='ocrx_word' id='word_1_384' title='bbox 1122 2300 1497 2343; x_wconf 90' lang='lat' dir='ltr'><strong>annumerandos,</strong></span> <span class='ocrx_word' id='word_1_385' title='bbox 1520 2311 1611 2338; x_wconf 92' lang='lat' dir='ltr'><strong>non</strong></span> <span class='ocrx_word' id='word_1_386' title='bbox 1632 2301 1822 2348; x_wconf 88' lang='lat' dir='ltr'><strong>amplius</strong></span> 
     </span>
     <span class='ocr_line' id='line_1_48' title="bbox 173 2349 1821 2401; baseline 0.003 -14"><span class='ocrx_word' id='word_1_387' title='bbox 173 2349 397 2394; x_wconf 86' lang='lat' dir='ltr'><strong>renuebat,</strong></span> <span class='ocrx_word' id='word_1_388' title='bbox 421 2350 795 2397; x_wconf 83' lang='lat' dir='ltr'><strong>qvemadmodum</strong></span> <span class='ocrx_word' id='word_1_389' title='bbox 817 2362 870 2387; x_wconf 84' lang='lat' dir='ltr'><strong>ex</strong></span> <span class='ocrx_word' id='word_1_390' title='bbox 892 2350 981 2397; x_wconf 89' lang='lat' dir='ltr'><strong>ipsa</strong></span> <span class='ocrx_word' id='word_1_391' title='bbox 1002 2351 1351 2399; x_wconf 69' lang='lat' dir='ltr'><strong>praefatiuncula,</strong></span> <span class='ocrx_word' id='word_1_392' title='bbox 1372 2353 1442 2391; x_wconf 88' lang='lat' dir='ltr'><strong>vel</strong></span> <span class='ocrx_word' id='word_1_393' title='bbox 1463 2354 1600 2391; x_wconf 83' lang='lat' dir='ltr'><strong>obiter</strong></span> <span class='ocrx_word' id='word_1_394' title='bbox 1621 2353 1821 2401; x_wconf 70' lang='lat' dir='ltr'><strong>perlecta,</strong></span> 
     </span>
     <span class='ocr_line' id='line_1_49' title="bbox 174 2403 1821 2454; baseline 0.003 -14"><span class='ocrx_word' id='word_1_395' title='bbox 174 2403 416 2450; x_wconf 88' lang='lat' dir='ltr'><strong>cognosces.</strong></span> <span class='ocrx_word' id='word_1_396' title='bbox 434 2403 518 2441; x_wconf 91' lang='lat' dir='ltr'><strong>Sed</strong></span> <span class='ocrx_word' id='word_1_397' title='bbox 535 2408 575 2441; x_wconf 92' lang='lat' dir='ltr'><strong>et</strong></span> <span class='ocrx_word' id='word_1_398' title='bbox 591 2408 691 2441; x_wconf 84' lang='lat' dir='ltr'><strong>tuus</strong></span> <span class='ocrx_word' id='word_1_399' title='bbox 705 2404 1035 2442; x_wconf 87' lang='lat' dir='ltr'><strong>Conterraneus</strong></span> <span class='ocrx_word' id='word_1_400' title='bbox 1047 2405 1364 2444; x_wconf 90' lang='lat' dir='ltr'><strong>LIDDELIUS</strong></span> <span class='ocrx_word' id='word_1_401' title='bbox 1378 2406 1518 2444; x_wconf 86' lang='lat' dir='ltr'><strong>testari</strong></span> <span class='ocrx_word' id='word_1_402' title='bbox 1529 2409 1686 2454; x_wconf 90' lang='lat' dir='ltr'><strong>poterit</strong></span> <span class='ocrx_word' id='word_1_403' title='bbox 1696 2407 1821 2445; x_wconf 91' lang='lat' dir='ltr'><strong>Witi-</strong></span> 
     </span>
     <span class='ocr_line' id='line_1_50' title="bbox 173 2455 1822 2505; baseline 0.002 -11"><span class='ocrx_word' id='word_1_404' title='bbox 173 2455 334 2500; x_wconf 90' lang='lat' dir='ltr'><strong>chium‚</strong></span> <span class='ocrx_word' id='word_1_405' title='bbox 347 2462 584 2504; x_wconf 91' lang='lat' dir='ltr'><strong>anteqvam</strong></span> <span class='ocrx_word' id='word_1_406' title='bbox 596 2458 641 2494; x_wconf 91' lang='lat' dir='ltr'><strong>in</strong></span> <span class='ocrx_word' id='word_1_407' title='bbox 654 2457 849 2494; x_wconf 90' lang='lat' dir='ltr'><strong>Daniam</strong></span> <span class='ocrx_word' id='word_1_408' title='bbox 859 2458 1001 2501; x_wconf 86' lang='lat' dir='ltr'><strong>ivisset,</strong></span> <span class='ocrx_word' id='word_1_409' title='bbox 1013 2470 1093 2505; x_wconf 89' lang='lat' dir='ltr'><strong>pro</strong></span> <span class='ocrx_word' id='word_1_410' title='bbox 1100 2458 1372 2498; x_wconf 88' lang='lat' dir='ltr'><strong>Aristotelica</strong></span> <span class='ocrx_word' id='word_1_411' title='bbox 1380 2459 1602 2504; x_wconf 88' lang='lat' dir='ltr'><strong>sententia,</strong></span> <span class='ocrx_word' id='word_1_412' title='bbox 1614 2460 1822 2498; x_wconf 88' lang='lat' dir='ltr'><strong>Cometas</strong></span> 
     </span>
     <span class='ocr_line' id='line_1_51' title="bbox 172 2509 1822 2559; baseline 0.003 -12"><span class='ocrx_word' id='word_1_413' title='bbox 172 2511 218 2547; x_wconf 92' lang='lat' dir='ltr'><strong>in</strong></span> <span class='ocrx_word' id='word_1_414' title='bbox 230 2511 330 2547; x_wconf 73' lang='lat' dir='ltr'><strong>aere</strong></span> <span class='ocrx_word' id='word_1_415' title='bbox 343 2509 457 2547; x_wconf 90' lang='lat' dir='ltr'><strong>infra</strong></span> <span class='ocrx_word' id='word_1_416' title='bbox 469 2510 642 2548; x_wconf 89' lang='lat' dir='ltr'><strong>Lunam</strong></span> <span class='ocrx_word' id='word_1_417' title='bbox 655 2510 827 2553; x_wconf 90' lang='lat' dir='ltr'><strong>versari,</strong></span> <span class='ocrx_word' id='word_1_418' title='bbox 840 2513 995 2549; x_wconf 90' lang='lat' dir='ltr'><strong>acriter</strong></span> <span class='ocrx_word' id='word_1_419' title='bbox 1006 2512 1219 2559; x_wconf 89' lang='lat' dir='ltr'><strong>pugnasse,</strong></span> <span class='ocrx_word' id='word_1_420' title='bbox 1232 2525 1387 2550; x_wconf 91' lang='lat' dir='ltr'><strong>verum</strong></span> <span class='ocrx_word' id='word_1_421' title='bbox 1400 2525 1500 2551; x_wconf 91' lang='lat' dir='ltr'><strong>curn</strong></span> <span class='ocrx_word' id='word_1_422' title='bbox 1511 2513 1614 2551; x_wconf 86' lang='lat' dir='ltr'><strong>hinc</strong></span> <span class='ocrx_word' id='word_1_423' title='bbox 1626 2514 1822 2551; x_wconf 83' lang='lat' dir='ltr'><strong>reversus</strong></span> 
     </span>
    </p>

    <p class='ocr_par' dir='ltr' id='par_1_11' title="bbox 1716 2567 1821 2610">
     <span class='ocr_line' id='line_1_52' title="bbox 1716 2567 1821 2610; baseline -0.01 -5"><span class='ocrx_word' id='word_1_424' title='bbox 1716 2567 1821 2610; x_wconf 54' lang='lat' dir='ltr'><strong>essen</strong></span> 
     </span>
    </p>
   </div>
  </div>
 </body>
</html>
