2209 3213
338 239 387 275 24
830 236 912 272 DE
934 233 1158 272 MUNDI
1179 232 1479 271 AETHEREI

337 357 361 380 a
375 342 531 390 punCto
545 342 659 379 Coeli
676 342 964 382 mediationis,
981 341 1111 387 vsque
1128 342 1173 377 in
1189 337 1534 376 intersectionem
1545 337 1739 374 Vernam
1752 335 1803 373 O.
1822 334 1974 381 Estque

336 398 377 433 P.
395 397 456 433 64.
479 396 540 432 M.
559 395 619 431 33.
642 395 842 441 Angulus
864 395 918 431 ad
941 394 979 431 O
1001 394 1056 431 est
1076 392 1277 440 Angulus
1298 393 1505 429 maximae
1526 389 1840 428 declinationis.
1863 388 1974 435 Ergo

337 461 387 486 ex
401 450 665 494 operatione,
678 459 753 493 per
765 446 1102 494 Triangulorum
1114 448 1317 488 rationes,
1334 444 1461 482 datur
1472 443 1674 490 Angulus
1686 441 1777 479 LM
1786 441 1838 484 O,
1855 441 1898 478 P.
1910 441 1973 478 79.

338 502 398 538 M.
412 502 472 538 27.
492 501 673 541 Deinde.
691 502 735 537 in
747 500 883 537 altero
895 499 1134 547 Triangulo
1146 499 1222 536 ΙΜ
1231 498 1285 542 Ν,
1303 499 1407 544 quia
1419 496 1621 544 Angulus
1633 495 1688 533 ad
1700 495 1742 532 N
1755 494 1810 532 est
1821 492 1973 536 rectus,

336 556 457 600 isque
474 555 546 599 qui
564 554 618 590 ad
636 553 698 596 M,
720 553 852 590 modo
869 555 1069 595 innotuit,
1094 553 1226 590 Latus
1242 562 1347 588 vero
1364 550 1439 588 IM
1457 550 1595 593 datur,
1612 548 1641 586 fi
1657 547 1831 586 auferas
1847 546 1973 584 decli-

335 609 558 643 nationem
580 606 735 648 Stellae,
761 617 859 652 quae
881 606 935 643 eft
957 606 1026 649 IL,
1048 606 1091 643 P.
1113 606 1139 642 l.
1162 605 1224 642 M.
1246 605 1309 648 57,
1330 615 1357 641 a
1377 603 1668 641 declinatione
1688 599 1837 648 punffl
1858 599 1974 637 Coeli

335 660 610 696 mediationis
628 659 731 701 LM,
749 670 848 705 quae
865 659 919 696 est
936 659 978 696 P.
995 659 1048 695 21.
1067 658 1130 696 M.
1148 659 1183 701 4,
1200 659 1491 705 prouenitque
1508 656 1551 693 P.
1569 655 1622 693 19.
1640 654 1703 692 M.
1720 655 1756 698 7,
1779 653 1882 691 Ideo
1897 664 1974 699 per

335 713 553 749 scientiam
570 711 909 759 Triangulorum
930 712 1056 749 datur
1077 712 1209 749 Latus
1230 711 1310 753 IN,
1332 710 1374 747 P.
1392 710 1445 747 18.
1463 709 1526 746 Μ.
1543 709 1592 746 47
1613 706 1796 745 latitudo
1815 705 1973 749 Stellae,

336 765 372 801 &
389 770 583 811 preterea
598 765 730 802 Latus
745 765 858 808 MN,
876 765 917 802 P.
931 765 966 802 3.
980 765 1043 802 Μ.
1056 765 1118 803 37.
1137 764 1268 810 Quod
1285 763 1314 800 fi
1329 763 1548 801 addideris
1563 762 1618 799 ad
1635 759 1845 808 punctum
1857 758 1974 797 Coeli

334 818 622 861 mediationis,
638 820 840 864 prouenit
856 818 1080 865 longitudo
1097 818 1229 855 huius
1246 816 1389 855 Stellae
1406 818 1451 853 in
1467 815 1577 853 Part.
1594 815 1657 852 29.
1675 813 1738 851 M.
1754 813 1778 850 4
1799 818 1839 852 Z.
1861 812 1973 850 Lati-

334 871 482 908 tudine
499 872 618 917 prius
634 870 746 915 data,
763 871 805 908 Ρ.
824 871 876 909 18.
895 871 957 909 Μ.
974 871 1024 909 47
1039 870 1217 909 boreali.

384 2129 657 2168 INFERIOR
679 2129 716 2166 &
737 2128 1220 2166 MERIDIONALIOR
1242 2128 1305 2166 IN
1327 2128 1536 2167 CORNU
1558 2129 1930 2168 CAPRICORNI.

408 2191 791 2230 SCENSIONEM
817 2189 992 2228 Rectam
1015 2190 1147 2228 huius
1170 2190 1327 2235 Stellae,
1352 2201 1429 2238 per
1452 2190 1801 2230 obseruationem
1823 2193 1975 2229 inueni

446 2244 488 2281 P.
505 2244 594 2282 299.
612 2244 675 2281 M.
693 2245 746 2287 15,
763 2244 1101 2281 declinationem
1117 2255 1234 2287 vero,
1251 2244 1294 2281 P.
1308 2244 1360 2282 15.
1378 2243 1441 2281 M.
1454 2244 1505 2282 58
1521 2244 1874 2283 Meridionalem.
1893 2244 1975 2282 Est-

336 2309 420 2343 que
433 2297 547 2335 Coeli
564 2297 770 2334 mediatio
784 2298 830 2333 in
844 2296 1062 2343 Ecliptica,
1079 2296 1121 2334 P.
1134 2296 1196 2335 27.
1210 2296 1273 2334 M.
1286 2297 1327 2334 12
1343 2303 1383 2341 z,
1401 2299 1470 2335 cui
1486 2297 1712 2344 respondet
1728 2298 1974 2342 declinatio,

335 2350 377 2387 P.
394 2350 456 2387 20.
474 2350 537 2387 M.
554 2350 616 2388 45.
639 2350 833 2397 Repetita
853 2351 979 2396 igitur
999 2349 1281 2387 antecedente
1301 2349 1574 2398 figuratione,
1596 2350 1633 2388 &
1653 2351 1802 2389 habito
1820 2351 1975 2389 eodem

335 2403 536 2449 processu,
557 2405 759 2450 prouenit
779 2404 824 2439 in
844 2402 1083 2449 Triangulo
1105 2402 1258 2446 LMO,
1279 2403 1481 2450 Angulus
1502 2403 1557 2441 ad
1578 2403 1642 2447 M,
1663 2404 1705 2441 P.
1723 2404 1786 2442 78.
1808 2403 1871 2442 M.
1888 2404 1973 2444 483

335 2455 385 2492 In
400 2455 639 2503 Triangulo
655 2467 759 2492 vero
776 2455 914 2499 IMN,
937 2455 1083 2492 euadit
1100 2455 1231 2492 Latus
1250 2455 1338 2500 IM,
1360 2456 1402 2494 P.
1419 2457 1455 2494 4.
1473 2456 1536 2494 M.
1553 2456 1638 2496 465.
1660 2457 1974 2504 Inueniturque

336 2508 416 2552 IN,
433 2508 475 2546 P.
493 2508 528 2546 4.
546 2508 609 2546 M.
626 2509 680 2552 41,
700 2508 902 2546 Latitudo
919 2507 1075 2546 Stellae.
1098 2508 1230 2546 Latus
1250 2508 1423 2556 insuper
1442 2508 1556 2554 MN,
1577 2509 1619 2547 P.
1636 2510 1672 2548 0.
1691 2510 1753 2548 M.
1770 2510 1833 2554 56,
1855 2509 1974 2557 quod

1778 2563 1974 2601 additum

2015 824 2045 849 10

2016 2311 2046 2336 15
