2209 3213
372 215 439 253 124
866 208 949 247 DE
971 205 1196 246 MUNDI
1216 203 1519 245 AETHEREI

374 331 470 357 eam
487 321 604 355 viam
622 315 881 362 indagandae
898 313 1179 352 Parallaxeos
1191 312 1491 355 Cometarum,
1508 323 1643 358 quam
1659 312 1802 350 clarus
1817 312 1890 350 ille
1903 312 2012 351 Ger-

372 382 607 410 manorum
632 368 974 407 Mathematicus
998 365 1313 404 IOHANNES
1336 365 1388 403 de
1412 364 1826 410 MONTEREGIO,
1852 365 2013 412 scriptis

373 425 601 472 posteritati
623 422 807 468 reliquit.
830 421 869 458 Is
891 422 1008 457 enim
1029 430 1129 456 cum
1149 430 1240 466 prae
1261 418 1358 466 alijs
1376 418 1460 456 suis
1477 421 1711 457 coaetaneis
1726 421 1772 456 in
1787 418 2013 456 ARrorum
2051 421 2071 452 †

373 484 548 523 totaque
562 474 888 513 Mathematum
903 469 1115 522 sci-flentia
1130 471 1418 515 antecelleret,
1435 471 1599 520 suaque
1611 477 1738 510 aetate
1751 472 1917 519 aliquot
1930 471 2013 510 Co·
2042 477 2102 509 145

372 536 521 570 metas,
539 529 661 566 breui
673 525 896 565 interiedto
908 532 1116 572 tempore,
1132 524 1416 572 conspexisset‚
1429 536 1583 563 eorum
1595 525 1910 563 dimensionem
1920 524 2013 563 sub·
2052 536 2067 562 5

373 584 465 621 limi
482 583 656 629 ingenio
674 580 882 628 aggressus
900 579 966 617 est.
990 579 1108 616 Licet
1124 589 1229 616 vero
1248 588 1349 615 cum
1364 577 1725 617 ARISTOTELE
1742 578 1794 616 de
1811 577 2014 616 Cometa-

373 647 471 673 rum
484 635 748 672 Elementari
760 633 838 671 fitu
848 632 1020 680 prorsus
1033 631 1305 675 consentiret;
1321 630 1454 678 Ipfius
1466 633 1584 670 enim
1595 631 1853 670 Authoritas
1865 632 2016 669 omnia

374 688 556 736 Pulpita‚
570 698 723 725 omnes
735 686 1025 724 Scientiarum
1037 685 1192 728 aditus,
1205 695 1258 722 eo
1270 695 1370 722 aeuo
1384 683 1567 731 (vtinam
1578 696 1670 723 non
1682 685 1733 722 de
1745 684 1888 722 nostro
1899 683 2016 722 idem

374 743 583 788 conqueri
595 740 757 785 liceret)
771 739 882 777 adeo
894 743 1200 786 occupauerat,
1216 742 1259 775 vt
1270 736 1394 775 nefas
1406 738 1659 782 iudicarent,
1677 737 1731 776 ab
1743 739 1837 776 eius
1848 737 2016 785 placitis

373 795 511 833 latum
527 804 717 841 vnguem
738 791 969 835 discedere;
991 791 1118 829 Adeo
1138 790 1305 838 semper
1324 790 1534 838 praeclusa
1555 791 1610 829 est
1629 790 1856 829 seruilibus
1876 789 2016 828 homi-
2057 801 2088 827 10

374 859 482 885 num
498 848 683 894 ingenijs
699 846 836 884 libera
850 846 1043 882 veritatis
1058 845 1146 882 via:
1168 843 1458 882 nihilominus
1479 855 1579 882 cum
1599 846 1647 888 is,
1668 849 1711 882 vt
1732 848 1823 882 erat
1840 845 2016 891 ingenio

375 901 513 939 arduo
538 899 575 937 8(
598 899 759 937 iudicio
784 900 907 946 graui
932 897 1153 945 praeditus,
1177 902 1348 935 motum
1371 896 1658 936 Cometarum
1683 896 1954 935 conformem
1979 895 2018 934 8(

375 953 632 1001 regularem,
656 952 767 990 adeo
789 957 833 989 vt
854 950 1083 989 Circulum
1105 952 1151 988 in
1173 949 1358 998 Sphaera
1379 952 1625 988 maximum
1646 949 1736 988 fere
1758 950 1924 998 semper
1947 949 2017 988 de-

375 1007 615 1049 scriberent,
637 1004 1013 1048 animaduertisset‚
1035 1005 1161 1050 caepit
1176 1002 1382 1041 nonnihil
1397 1003 1606 1048 haefitare,
1629 1003 1666 1041 8(
1687 1014 1780 1041 rem
1796 1002 1939 1041 altiori
1955 1005 2017 1040 in-

376 1060 531 1107 dagine
548 1070 659 1106 opus
675 1057 849 1102 habere,
866 1057 1012 1096 secum
1028 1056 1294 1094 constituere.
1312 1056 1504 1104 Ideoque
1521 1056 1740 1095 eruditum
1751 1056 1876 1094 fimul
1887 1061 2017 1103 atque
2058 1067 2089 1093 15

375 1113 524 1151 vtilem
539 1111 738 1150 libellum
754 1111 806 1149 de
824 1111 1111 1149 Cometarum
1128 1109 1516 1148 Obseruationibus
1533 1109 1711 1148 Posteris
1727 1109 1912 1156 reliquit,
1929 1120 2017 1156 quo

378 1177 531 1204 eorum
547 1165 683 1208 situm,
701 1164 957 1208 distantiam,
974 1168 1156 1207 motum,
1173 1163 1609 1211 magnitudinemque
1625 1162 1799 1201 solerter
1811 1162 2017 1210 indagare

379 1220 536 1257 docuit.
556 1218 759 1265 Cumque
776 1222 964 1264 quatuor
980 1216 1221 1255 rationibus
1236 1216 1398 1254 ibidem
1413 1216 1694 1264 proposuerit,
1713 1215 2019 1254 Diuerfitatem

379 1270 586 1319 Asped’tus
605 1271 803 1309 Cometae
823 1272 869 1308 in
890 1269 1068 1308 Circulo
1084 1269 1338 1308 Altitudinis
1358 1269 1626 1317 inuestigare,
1646 1269 1915 1307 imitabimur
1935 1267 2019 1306 hoc

379 1326 476 1363 loco
493 1336 604 1369 eam,
621 1335 721 1371 quae
737 1323 827 1362 sola
842 1323 975 1361 huius
991 1322 1190 1361 Cometae
1208 1322 1277 1369 (de
1293 1333 1382 1370 quo
1398 1322 1585 1370 agimus)
1597 1321 1907 1360 Phaenomenis
1919 1333 2018 1359 con·
2056 1332 2090 1358 20

379 1389 531 1426 gruere
552 1379 787 1421 inuenitur,
808 1388 943 1424 quam
959 1375 1231 1414 Problemate
1248 1375 1439 1413 eiusdem
1457 1375 1593 1414 libelli
1608 1375 1810 1414 Secundo
1829 1375 2019 1419 tradidit;

379 1432 450 1470 vbi
471 1443 547 1479 per
567 1431 676 1469 duas
697 1430 974 1473 Altitudines‚
998 1434 1098 1467 ante
1118 1428 1189 1467 vel
1208 1428 1297 1477 post
1317 1428 1632 1473 Meridianum‚
1656 1430 1701 1466 in
1721 1427 1899 1466 diuerfis
1918 1427 2019 1466 Azi-

379 1484 543 1522 muthis
559 1488 769 1531 acceptas,
782 1482 821 1521 &
833 1484 1004 1531 cognito
1017 1484 1148 1521 etiam
1159 1488 1355 1530 tempore
1366 1483 1477 1520 inter
1488 1482 1660 1520 easdem
1670 1482 1796 1520 binas
1808 1481 2020 1520 Obserua-

379 1540 521 1576 tiones
533 1536 689 1584 elapso,
701 1542 931 1584 vtramque
943 1535 1193 1574 Parallaxin
1205 1537 1250 1573 in
1263 1535 1440 1574 Circulo
1449 1535 1703 1573 Altitudinis
1715 1539 1867 1573 notam
1878 1533 2020 1578 efficit,

380 1591 521 1629 subtili
537 1590 715 1638 quidem
732 1590 770 1628 &
786 1589 1008 1637 ingeniosa
1023 1588 1121 1627 satis
1136 1588 1442 1636 speculatione,
1458 1588 1528 1626 sed
1545 1599 1645 1636 quae
1661 1590 1707 1626 in
1720 1587 2021 1626 Parallaxibus
2058 1598 2092 1624 25

381 1644 465 1682 illis
485 1643 740 1687 minoribus,
764 1642 917 1690 quales
938 1644 983 1680 in
1002 1641 1182 1680 AEthere
1203 1641 1325 1686 fiunt,
1349 1641 1601 1680 nullatenus
1623 1641 1770 1679 locum
1789 1645 2020 1679 mereatur.

383 1697 513 1735 Struit
535 1699 652 1735 enim
673 1708 726 1734 ex
746 1697 940 1734 minimis
959 1697 1167 1739 maxima,
1191 1695 1302 1733 adeo
1323 1700 1367 1733 vt
1386 1697 1516 1733 vnius
1538 1700 1613 1733 aut
1635 1694 1812 1733 alterius
1834 1693 2022 1741 scrupuli

384 1762 503 1788 error
514 1751 559 1787 in
569 1755 777 1797 tempore,
795 1751 871 1797 qui
881 1748 1007 1787 facile
1019 1749 1228 1796 obrepere
1239 1748 1384 1796 potest,
1400 1750 1446 1786 in
1455 1750 1639 1786 nimiam
1651 1747 1863 1786 excrescat
1874 1747 2021 1785 deuia-

383 1806 565 1847 tionem;
585 1808 678 1840 tum
695 1805 827 1840 etiam
842 1801 1084 1840 Azimutha
1099 1806 1229 1849 atque
1245 1801 1522 1845 Altitudines‚
1542 1800 1620 1839 nifi
1638 1801 1749 1839 adeo
1764 1799 2021 1848 scrupulose,

384 1862 427 1894 vt
443 1855 553 1894 nihil
569 1855 841 1899 desideretur,
859 1855 1149 1899 obtineantur,
1167 1854 1316 1893 oleum
1328 1854 1365 1893 8(
1378 1866 1560 1902 operam
1576 1852 1736 1901 (vt'dici
1751 1853 1871 1900 solet)
1887 1853 2026 1901 perdi·
2064 1863 2099 1890 ³0

385 1910 510 1947 deris.
528 1909 774 1947 Paucorum
790 1920 983 1956 namque
1000 1908 1303 1956 scrupulorum
1318 1910 1391 1946 vix
1407 1907 1668 1946 sensibilium
1684 1907 1840 1955 lapsus,
1862 1909 1908 1944 in
1922 1911 2027 1944 tem-

385 1974 491 2009 pore
501 1967 631 2009 atque
642 1964 808 1999 caeteris
818 1962 939 2005 datis,
953 1961 1120 2009 aliquot
1131 1962 1347 2009 graduum
1356 1973 1383 1999 a
1392 1963 1583 1999 veritatis
1594 1960 1722 2008 scopo
1733 1960 2029 2008 digressionem

386 2015 513 2053 facile
523 2014 699 2052 inducit.
709 2014 874 2053 Verum
884 2026 984 2053 cum
995 2015 1380 2062 Regiomontanus‚
1390 2014 1775 2062 Peripateticorum
1784 2014 2028 2061 Argumen-

386 2070 438 2106 tis
455 2068 493 2105 8(
509 2067 860 2106 Authoritatibus
875 2067 1089 2112 induetus,
1106 2070 1250 2115 potius
1267 2067 1458 2105 crederet
1475 2067 1683 2106 Cometas
1699 2067 1776 2105 esse
1792 2062 2028 2116 sublu-nna-
2057 2070 2118 2102 146

387 2132 467 2165 res,
494 2120 531 2158 &
556 2122 602 2158 in
624 2120 832 2168 superiori
856 2122 983 2158 Aeris
1007 2121 1198 2169 Regione
1220 2122 1431 2168 generari,
1455 2121 1527 2158 vbi
1549 2121 1792 2158 multorum
1814 2119 2030 2167 graduum
2067 2129 2101 2155 35

387 2173 637 2212 Parallaxin
654 2174 921 2217 inducerent,
939 2185 1029 2211 non
1045 2174 1261 2212 dubitauit
1276 2173 1391 2211 hanc
1408 2175 1636 2217 rationem,
1653 2178 1745 2211 vtut
1761 2174 1806 2210 in
1822 2172 2031 2210 subtiliori

387 2228 561 2274 negotio
584 2228 731 2264 minus
752 2227 879 2264 Praxi
902 2227 1121 2270 idoneam,
1146 2227 1184 2264 8(
1206 2226 1275 2264 his
1297 2226 1446 2264 saltem
1467 2226 1709 2264 maioribus
1730 2225 2031 2263 Parallaxibus

387 2279 548 2322 vtilem,
565 2281 611 2317 in
626 2279 822 2317 medium
837 2291 1095 2326 proponere.

442 2332 496 2370 Vt
512 2334 658 2379 itaque
676 2332 871 2379 idipsum,
889 2333 1007 2379 quod
1024 2333 1075 2370 de
1089 2332 1275 2371 Cometa
1289 2332 1372 2370 hoc
1386 2334 1506 2380 prius
1519 2331 1923 2374 demonstrauimus,
1940 2341 2030 2368 ma-

389 2384 579 2423 nifestius
596 2385 767 2429 euadat,
784 2396 860 2432 per
875 2385 1004 2432 ipfius
1020 2385 1216 2424 semitam
1232 2385 1407 2433 ingressi‚
1424 2385 1687 2423 assumamus
1700 2386 1892 2432 primum
1905 2384 2032 2422 binas
2069 2394 2103 2420 40

390 2438 615 2486 diligenter
630 2437 801 2476 habitas
818 2438 1156 2477 Obseruationes
1167 2435 1513 2488 Altitudinumff&
1525 2437 1880 2481 Azimuthorum,
1898 2441 2031 2475 certo-

391 2502 476 2539 que
486 2496 683 2540 tempore
694 2496 897 2541 repertas,
915 2492 984 2530 die
995 2491 1097 2532 XIIl
1109 2491 1377 2535 Decembris,
1395 2492 1470 2539 qui
1479 2491 1607 2531 nobis
1618 2495 1719 2530 ante
1731 2501 1873 2530 annos
1883 2489 2033 2582 XXaJIH
2099 2512 2102 2515 ·

1874 2547 1950 2583 nat
1996 2544 2033 2583 is
