2209 3213
389 232 465 268 474
785 228 1255 266 APOLOGETICA
1278 227 1633 267 RESPONSIO

388 338 501 383 leges
516 334 865 377 Mathematicas,
879 345 979 371 cum
991 336 1142 371 omnia
1154 346 1206 371 ex
1219 334 1501 372 circularibus
1513 336 1690 382 propria
1702 341 1849 373 centra
1860 335 2026 382 respici-

388 389 568 430 entibus.
593 388 797 434 aptissime
821 389 1083 424 concinnata
1106 386 1195 430 fint,
1218 387 1255 424 &
1277 386 1566 425 Geometricis
1590 387 2027 426 demonstrationibus

386 446 577 488 pateant;
600 440 651 477 fic
674 450 813 486 neqve
835 445 986 477 contra
1001 441 1183 478 verioris
1200 440 1389 488 Physicae
1411 440 1583 478 decreta
1603 451 1630 478 a
1650 440 1776 478 nobis
1797 443 2027 488 qvicqvam

386 494 650 531 commissum
668 492 733 530 est.
752 492 937 538 Qviescit
955 495 1071 531 enim
1083 492 1219 531 Terra
1230 495 1276 531 in
1288 499 1436 531 centro
1449 493 1636 531 universi
1648 495 1842 538 immota,
1860 496 2027 532 caeteris

386 546 589 584 omnibus
610 546 810 583 aethereis
832 546 1087 593 corporibus
1108 552 1231 584 motu
1251 548 1429 594 proprio
1450 546 1670 584 revolutis.
1693 547 1812 584 Nam
1829 547 1943 594 qvod
1960 558 2026 585 or·
2065 560 2080 585 5

385 600 505 637 bium
531 599 772 636 realitatem
798 598 1048 643 sustulerim,
1074 599 1111 637 &
1135 600 1336 638 Planetas
1361 599 1494 637 libere
1520 611 1596 647 per
1620 599 1661 637 se
1686 601 1731 637 in
1756 600 2026 647 liqvidissimo

385 653 546 690 aethere
568 652 771 689 convolvi
792 652 1131 696 asseveraverim‚
1153 653 1196 691 id
1214 653 1373 691 saniori
1390 652 1579 701 Phyficae
1595 664 1686 690 non
1704 652 1758 690 est
1773 655 2026 691 inconveni-

386 717 473 743 ens.
492 705 646 752 Neqve
663 707 781 742 enim
797 705 852 742 ob
869 705 912 743 id
928 705 1054 743 orbes
1071 706 1210 744 reales
1227 708 1272 743 in
1289 706 1401 744 coelo
1418 705 1525 748 sunt,
1543 706 1657 753 qvod
1674 705 1727 743 fic
1743 705 1915 744 finxerit
1929 707 2026 744 Ari·

384 758 561 801 stoteles‚
584 769 683 795 cum
705 760 815 796 ratio
837 764 876 796 et
898 760 1166 805 experientia
1187 759 1307 797 aliud
1326 758 1533 803 dictitenn
1555 770 1659 797 nam
1676 764 1722 797 ut
1739 764 1896 797 caetera
1911 765 2025 797 tran-

384 811 532 854 siliam,
551 811 624 858 ipfi
638 810 836 849 Cometae
852 813 897 848 in
914 811 1108 849 altissimo
1126 812 1288 850 aethere
1302 812 1371 850 vel
1386 811 1517 850 inscio
1529 811 1755 850 Aristotele
1767 824 1920 850 revera
1932 824 2025 851 cur·
2067 825 2097 850 10

384 864 475 902 sum
500 869 748 902 exercentes
772 870 812 902 et
834 864 998 902 nullius
1022 870 1170 903 tamen
1194 866 1310 904 orbis
1333 865 1462 903 realis
1484 863 1662 903 duc‘tum
1682 868 2026 904 concomitantes

384 917 480 955 satis
502 919 767 955 convincunt
788 917 951 955 coelum
967 917 1043 956 tali
1059 918 1232 956 orbium
1249 918 1359 956 dura
1376 918 1413 956 8(
1429 920 1643 966 impervia
1660 920 1918 967 compagine
1934 931 2025 957 non

385 971 459 1008 esse
477 969 733 1008 confectum.
751 970 845 1008 Imo
862 973 993 1008 etiam
1010 970 1290 1010 refractiones
1304 972 1359 1010 ad
1371 973 1577 1009 verticem
1593 983 1685 1009 non
1701 971 1938 1016 tendentes,
1955 971 2025 1010 sed

384 1035 437 1061 ne
453 1024 682 1061 dimidium
694 1023 869 1071 qvidem
881 1024 1168 1071 qvadrantem
1184 1024 1433 1063 sensibiliter
1449 1026 1718 1072 attingentes,
1734 1030 2026 1072 praeterqvam

384 1076 497 1124 qvod
519 1076 617 1114 coeli
639 1077 795 1115 duram
811 1082 939 1124 atqve
956 1076 1228 1125 compactam
1245 1078 1298 1116 ab
1315 1080 1428 1116 aeris
1444 1080 1654 1116 tenuitate
1671 1077 1709 1115 8(
1724 1077 2024 1126 perspicuitate
2066 1091 2096 1115 15

382 1130 621 1177 plurimum
633 1129 945 1177 discrepantem
956 1133 1187 1168 materiam
1200 1131 1373 1178 prorsus
1390 1131 1611 1179 obrogent,
1628 1131 1907 1169 Elementum
1923 1143 2025 1179 qvo·

384 1194 463 1230 qve
480 1183 594 1230 Ignis
611 1183 704 1221 orbi
721 1183 885 1221 Lunari
901 1183 1007 1221 falso
1023 1183 1078 1222 ab
1094 1183 1320 1222 Aristotele
1336 1184 1589 1222 substratum
1605 1184 1778 1232 prorsus
1794 1184 1963 1222 tollunt.
1981 1184 2026 1222 Si

382 1236 670 1283 gravissimum
686 1236 723 1274 8(
736 1237 1026 1284 grossissimum
1036 1236 1184 1275 Terrae
1202 1249 1359 1285 corpus
1374 1239 1420 1275 in
1436 1238 1582 1275 medio
1599 1239 1712 1282 aere,
1730 1237 1862 1275 nullis
1878 1237 2025 1275 fulcris

381 1288 624 1333 stabilitum,
641 1289 710 1327 sed
726 1292 904 1337 proprio
920 1289 1070 1328 saltem
1083 1296 1230 1329 centro
1242 1292 1445 1328 innixum
1456 1296 1667 1338 perpetuo
1679 1293 1912 1328 immotum
1924 1302 2024 1329 con-

382 1342 516 1380 sistere
532 1342 676 1390 potest,
694 1344 841 1390 utiqve
857 1342 1119 1382 subtilissima
1135 1348 1174 1381 et
1188 1344 1524 1391 praestantissima
1534 1344 1609 1382 illa
1622 1343 1721 1382 coeli
1734 1355 1918 1391 corpora
1929 1344 2024 1381 nul·
2063 1355 2096 1380 20

381 1395 432 1433 lis
453 1396 645 1443 indigent
665 1395 971 1441 sustentaculis,
993 1402 1068 1435 aut
1089 1396 1266 1435 orbibus
1286 1397 1443 1441 solidis,
1465 1397 1620 1445 qvibus
1640 1396 1851 1435 insideant
1868 1396 1906 1434 8(
1922 1408 2024 1444 qvo-

382 1460 479 1486 rum
502 1451 718 1487 rotatione
742 1451 1103 1497 circumagantur.
1131 1450 1181 1487 Et
1204 1450 1343 1488 multo
1365 1450 1467 1488 sane
1490 1450 1618 1497 plura
1640 1449 1825 1488 absurda
1847 1450 2025 1498 Phyfica

382 1513 434 1539 ex
456 1502 628 1540 orbium
652 1502 759 1540 reali
780 1504 825 1540 in
847 1502 960 1540 coelo
981 1503 1292 1550 compositione
1315 1503 1562 1551 seqvuntur,
1586 1515 1717 1550 qvam
1737 1502 1767 1540 fi
1787 1503 2024 1542 statuamus

382 1554 519 1592 stellas
539 1566 616 1602 per
631 1554 671 1593 se
687 1555 774 1593 fine
790 1555 870 1600 his,
892 1561 1015 1594 motu
1037 1556 1244 1594 divinitus
1265 1556 1400 1600 infito,
1423 1567 1617 1594 errorem
1633 1558 1678 1594 in
1694 1556 1858 1604 liqvido
1876 1561 1916 1594 et
1931 1556 2023 1594 ubi-

382 1619 462 1654 qve
479 1610 629 1656 pervio
646 1608 808 1646 aethere
825 1608 1051 1647 conficere.
1070 1609 1250 1648 Contuli
1266 1609 1348 1648 hac
1365 1610 1417 1648 de
1434 1621 1479 1647 re
1493 1621 1570 1657 per
1581 1609 1727 1647 literas
1739 1621 1839 1647 cum
1851 1609 2023 1657 qvibus-
2061 1621 2095 1646 25

382 1661 483 1698 dam
504 1661 681 1699 eruditis
702 1664 747 1700 in
767 1662 1011 1700 Germania
1031 1664 1147 1706 viris,
1168 1662 1405 1710 praesertim
1426 1663 1570 1701 clariss.
1587 1661 1851 1710 Philosopho
1869 1668 1909 1700 et
1925 1662 2022 1700 Ma-

381 1713 615 1752 thematico
633 1714 901 1753 CASPARO
919 1715 1208 1759 PEUCERQ
1230 1715 1292 1753 illi
1312 1728 1417 1754 vero
1439 1727 1605 1760 omnes,
1626 1715 1781 1754 nostrae
1801 1715 2023 1754 sententiae

381 1769 552 1813 penitus
575 1767 843 1815 introspectae
866 1768 1209 1816 subscripserunt.
1235 1769 1330 1807 Prae
1354 1771 1520 1807 caeteris
1542 1780 1647 1807 vero
1671 1767 1928 1807 dod'tissimus
1950 1768 2022 1806 ille

382 1820 609 1863 Peucerus‚
627 1817 641 1870 ΙΙ
658 1826 753 1859 utut
764 1823 809 1859 in
821 1821 1207 1869 Peripateticorum
1219 1821 1499 1870 Philosophia
1515 1822 1569 1860 ab
1587 1821 1799 1870 [in]eunte
1816 1826 1942 1860 aetate
1960 1823 2022 1860 in·
2046 1827 2107 1860 39r

380 1872 603 1918 formatus,
627 1886 727 1912 cum
747 1874 882 1913 aliam
898 1877 943 1912 in
960 1875 1129 1913 Scholis
1150 1887 1242 1913 non
1260 1875 1464 1919 habeant,
1485 1880 1778 1923 praeterqvam
1794 1876 1910 1922 qvod
1924 1876 2022 1913 Ari-
2061 1887 2095 1912 30

379 1925 534 1964 stotelis
551 1933 808 1974 argumenta
820 1928 872 1965 de
885 1928 1058 1966 orbium
1070 1928 1266 1967 realitate
1278 1928 1473 1967 invalida
1485 1929 1561 1966 esse
1571 1929 1746 1977 judicet,
1764 1940 1787 1966 e
1803 1928 2023 1966 sacrarum

380 1978 552 2026 insuper
572 1979 797 2018 literarum
818 1980 1070 2029 testimonijs
1091 1993 1182 2019 non
1202 1984 1354 2029 paucis
1375 1981 1539 2020 nostras
1555 1986 1699 2029 partes
1715 1982 1768 2019 de
1785 1981 1884 2020 coeli
1900 1981 2023 2029 liqvi-

381 2031 542 2070 dissima
561 2035 770 2071 tenuitate
793 2033 1056 2078 corroborat,
1079 2040 1125 2072 ut
1145 2035 1281 2073 literae
1302 2035 1432 2083 ipfius
1453 2034 1537 2073 hoc
1553 2037 1734 2072 nomine
1750 2035 1806 2073 ad
1821 2046 1892 2072 me
1909 2035 2022 2073 datae
2060 2038 2080 2069 †

381 2083 548 2122 affatim
565 2087 861 2133 comprobant.

434 2137 643 2176 Secundis
654 2139 786 2177 literis
798 2140 942 2178 adhuc
954 2142 1000 2178 in
1012 2141 1165 2179 eodem
1179 2141 1338 2188 perstas
1349 2141 1579 2189 proposito,
1593 2146 1632 2179 et
1645 2153 1744 2179 eam
1752 2140 2021 2185 sententiam,
2033 2152 2094 2184 †35

382 2202 467 2236 qva
483 2191 730 2229 Aristoteles
747 2192 949 2231 Planetas
965 2194 1138 2232 orbium
1156 2200 1293 2232 certas
1313 2195 1389 2232 686
1410 2199 1554 2242 partes
1574 2195 1790 2238 asseverat‚
1811 2194 2023 2232 duntaxat

381 2242 456 2280 tibi
473 2244 662 2282 arridere
679 2246 755 2288 ais,
777 2246 832 2283 ad
855 2257 951 2292 qvae
970 2246 1167 2294 pluribus
1183 2259 1275 2285 non
1290 2247 1643 2295 respondendum
1659 2248 1788 2291 duco;
1809 2246 2023 2285 sufficiant

383 2307 446 2340 ea,
464 2307 560 2343 qvae
576 2297 709 2335 modo
726 2298 826 2336 dixi.
845 2298 973 2345 Qvod
990 2306 1138 2338 autem
1149 2303 1282 2338 ternis
1294 2301 1476 2339 ulterius
1487 2301 1684 2348 replicas,
1701 2302 1746 2338 in
1758 2311 1857 2338 mea
1869 2300 2022 2348 Hypo·

381 2348 485 2386 thefi
506 2361 597 2387 non
618 2350 813 2388 alienum
833 2352 982 2396 videri,
1005 2358 1051 2390 ut
1066 2353 1202 2391 Terra
1223 2354 1524 2398 luminarium,
1546 2353 1584 2391 &
1608 2355 1650 2398 Θ
1676 2353 1956 2392 Planetarum
1976 2352 2022 2391 fit

382 2406 591 2447 centrum,
616 2408 808 2441 attamen
829 2404 1063 2443 absurdum
1083 2406 1166 2444 hoc
1188 2407 1288 2445 inde
1309 2407 1438 2454 seqvi,
1466 2410 1542 2450 0⁷¹m
1563 2406 1878 2455 acronychium
1898 2408 2021 2444 terris
2059 2418 2093 2443 40

381 2457 632 2502 propiorem
648 2455 741 2494 fieri
761 2458 838 2501 Oe,
856 2463 901 2495 ut
918 2458 972 2496 ob
990 2459 1032 2496 id
1049 2462 1182 2497 centri
1199 2460 1315 2498 orbis
1330 2462 1423 2508 ejus
1435 2462 1726 2498 mutationem
1738 2461 1918 2507 propius
1929 2471 2021 2498 ver·

381 2507 449 2545 sus
464 2508 646 2546 Terram
667 2515 741 2547 aut
762 2510 945 2557 duplicis
962 2511 1153 2560 Epicycli
1173 2512 1513 2560 applicationem
1534 2513 1812 2552 necessariam
1833 2513 1909 2551 686
1931 2514 2020 2560 opi-

1891 2576 2020 2610 neris,
