2209 3213
351 205 425 242 358
843 198 925 235 DE
946 195 1171 235 MUNDI
1192 193 1493 232 AETHEREI

351 309 552 353 extingui.
575 305 706 352 paulo
728 310 965 349 antequam
982 302 1273 339 Horizontem
1294 301 1502 346 attingere
1523 298 1853 346 conspiciantur.
1876 299 1987 337 Haec

350 360 642 405 interpretatio
663 358 759 394 licet
780 354 1065 402 aliquomodo
1086 352 1322 400 plausibilis
1343 352 1560 390 uideatur:
1583 358 1732 390 tamen
1748 352 1777 390 fi
1792 364 1869 399 per
1889 364 1988 391 eam

350 414 558 451 astruitur.
578 411 782 448 Cometas
798 411 856 446 ita
873 408 1038 454 semper
1051 408 1096 443 in
1112 405 1278 444 Occasu
1295 407 1487 452 extingui
1503 405 1541 442 8(
1557 405 1735 449 aboleri,
1752 411 1798 443 ut
1815 404 1987 453 singulis

350 465 623 511 sequentibus
641 462 791 500 diebus
804 462 950 499 denuo
963 471 1038 497 eos
1050 458 1170 506 quali
1182 458 1344 496 renasci
1357 459 1636 496 necessarium
1647 457 1731 502 fiet,
1748 458 1989 496 admodum

350 518 531 555 absurda
549 516 602 554 est
619 516 838 556 sententia,
857 513 894 551 &
910 513 1060 550 frustra
1073 511 1310 549 Aristotelis
1326 510 1529 559 suffragio
1545 510 1731 555 uestitur,
1749 517 1843 549 utut
1854 513 1890 549 is
1902 511 1986 550 Co·
2026 524 2042 549 5

350 577 485 608 metas
509 580 673 611 omnes,
699 568 774 605 suo
798 578 898 605 aeuo
921 563 1181 612 conspetftos,
1207 564 1294 602 fine
1318 563 1485 602 Occasu
1509 563 1624 602 fuisse
1651 563 1872 608 extinctos,
1898 576 1989 602 non

350 624 551 661 dubitarit
567 623 815 660 asseuerare.

404 675 580 714 Occasio
596 686 703 712 uero
720 686 795 711 cur
806 673 971 711 Plinius
989 683 1078 709 una
1090 682 1190 709 cum
1202 670 1440 714 Aristotele,
1458 669 1496 708 8(
1512 670 1593 708 hos
1609 670 1776 718 sequuti
1788 671 1990 718 Apianus

351 736 478 775 atque
504 729 736 766 Praetorius
762 726 808 773 (fi
833 726 965 763 modo
990 726 1179 772 genuine
1205 735 1359 761 eorum
1384 723 1520 761 uerba
1547 723 1901 771 interpretantur)
1931 725 1990 762 ita

351 782 639 822 existimarint,
670 780 771 817 hinc
797 780 995 825 erumpit,
1027 777 1144 825 quod
1171 777 1369 815 Cometae
1394 788 1548 814 omnes
1574 776 1736 820 obtusa,
1766 776 1922 820 hebeti,
1953 776 1991 814 8(
2032 789 2062 814 10

350 838 495 872 minus
519 834 646 876 clara.
671 845 750 871 nec
773 832 870 870 satis
891 832 1134 879 penetranti
1158 830 1253 868 luce
1274 829 1444 877 praediti
1464 829 1558 873 fint;
1582 829 1809 877 Siquidem
1831 841 1922 868 non
1945 834 1991 867 ut

351 894 518 925 caeterae
540 887 684 925 Stellae
705 886 857 923 lumen
877 882 1152 931 compactum
1173 883 1211 920 8(
1231 882 1445 930 fulgidum
1469 882 1694 921 euidenter
1716 883 1901 921 uibrant.
1926 882 1992 920 Est

351 943 467 979 enim
484 940 674 987 ipsorum
691 938 942 985 compositio
959 934 1260 984 imperfectior,
1282 934 1697 983 incompafflorque,
1719 947 1798 974 nec
1819 936 1930 974 adeo
1946 941 1992 973 ut

351 996 610 1041 perennium
631 992 831 1030 Siderum
853 991 1058 1034 exaltata;
1081 989 1240 1028 idcirco
1263 989 1428 1033 accidit,
1452 994 1498 1027 ut
1521 989 1626 1027 dum
1647 989 1816 1027 occasui
1836 1000 1991 1036 appro-

351 1050 575 1094 pinquant,
597 1057 623 1083 a
644 1045 882 1092 uaporibus
902 1049 1113 1091 perpetuo
1134 1044 1247 1080 circa
1264 1042 1568 1085 Horizontem,
1590 1043 1722 1080 etiam
1738 1042 1867 1081 Coelo
1885 1042 1991 1080 sere·
2033 1054 2063 1080 15

351 1101 526 1143 nissimo‚
544 1098 885 1141 obuersantibus‚
902 1097 1079 1135 illorum
1095 1096 1246 1133 lumen
1262 1095 1433 1134 facilius
1448 1096 1722 1143 impediatur,
1741 1107 1830 1142 quo
1846 1097 1993 1133 minus

351 1154 405 1191 ad
422 1165 502 1190 nos
518 1152 786 1199 transparere
804 1156 945 1198 queat,
962 1150 1149 1196 ideoque
1166 1149 1220 1187 ab
1237 1148 1334 1196 ipsis
1350 1148 1557 1187 halitibus
1573 1148 1693 1196 quafi
1709 1147 1903 1186 offuscati
1916 1148 1992 1186 dis-

350 1212 543 1253 pareant.
561 1206 607 1243 Id
623 1205 740 1252 quod
758 1206 889 1242 etiam
906 1205 951 1241 in
966 1204 1186 1251 perpetuis
1202 1202 1287 1240 illis
1299 1201 1533 1245 Sideribus,
1550 1201 1579 1239 fi
1594 1201 1830 1249 praesertim
1845 1204 1993 1239 minus

351 1260 445 1297 luce
466 1259 670 1306 polleant,
693 1257 730 1295 &
752 1258 967 1295 crassiores
988 1267 1176 1303 uapores
1197 1255 1490 1293 Horizontem
1510 1256 1775 1302 occuparint,
1798 1254 1991 1303 saepenu-

350 1314 471 1350 mero
489 1312 701 1349 usuuenit.
2031 1320 2064 1345 20

405 1366 638 1407 Caeterum,
656 1364 685 1402 fi
701 1363 958 1402 Illustrissimi
975 1362 1184 1409 Principis
1196 1361 1425 1399 Wilhelmi
1438 1361 1597 1399 Hassiae
1612 1361 1892 1409 Landtgrauij
1907 1360 1993 1400 Ob-

351 1419 628 1462 seruationes,
646 1420 759 1456 circa
775 1419 898 1454 initia
914 1416 1046 1454 huius
1063 1415 1204 1453 ultimi
1221 1414 1389 1463 Capitis
1404 1414 1644 1458 recensitas,
1666 1414 1993 1462 inspexerimus,

351 1471 575 1519 apparebit
598 1473 760 1518 utique,
784 1470 852 1508 die
868 1469 929 1507 XI
947 1469 1215 1507 Nouembris
1238 1467 1357 1506 hunc
1374 1467 1607 1506 Cometam
1627 1479 1704 1515 per
1725 1467 1994 1515 Quadrantis

351 1525 590 1572 perspicilla
611 1524 888 1562 obseruatum
906 1523 982 1560 esse
999 1524 1044 1559 in
1060 1521 1303 1559 Altitudine
1321 1521 1358 1559 8(
1374 1521 1628 1564 Azimutho‚
1650 1532 1751 1558 cum
1772 1532 1863 1558 non
1883 1520 1994 1558 mul·

351 1584 442 1616 tum
460 1578 572 1615 ultra
587 1577 714 1615 binos
729 1577 888 1624 gradus
904 1575 1032 1623 supra
1048 1575 1341 1613 Horizontem
1357 1574 1616 1612 eleuaretur.
1639 1574 1797 1621 Neque
1813 1573 1914 1612 sane
1930 1575 1992 1611 in·
2032 1585 2065 1610 25

351 1631 416 1669 fra
446 1630 563 1668 hunc
588 1632 824 1668 terminum
849 1629 1071 1676 pleraeque
1099 1628 1228 1666 Coelo
1254 1639 1421 1666 coaeuae
1446 1627 1603 1671 Stellae,
1634 1627 1875 1665 admodum
1900 1626 1995 1664 sunt

352 1683 640 1731 aspectabiles.

406 1737 494 1784 Ipse
509 1748 685 1784 quoque
698 1736 931 1774 Praetorius
944 1734 1114 1779 fatetur,
1132 1734 1365 1773 Cometam
1382 1736 1514 1772 etiam
1530 1745 1630 1772 cum
1646 1733 1744 1771 satis
1760 1733 1873 1771 altus
1890 1733 1994 1775 esset,

354 1790 589 1828 difficilime
606 1801 682 1837 per
697 1789 980 1827 Tabellarum
996 1788 1215 1826 foramina
1231 1789 1276 1825 in
1293 1787 1580 1825 Instrumento
1599 1786 1787 1834 dignosci
1807 1786 1995 1833 potuisse,

355 1844 484 1890 idque
500 1848 675 1890 propter
690 1843 841 1880 lumen
858 1844 951 1879 eius
967 1841 1167 1879 obtusum
1184 1840 1222 1878 8(
1238 1840 1392 1884 debile,
1413 1840 1531 1888 quod
1551 1846 1700 1878 tamen
1716 1841 1761 1877 in
1778 1839 1875 1887 alijs
1891 1838 1995 1877 Stel·
2034 1851 2068 1877 30

355 1897 418 1939 lis,
440 1908 530 1934 non
551 1896 706 1934 eodem
725 1896 857 1933 modo
873 1894 913 1932 se
929 1894 1098 1937 habuit;
1120 1894 1329 1941 fiquidem
1347 1905 1500 1932 earum
1516 1895 1734 1941 perceptio
1750 1904 1827 1940 per
1842 1892 1997 1930 eadem

356 1949 584 1992 foramina,
607 1954 697 1986 erat
718 1948 926 1989 facilima;
948 1953 994 1985 ut
1015 1947 1070 1984 ob
1091 1948 1134 1985 id
1154 1949 1315 1985 mirum
1332 1958 1423 1984 non
1439 1946 1497 1991 fit,
1515 1946 1722 1985 Cometas
1739 1945 1907 1984 occasui
1924 1957 1996 1993 ap-

356 2004 711 2049 propinquantes,
733 1999 919 2048 aspectui
940 2000 1082 2038 nostro
1103 2002 1259 2047 potius,
1281 2011 1416 2047 quam
1438 2006 1617 2037 caeteras
1637 1998 1803 2043 Stellas,
1824 2010 1901 2046 per
1921 2010 1997 2036 ua-

356 2067 483 2101 pores
500 2053 757 2098 interiectos,
774 2054 963 2092 subduci.

411 2108 464 2145 D.
502 2107 846 2145 MARCELLVS
883 2106 1354 2153 SQVARCIALVPVS
1390 2104 1815 2143 PLVMBINENSIS
1851 2104 2069 2148 Italus,†35

358 2160 565 2198 Cometas
581 2162 625 2197 in
642 2160 820 2197 AEthere
840 2160 940 2201 alto,
962 2171 1053 2196 non
1069 2161 1114 2196 in
1131 2159 1359 2197 Elemento
1376 2160 1503 2197 A'eris
1524 2158 1699 2202 uersari,
1721 2163 1871 2196 contra
1886 2157 1998 2195 Peri-

357 2216 644 2261 pateticorum
656 2213 826 2260 placita,
839 2224 929 2250 non
940 2214 1087 2249 minus
1099 2223 1203 2249 uere
1216 2224 1350 2259 quam
1362 2212 1528 2250 erudite
1540 2216 1885 2259 argumentatum
1902 2210 1999 2248 licet

358 2267 478 2304 suam
496 2267 762 2304 assertionem
780 2266 911 2303 nullis
923 2265 1376 2303 Demonstrationibus
1388 2264 1727 2309 Mathematicis,
1745 2264 1862 2311 quod
1878 2275 1998 2301 max-

358 2322 443 2357 ime
456 2319 767 2366 requirebatur,
780 2318 971 2362 stabiliat,
985 2324 1223 2365 contraque
1236 2320 1586 2366 oppugnantium
1597 2317 1778 2355 insultus
1789 2315 2000 2354 inunitam

358 2373 519 2410 reddat.
538 2372 925 2418 Quemadmodum
942 2382 1084 2417 neque
1102 2373 1147 2408 in
1162 2371 1246 2408 hoc
1263 2371 1449 2409 Cometa
1465 2371 1577 2409 ullas
1593 2370 1834 2419 peculiares
1847 2369 1998 2408 Obser-
2036 2381 2070 2407 40

358 2427 571 2468 nationes,
589 2436 611 2462 e
628 2425 785 2471 quibus
801 2429 945 2461 motus
962 2426 1055 2461 eius
1066 2425 1364 2470 Apparentiae‚
1381 2424 1419 2462 8(
1435 2423 1628 2472 aspectus
1644 2422 1867 2462 diuersitas
1883 2427 1999 2460 certo

359 2478 559 2516 concludi
579 2478 708 2524 possit,
729 2479 775 2514 in
794 2477 990 2514 medium
1010 2476 1182 2523 profert,
1203 2477 1273 2515 sed
1293 2477 1444 2515 saltem
1465 2488 1518 2515 ex
1538 2477 1705 2515 oculari
1723 2473 1998 2524 inspectione,

1776 2529 1829 2567 de
1844 2528 1998 2566 formae
