2209 3213
583 205 1100 246 ANNOTATIONES
1121 206 1421 246 EDITORIS
1746 207 1823 245 497

234 308 417 341 Prooemii
438 309 609 349 insuper,
636 311 750 349 quale
773 311 902 342 solum
925 311 1083 342 exhibet
1106 312 1331 351 exemplum
1356 311 1616 348 Berolinense,
1642 311 1822 342 ultimam

182 364 336 403 partem
356 361 551 399 addimus,
574 371 663 402 quae
683 371 755 394 nos
776 363 921 400 docuit,
944 364 1146 403 quomodo
1167 364 1253 395 libri
1274 367 1551 404 argumentum
1572 365 1621 396 ab
1643 364 1751 396 initio
1772 364 1824 395 di-

181 415 373 447 stribuere
388 415 523 455 Tycho
539 415 706 446 voluerit
721 415 784 456 (cf.
802 424 921 455 supra
937 425 972 456 p.
990 416 1050 453 8‚42
1066 417 1180 457 sqq.):

234 468 285 499 Vt
309 470 443 499 autern
468 467 731 505 commodius,
757 468 1037 508 dilucidiusque
1060 470 1267 509 negocium
1290 470 1379 507 hoc,
1406 471 1511 510 quod
1536 470 1822 510 proposuimus,

183 512 419 549 absoluatur,
442 511 531 544 oc‘to
552 512 746 551 capitibus
766 521 850 543 rem
870 521 1031 544 omnem
1047 514 1445 553 comprehendemus,
1466 514 1746 554 perspicueque
1762 523 1824 546 ex-

181 555 428 597 plicabimus,
446 556 547 594 Quid
563 564 658 588 vero
677 556 819 596 singula
836 556 1102 595 continebunt,
1119 566 1222 589 nunc
1240 558 1375 589 ordine
1392 559 1627 598 aperiemus.

234 600 443 637 PRIMVM,
468 600 771 632 Obseruationes
792 600 991 638 certiores,
1016 610 1113 640 quas
1137 602 1296 633 diuersis
1317 603 1573 642 temporibus,
1597 604 1635 634 in
1659 603 1735 635 hoc
1757 603 1824 634 Co-

183 647 300 683 meta,
321 647 405 676 toto
423 644 500 676 suae
517 644 733 676 durationis
748 647 939 684 ternpore,
957 646 1110 677 coelitus
1127 646 1378 680 obtinuimus.
1400 647 1628 686 praesertim,
1651 648 1756 687 quod
1774 647 1823 678 ad

182 689 380 721 distantias
396 688 511 728 ipsius
527 698 550 719 a
566 689 799 728 quibusdam
815 689 903 720 fixis
919 689 1117 721 Sideribus
1134 690 1281 726 attinet,
1299 691 1523 722 recensebit.

235 732 510 764 SECVNDVM
536 732 702 770 CAPVT,
729 733 942 764 affixarum
968 733 1177 765 Stellarum
1203 735 1303 771 loca,
1330 744 1499 774 quarum
1524 736 1760 775 praecipuus,
1786 736 1824 766 in

182 777 367 817 distantijs
384 777 559 808 Cometae
580 777 793 817 capiendis,
815 777 903 808 vsus
923 780 1019 812 erat,
1041 778 1278 815 emendabit,
1297 782 1337 810 vt
1353 787 1399 810 ea
1417 789 1506 819 quae
1522 780 1560 810 in
1578 780 1824 819 sequentibus

182 821 505 861 superstruuntur‚
523 821 692 853 certiora
709 822 892 853 euadant.

234 865 463 903 TERTIVM,
481 866 535 896 Ex
552 865 653 897 datis
669 865 866 903 distantiis,
885 866 1177 906 affixarumque
1193 867 1372 898 restitutis
1384 868 1492 904 locis,
1510 868 1686 899 Cometae
1699 869 1822 902 situm.

183 918 260 949 quo
286 910 337 941 ad
362 909 603 949 Eclipticam,
635 910 847 941 secundum
872 911 988 950 ipsius
1011 911 1306 950 longitudinem,
1332 912 1362 942 8(
1388 912 1436 943 ab
1463 912 1538 943 hac
1564 913 1822 949 latitudinem,

183 954 335 994 singulis
352 954 670 986 obseruationum
691 954 841 992 diebus,
862 963 932 994 per
947 955 1244 995 Triangulorum
1264 956 1448 994 rationes,
1466 956 1770 988 demonstratiue
1786 957 1824 987 in

183 1007 371 1030 numeros
387 998 572 1038 disponet.

236 1042 490 1080 QVARTVM,
512 1042 691 1074 Eiusdem
708 1043 833 1080 situm,
856 1051 933 1082 quo
953 1043 1003 1074 ad
1019 1043 1295 1083 AEquatorem,
1317 1044 1473 1084 eiusque
1488 1045 1613 1082 Polos,
1635 1045 1673 1076 in
1689 1045 1826 1076 Ascen-

183 1086 352 1118 sionibus
369 1085 491 1118 Red'tis
507 1087 538 1118 8(
554 1087 901 1123 Declinationibus,
919 1096 968 1118 ex
984 1087 1084 1118 datis
1101 1088 1150 1119 ab
1168 1088 1353 1128 Ecliptica
1369 1089 1684 1129 longitudinibus,
1702 1089 1826 1120 latitu-

183 1131 422 1171 dinibusque,
440 1131 525 1171 pari
541 1132 693 1163 ratione
709 1131 961 1171 inuestigabit.

236 1175 483 1214 QVINTVM,
500 1175 723 1207 Portionem
735 1176 882 1213 circuli,
896 1184 1014 1216 quem
1027 1176 1093 1207 suo
1106 1179 1217 1207 motu
1229 1176 1424 1216 descripsit
1436 1178 1610 1214 Cometa,
1624 1178 1654 1207 8(
1667 1178 1825 1217 qualem

183 1220 329 1251 habeat
344 1220 387 1257 is,
404 1222 487 1251 tarn
504 1229 581 1259 quo
599 1220 649 1251 ad
666 1220 907 1260 Eclipticam,
926 1229 1047 1260 quarn
1059 1220 1335 1260 AEquatorem,
1353 1221 1658 1259 inclinationem,
1677 1222 1826 1261 quibus-

184 1273 258 1304 que
274 1264 312 1295 in
327 1264 424 1295 locis
440 1264 599 1296 eosdem
614 1264 829 1302 intersecet,
848 1265 897 1296 ob
915 1265 1052 1296 oculos
1068 1268 1198 1304 ponet.

236 1308 391 1340 SEXTO
402 1308 580 1346 CAPITE,
594 1309 652 1340 De
662 1309 838 1340 Cometae
846 1309 961 1340 huius
971 1309 1238 1348 parallaxibus
1247 1309 1489 1349 indagandis,
1500 1318 1674 1350 agemus,
1685 1310 1824 1349 quibus

183 1353 265 1384 eius
283 1353 439 1393 positus,
461 1361 539 1392 quo
556 1353 606 1384 ad
624 1353 760 1384 Mundi
776 1353 1027 1390 diametrum,
1048 1353 1308 1393 inuestigatur,
1327 1354 1355 1384 8(
1372 1357 1503 1385 Vtrum
1519 1354 1550 1385 is
1566 1355 1604 1385 in
1620 1354 1823 1391 AEtherea,

183 1406 233 1428 an
258 1397 494 1428 Elementari
522 1397 680 1437 regione
710 1397 890 1435 extiterit,
921 1397 1135 1429 certissimis
1164 1398 1380 1429 rationibus
1406 1398 1710 1430 demonstratiue
1736 1407 1826 1430 con-

183 1441 398 1473 cludemus.

236 1485 501 1523 SEPTIMVM,
524 1486 776 1526 apparentias
792 1486 831 1517 in
847 1486 1023 1517 Cometae
1039 1487 1168 1517 cauda
1187 1486 1374 1522 discutiet,
1396 1487 1426 1517 8(
1447 1486 1528 1518 eius
1549 1487 1651 1525 situs,
1672 1489 1826 1527 proten-

183 1529 370 1569 sionisque
386 1529 424 1560 in
440 1530 528 1561 haec
544 1531 606 1561 vel
626 1530 691 1561 illa
708 1531 804 1562 Coeli
824 1531 924 1568 loca,
946 1529 1120 1570 respectu
1136 1531 1274 1570 capitis
1292 1531 1448 1570 suaeque
1465 1531 1631 1571 originis,
1653 1532 1825 1563 rationes

182 1574 465 1614 peruestigabit.

234 1619 361 1658 Atque
377 1618 437 1650 his
454 1619 600 1658 septem
617 1618 827 1659 Capitibus,
849 1627 895 1650 ea
915 1628 1004 1659 quae
1020 1627 1068 1650 ex
1084 1619 1251 1659 proprijs
1268 1619 1617 1657 obseruationibus,
1641 1620 1690 1651 ad
1711 1619 1825 1651 huius

182 1662 358 1694 Cometae
381 1664 633 1703 apparentias
654 1663 683 1694 8(
703 1664 939 1703 parallaxes,
963 1663 989 1694 fi
1012 1672 1101 1703 quae
1124 1663 1277 1701 fuerint,
1304 1663 1630 1703 peruestigandas,
1655 1664 1825 1695 deriuari

181 1707 344 1747 possunt,
366 1707 570 1739 absoluere
591 1707 762 1745 decreui,
785 1708 924 1747 quibus
940 1708 1143 1739 Corollarii
1163 1708 1264 1745 loco,
1287 1708 1515 1748 subiungam
1536 1709 1705 1747 paucula
1722 1717 1825 1747 quae-

182 1751 288 1789 dam,
306 1751 354 1783 de
370 1751 514 1791 Capitis
530 1751 559 1782 8(
576 1752 729 1790 caudae,
746 1752 785 1782 in
801 1752 877 1783 hoc
894 1752 974 1792 ipso
991 1752 1166 1786 Cometa,
1184 1752 1423 1783 dimensione
1439 1752 1469 1783 8(
1486 1753 1763 1792 magnitudine.

236 1795 431 1827 OCTAVO
449 1796 627 1833 CAPITE,
650 1796 915 1828 Conclusionis
931 1798 1031 1833 loco,
1054 1805 1193 1827 eorum
1210 1796 1366 1836 placita.
1386 1797 1449 1836 qui
1466 1796 1504 1827 in
1520 1796 1746 1834 Germania,
1765 1797 1825 1828 vel

183 1840 285 1878 alibi,
310 1840 358 1872 de
381 1840 457 1872 hoc
479 1840 642 1872 Cometa
665 1840 812 1880 aliquid
831 1841 870 1872 in
890 1841 1092 1881 publicum
1115 1841 1331 1877 ediderunt,
1356 1841 1385 1872 8(
1409 1849 1578 1880 quorum
1599 1841 1752 1880 Scripta
1775 1841 1825 1872 ad

183 1884 332 1916 nostras
349 1893 492 1916 manus
508 1887 782 1925 peruenerunt,
803 1885 841 1916 in
861 1885 1049 1916 trutinam
1066 1885 1316 1921 vocabimus;
1339 1893 1464 1924 eaque
1482 1885 1665 1923 inuicem,
1685 1885 1714 1915 8(
1733 1893 1825 1916 cum

182 1928 263 1969 ipsa
283 1928 460 1962 veritate.
483 1931 675 1969 tanquam
698 1929 748 1960 ad
769 1929 940 1969 Lydium
963 1929 1147 1969 lapidem,
1171 1928 1445 1968 probabimus;
1471 1937 1560 1965 non,
1586 1930 1691 1968 quod
1712 1930 1826 1960 vllius

182 1973 336 2010 honori,
353 1973 689 2011 existimationiue,
707 1974 921 2013 quicquam
933 1973 982 2005 ob
996 1973 1045 2010 id,
1064 1973 1181 2004 sicubi
1195 1973 1341 2004 absona
1353 1973 1504 2010 dixerit,
1518 1973 1726 2005 detrahere
1737 1973 1827 2005 veli-

184 2026 288 2055 mus;
310 2017 353 2048 Id
374 2017 479 2048 enirn
499 2017 629 2049 minus
649 2018 872 2058 ingenuum,
891 2018 920 2048 8(
937 2027 959 2049 a
976 2017 1194 2048 sinceritate
1213 2017 1498 2049 Mathematica
1520 2017 1691 2048 alienum
1712 2017 1824 2053 foret,

183 2061 259 2099 sed,
280 2062 368 2102 ipsis
384 2062 504 2093 etiarn
522 2062 753 2093 authoribus
770 2062 937 2099 arbitris,
959 2062 1134 2093 veritatis
1150 2061 1322 2092 latebras
1338 2062 1504 2101 penitius
1520 2062 1749 2101 inquirendi,
1771 2070 1827 2093 er-

183 2106 357 2146 rorisque
369 2106 554 2138 obstantis
571 2106 809 2143 remouendi,
827 2107 857 2138 8(
873 2106 1135 2138 conuincendi
1149 2105 1286 2146 gratia,
1303 2109 1344 2137 vt
1360 2106 1487 2137 omnis
1504 2106 1719 2143 dubitandi,
1737 2114 1827 2138 con-

182 2150 479 2190 tradicendique
495 2151 663 2188 occasio,
681 2160 704 2182 a
719 2151 775 2182 rei
791 2151 964 2190 quaesitae
980 2149 1119 2181 exacta
1135 2150 1366 2181 certitudine
1382 2152 1648 2182 remoueatur.

238 2194 320 2233 His,
341 2195 515 2234 inquam,
538 2194 626 2227 octo
644 2195 854 2235 Capitibus,
877 2204 935 2232 ea,
958 2203 1046 2234 quae
1062 2195 1100 2225 in
1117 2194 1193 2226 hoc
1211 2195 1374 2226 Cometa
1395 2194 1691 2234 peruestiganda
1711 2195 1827 2234 expli-

184 2239 390 2279 candaque
406 2239 693 2279 proposuimus,
712 2239 1024 2279 intelligentibus,
1042 2239 1071 2269 8(
1087 2239 1202 2270 huius
1218 2239 1449 2279 cognitionis
1465 2239 1628 2278 cupidis,
1646 2239 1825 2276 dilucide,

184 2283 363 2323 adeoque
379 2284 496 2315 certis
512 2283 730 2315 rationibus
746 2283 1006 2321 ostendemus,
1024 2286 1066 2314 vt
1080 2284 1208 2314 nullus
1224 2283 1457 2314 haesitationi
1476 2284 1612 2324 (modo
1629 2283 1777 2320 dextre,
1798 2284 1827 2314 8(

184 2327 261 2359 sine
283 2327 512 2368 praeiudicio
536 2328 665 2359 minus
686 2328 984 2365 Mathematico,
1008 2335 1093 2358 rem
1117 2336 1277 2359 ornnem
1301 2327 1543 2367 perpendere
1563 2327 1695 2368 velint)
1717 2328 1827 2359 relin-

185 2374 328 2411 quatur
353 2372 566 2412 scrupulus,
593 2381 783 2412 errorque
809 2372 948 2410 omnis,
975 2380 1093 2411 quern
1117 2374 1176 2403 tot
1202 2372 1336 2403 seculis
1361 2372 1522 2411 peperit,
1550 2372 1777 2403 authoritati
1798 2372 1827 2402 8(

184 2415 357 2448 futilibus
376 2416 591 2457 (subtilibus
607 2417 793 2448 volebam
809 2416 954 2457 dicere)
975 2416 1226 2456 argumentis,
1249 2425 1338 2455 quae
1360 2417 1465 2447 nulla
1487 2416 1725 2455 experientia
1745 2416 1828 2447 fun-

184 2460 278 2492 data
294 2463 417 2498 erant,
434 2462 550 2501 vulgo
566 2460 926 2501 Philosophantium
942 2460 1074 2491 innixa
1091 2460 1234 2500 opinio,
1252 2461 1300 2491 de
1314 2461 1569 2492 Cometarum
1587 2461 1655 2491 situ
1671 2469 1828 2500 genera—

184 2505 379 2545 tioneque,
397 2514 420 2536 a
436 2505 610 2536 veritatis
627 2504 771 2537 Schola
787 2505 949 2536 tandem
965 2505 1173 2536 eximatur.

289 2558 322 2584 63
