<?xml version="1.0" encoding="UTF-8"?>
<!DOCTYPE html PUBLIC "-//W3C//DTD XHTML 1.0 Transitional//EN"
    "http://www.w3.org/TR/xhtml1/DTD/xhtml1-transitional.dtd">
<html xmlns="http://www.w3.org/1999/xhtml" xml:lang="en" lang="en">
 <head>
  <title>
</title>
<meta http-equiv="Content-Type" content="text/html;charset=utf-8" />
  <meta name='ocr-system' content='tesseract 3.04.00' />
  <meta name='ocr-capabilities' content='ocr_page ocr_carea ocr_par ocr_line ocrx_word'/>
</head>
<body>
  <div class='ocr_page' id='page_1' title='image "./operaomniaedidit04brahuoft_0146.png"; bbox 0 0 2209 3213; ppageno 0'>
   <div class='ocr_carea' id='block_1_1' title="bbox 360 193 1694 240">
    <p class='ocr_par' dir='ltr' id='par_1_1' title="bbox 360 193 1694 240">
     <span class='ocr_line' id='line_1_1' title="bbox 360 193 1694 240; baseline -0.006 -1"><span class='ocrx_word' id='word_1_1' title='bbox 360 204 425 240; x_wconf 84' lang='lat'>134</span> <span class='ocrx_word' id='word_1_2' title='bbox 659 199 740 236; x_wconf 90' lang='lat' dir='ltr'>DE</span> <span class='ocrx_word' id='word_1_3' title='bbox 762 197 987 236; x_wconf 89' lang='lat' dir='ltr'><strong>MUNDI</strong></span> <span class='ocrx_word' id='word_1_4' title='bbox 1008 196 1172 233; x_wconf 86' lang='lat' dir='ltr'><strong>AETH.</strong></span> <span class='ocrx_word' id='word_1_5' title='bbox 1196 194 1462 233; x_wconf 89' lang='lat' dir='ltr'><strong>RECENT.</strong></span> <span class='ocrx_word' id='word_1_6' title='bbox 1484 193 1694 231; x_wconf 84' lang='lat' dir='ltr'><strong>PHAEN.</strong></span> 
     </span>
    </p>
   </div>
   <div class='ocr_carea' id='block_1_2' title="bbox 359 298 2092 1617">
    <p class='ocr_par' dir='ltr' id='par_1_2' title="bbox 359 298 2052 561">
     <span class='ocr_line' id='line_1_2' title="bbox 359 298 1997 351; baseline -0.007 -5"><span class='ocrx_word' id='word_1_7' title='bbox 359 312 521 347; x_wconf 90' lang='lat' dir='ltr'>tionem</span> <span class='ocrx_word' id='word_1_8' title='bbox 538 307 663 344; x_wconf 92' lang='lat' dir='ltr'>nobis</span> <span class='ocrx_word' id='word_1_9' title='bbox 680 304 932 351; x_wconf 77' lang='lat' dir='ltr'>descriptam</span> <span class='ocrx_word' id='word_1_10' title='bbox 945 302 1129 349; x_wconf 90' lang='lat' dir='ltr'>reliquit,</span> <span class='ocrx_word' id='word_1_11' title='bbox 1147 313 1238 340; x_wconf 92' lang='lat' dir='ltr'>non</span> <span class='ocrx_word' id='word_1_12' title='bbox 1250 300 1436 339; x_wconf 87' lang='lat' dir='ltr'>confisus</span> <span class='ocrx_word' id='word_1_13' title='bbox 1448 300 1503 338; x_wconf 85' lang='lat' dir='ltr'>est</span> <span class='ocrx_word' id='word_1_14' title='bbox 1514 300 1617 338; x_wconf 91' lang='lat' dir='ltr'>huic</span> <span class='ocrx_word' id='word_1_15' title='bbox 1628 301 1816 347; x_wconf 88' lang='lat' dir='ltr'>propriae</span> <span class='ocrx_word' id='word_1_16' title='bbox 1829 298 1997 336; x_wconf 82' lang='lat' dir='ltr'>inuesti-</span> 
     </span>
     <span class='ocr_line' id='line_1_3' title="bbox 359 351 1997 409; baseline -0.006 -10"><span class='ocrx_word' id='word_1_17' title='bbox 359 362 512 409; x_wconf 83' lang='lat' dir='ltr'>gandae</span> <span class='ocrx_word' id='word_1_18' title='bbox 529 358 807 397; x_wconf 85' lang='lat' dir='ltr'>Parallaxeos</span> <span class='ocrx_word' id='word_1_19' title='bbox 828 358 924 399; x_wconf 84' lang='lat' dir='ltr'>viae,</span> <span class='ocrx_word' id='word_1_20' title='bbox 946 355 1015 393; x_wconf 86' lang='lat' dir='ltr'>sed</span> <span class='ocrx_word' id='word_1_21' title='bbox 1036 357 1180 402; x_wconf 92' lang='lat' dir='ltr'>potius</span> <span class='ocrx_word' id='word_1_22' title='bbox 1201 355 1256 393; x_wconf 92' lang='lat' dir='ltr'>ad</span> <span class='ocrx_word' id='word_1_23' title='bbox 1277 354 1413 392; x_wconf 84' lang='lat' dir='ltr'>fixam</span> <span class='ocrx_word' id='word_1_24' title='bbox 1434 353 1625 397; x_wconf 84' lang='lat' dir='ltr'>Stellam,</span> <span class='ocrx_word' id='word_1_25' title='bbox 1647 364 1747 400; x_wconf 86' lang='lat' dir='ltr'>quae</span> <span class='ocrx_word' id='word_1_26' title='bbox 1768 352 1823 390; x_wconf 77' lang='lat' dir='ltr'>est</span> <span class='ocrx_word' id='word_1_27' title='bbox 1843 353 1888 389; x_wconf 92' lang='lat' dir='ltr'>in</span> <span class='ocrx_word' id='word_1_28' title='bbox 1904 351 1997 389; x_wconf 93' lang='lat' dir='ltr'>Vir·</span> 
     </span>
     <span class='ocr_line' id='line_1_4' title="bbox 359 405 1998 461; baseline -0.005 -10"><span class='ocrx_word' id='word_1_29' title='bbox 359 416 467 461; x_wconf 82' lang='lat' dir='ltr'>ginis</span> <span class='ocrx_word' id='word_1_30' title='bbox 492 413 629 460; x_wconf 84' lang='lat' dir='ltr'>Spica,</span> <span class='ocrx_word' id='word_1_31' title='bbox 656 422 754 448; x_wconf 91' lang='lat' dir='ltr'>eam</span> <span class='ocrx_word' id='word_1_32' title='bbox 778 410 1061 451; x_wconf 79' lang='lat' dir='ltr'>exam1nauit,</span> <span class='ocrx_word' id='word_1_33' title='bbox 1085 408 1202 455; x_wconf 93' lang='lat' dir='ltr'>quod</span> <span class='ocrx_word' id='word_1_34' title='bbox 1226 410 1393 445; x_wconf 90' lang='lat' dir='ltr'>vtinam</span> <span class='ocrx_word' id='word_1_35' title='bbox 1415 408 1573 445; x_wconf 88' lang='lat' dir='ltr'>maiori</span> <span class='ocrx_word' id='word_1_36' title='bbox 1596 405 1850 444; x_wconf 84' lang='lat' dir='ltr'>certitudine</span> <span class='ocrx_word' id='word_1_37' title='bbox 1873 405 1998 443; x_wconf 92' lang='lat' dir='ltr'>nobis</span> 
     </span>
     <span class='ocr_line' id='line_1_5' title="bbox 359 458 1998 511; baseline -0.005 -7"><span class='ocrx_word' id='word_1_38' title='bbox 359 467 552 504; x_wconf 86' lang='lat' dir='ltr'>testatum</span> <span class='ocrx_word' id='word_1_39' title='bbox 570 464 806 511; x_wconf 89' lang='lat' dir='ltr'>reliquisset‚</span> <span class='ocrx_word' id='word_1_40' title='bbox 824 474 903 500; x_wconf 92' lang='lat' dir='ltr'>nec</span> <span class='ocrx_word' id='word_1_41' title='bbox 919 466 1226 509; x_wconf 76' lang='lat' dir='ltr'>praeoccupato</span> <span class='ocrx_word' id='word_1_42' title='bbox 1243 473 1296 499; x_wconf 86' lang='lat' dir='ltr'>ex</span> <span class='ocrx_word' id='word_1_43' title='bbox 1312 460 1696 506; x_wconf 88' lang='lat' dir='ltr'>Peripateticorum</span> <span class='ocrx_word' id='word_1_44' title='bbox 1712 463 1884 506; x_wconf 89' lang='lat' dir='ltr'>recepta</span> <span class='ocrx_word' id='word_1_45' title='bbox 1895 458 1998 496; x_wconf 91' lang='lat' dir='ltr'>Sen-</span> 
     </span>
     <span class='ocr_line' id='line_1_6' title="bbox 359 512 2052 561; baseline -0.005 -5"><span class='ocrx_word' id='word_1_46' title='bbox 359 522 493 557; x_wconf 84' lang='lat' dir='ltr'>tentia</span> <span class='ocrx_word' id='word_1_47' title='bbox 509 518 681 559; x_wconf 87' lang='lat' dir='ltr'>iudicio,</span> <span class='ocrx_word' id='word_1_48' title='bbox 699 518 886 554; x_wconf 90' lang='lat' dir='ltr'>nimium</span> <span class='ocrx_word' id='word_1_49' title='bbox 902 514 1140 558; x_wconf 87' lang='lat' dir='ltr'>indulfisset,</span> <span class='ocrx_word' id='word_1_50' title='bbox 1156 519 1200 552; x_wconf 94' lang='lat' dir='ltr'>vt</span> <span class='ocrx_word' id='word_1_51' title='bbox 1216 514 1320 552; x_wconf 93' lang='lat' dir='ltr'>alibi</span> <span class='ocrx_word' id='word_1_52' title='bbox 1335 513 1508 561; x_wconf 90' lang='lat' dir='ltr'>plenius</span> <span class='ocrx_word' id='word_1_53' title='bbox 1524 512 1812 550; x_wconf 86' lang='lat' dir='ltr'>discutiemus.</span> <span class='ocrx_word' id='word_1_54' title='bbox 2037 523 2052 547; x_wconf 82' lang='lat'>5</span> 
     </span>
    </p>

    <p class='ocr_par' dir='ltr' id='par_1_3' title="bbox 360 565 2092 1310">
     <span class='ocr_line' id='line_1_7' title="bbox 414 565 2000 618; baseline -0.004 -9"><span class='ocrx_word' id='word_1_55' title='bbox 414 572 561 618; x_wconf 90' lang='lat' dir='ltr'>Quare</span> <span class='ocrx_word' id='word_1_56' title='bbox 582 573 670 608; x_wconf 91' lang='lat' dir='ltr'>iam</span> <span class='ocrx_word' id='word_1_57' title='bbox 691 569 788 607; x_wconf 89' lang='lat' dir='ltr'>satis</span> <span class='ocrx_word' id='word_1_58' title='bbox 808 569 1034 615; x_wconf 84' lang='lat' dir='ltr'>superque,</span> <span class='ocrx_word' id='word_1_59' title='bbox 1058 579 1150 605; x_wconf 92' lang='lat' dir='ltr'>non</span> <span class='ocrx_word' id='word_1_60' title='bbox 1172 567 1311 605; x_wconf 93' lang='lat' dir='ltr'>solum</span> <span class='ocrx_word' id='word_1_61' title='bbox 1331 568 1518 614; x_wconf 90' lang='lat' dir='ltr'>proprijs</span> <span class='ocrx_word' id='word_1_62' title='bbox 1538 565 1807 609; x_wconf 90' lang='lat' dir='ltr'>Rationibus‚</span> <span class='ocrx_word' id='word_1_63' title='bbox 1831 575 1931 612; x_wconf 88' lang='lat' dir='ltr'>quae</span> <span class='ocrx_word' id='word_1_64' title='bbox 1955 566 2000 602; x_wconf 92' lang='lat' dir='ltr'>in</span> 
     </span>
     <span class='ocr_line' id='line_1_8' title="bbox 360 619 2001 668; baseline -0.005 -6"><span class='ocrx_word' id='word_1_65' title='bbox 360 626 518 662; x_wconf 86' lang='lat' dir='ltr'>Praxin</span> <span class='ocrx_word' id='word_1_66' title='bbox 531 623 804 661; x_wconf 91' lang='lat' dir='ltr'>commodius</span> <span class='ocrx_word' id='word_1_67' title='bbox 816 622 854 659; x_wconf 84' lang='lat'>&amp;</span> <span class='ocrx_word' id='word_1_68' title='bbox 866 620 1022 659; x_wconf 69' lang='lat' dir='ltr'>refflus</span> <span class='ocrx_word' id='word_1_69' title='bbox 1039 621 1193 659; x_wconf 92' lang='lat' dir='ltr'>deduci</span> <span class='ocrx_word' id='word_1_70' title='bbox 1209 625 1421 668; x_wconf 86' lang='lat' dir='ltr'>poterant,</span> <span class='ocrx_word' id='word_1_71' title='bbox 1438 619 1508 657; x_wconf 89' lang='lat' dir='ltr'>sed</span> <span class='ocrx_word' id='word_1_72' title='bbox 1523 621 1654 657; x_wconf 88' lang='lat' dir='ltr'>etiam</span> <span class='ocrx_word' id='word_1_73' title='bbox 1666 619 2001 666; x_wconf 88' lang='lat' dir='ltr'>Regiomontani</span> 
     </span>
     <span class='ocr_line' id='line_1_9' title="bbox 361 671 2000 723; baseline -0.004 -8"><span class='ocrx_word' id='word_1_74' title='bbox 361 678 587 720; x_wconf 87' lang='lat' dir='ltr'>Methodo,</span> <span class='ocrx_word' id='word_1_75' title='bbox 608 677 859 723; x_wconf 89' lang='lat' dir='ltr'>vtquamuis</span> <span class='ocrx_word' id='word_1_76' title='bbox 878 676 1025 712; x_wconf 91' lang='lat' dir='ltr'>minus</span> <span class='ocrx_word' id='word_1_77' title='bbox 1046 676 1228 721; x_wconf 89' lang='lat' dir='ltr'>negocio</span> <span class='ocrx_word' id='word_1_78' title='bbox 1244 673 1347 711; x_wconf 93' lang='lat' dir='ltr'>huic</span> <span class='ocrx_word' id='word_1_79' title='bbox 1363 674 1638 720; x_wconf 90' lang='lat' dir='ltr'>competenti,</span> <span class='ocrx_word' id='word_1_80' title='bbox 1660 671 1884 710; x_wconf 91' lang='lat' dir='ltr'>euidenter</span> <span class='ocrx_word' id='word_1_81' title='bbox 1900 682 2000 708; x_wconf 91' lang='lat' dir='ltr'>con-</span> 
     </span>
     <span class='ocr_line' id='line_1_10' title="bbox 360 723 2001 775; baseline -0.005 -6"><span class='ocrx_word' id='word_1_82' title='bbox 360 731 648 773; x_wconf 89' lang='lat' dir='ltr'>firmauimus,</span> <span class='ocrx_word' id='word_1_83' title='bbox 667 730 898 768; x_wconf 92' lang='lat' dir='ltr'>Cometam</span> <span class='ocrx_word' id='word_1_84' title='bbox 914 727 1032 765; x_wconf 92' lang='lat' dir='ltr'>hunc</span> <span class='ocrx_word' id='word_1_85' title='bbox 1048 727 1178 775; x_wconf 90' lang='lat' dir='ltr'>plane</span> <span class='ocrx_word' id='word_1_86' title='bbox 1189 726 1449 764; x_wconf 90' lang='lat' dir='ltr'>AEthereum</span> <span class='ocrx_word' id='word_1_87' title='bbox 1462 726 1645 769; x_wconf 85' lang='lat' dir='ltr'>extitisse,</span> <span class='ocrx_word' id='word_1_88' title='bbox 1663 724 1701 762; x_wconf 86' lang='lat'>&amp;</span> <span class='ocrx_word' id='word_1_89' title='bbox 1716 735 1896 763; x_wconf 89' lang='lat' dir='ltr'>omnem</span> <span class='ocrx_word' id='word_1_90' title='bbox 1911 723 2001 762; x_wconf 92' lang='lat' dir='ltr'>sen-</span> 
     </span>
     <span class='ocr_line' id='line_1_11' title="bbox 360 776 2073 828; baseline -0.005 -6"><span class='ocrx_word' id='word_1_91' title='bbox 360 784 523 822; x_wconf 84' lang='lat' dir='ltr'>fibilem</span> <span class='ocrx_word' id='word_1_92' title='bbox 539 783 819 821; x_wconf 84' lang='lat' dir='ltr'>Parallaxeos</span> <span class='ocrx_word' id='word_1_93' title='bbox 836 782 1123 828; x_wconf 88' lang='lat' dir='ltr'>quantitatem</span> <span class='ocrx_word' id='word_1_94' title='bbox 1139 779 1346 828; x_wconf 88' lang='lat' dir='ltr'>respuisse.</span> <span class='ocrx_word' id='word_1_95' title='bbox 1368 779 1559 826; x_wconf 91' lang='lat' dir='ltr'>Ideoque</span> <span class='ocrx_word' id='word_1_96' title='bbox 1576 776 1732 816; x_wconf 63' lang='lat' dir='ltr'>relictis</span> <span class='ocrx_word' id='word_1_97' title='bbox 1747 777 1828 821; x_wconf 91' lang='lat' dir='ltr'>his,</span> <span class='ocrx_word' id='word_1_98' title='bbox 1849 777 1904 815; x_wconf 89' lang='lat' dir='ltr'>ad</span> <span class='ocrx_word' id='word_1_99' title='bbox 1921 788 2001 814; x_wconf 87' lang='lat' dir='ltr'>cae-</span> <span class='ocrx_word' id='word_1_100' title='bbox 2043 788 2073 813; x_wconf 88' lang='grc' dir='ltr'>ιο</span> 
     </span>
     <span class='ocr_line' id='line_1_12' title="bbox 362 830 2002 884; baseline -0.004 -9"><span class='ocrx_word' id='word_1_101' title='bbox 362 843 464 881; x_wconf 89' lang='lat' dir='ltr'>tera,</span> <span class='ocrx_word' id='word_1_102' title='bbox 487 848 586 884; x_wconf 85' lang='lat' dir='ltr'>quae</span> <span class='ocrx_word' id='word_1_103' title='bbox 602 836 656 874; x_wconf 92' lang='lat' dir='ltr'>ab</span> <span class='ocrx_word' id='word_1_104' title='bbox 672 838 795 873; x_wconf 89' lang='lat' dir='ltr'>initio</span> <span class='ocrx_word' id='word_1_105' title='bbox 814 834 1142 882; x_wconf 77' lang='lat' dir='ltr'>peruestiganda</span> <span class='ocrx_word' id='word_1_106' title='bbox 1160 832 1478 881; x_wconf 90' lang='lat' dir='ltr'>proposuimus,</span> <span class='ocrx_word' id='word_1_107' title='bbox 1498 831 1800 879; x_wconf 69' lang='lat' dir='ltr'>procedamus</span> <span class='ocrx_word' id='word_1_108' title='bbox 1822 830 2002 868; x_wconf 89' lang='lat' dir='ltr'>Fuimus</span> 
     </span>
     <span class='ocr_line' id='line_1_13' title="bbox 362 884 2002 936; baseline -0.004 -8"><span class='ocrx_word' id='word_1_109' title='bbox 362 896 509 928; x_wconf 89' lang='lat' dir='ltr'>autem</span> <span class='ocrx_word' id='word_1_110' title='bbox 525 892 570 927; x_wconf 91' lang='lat' dir='ltr'>in</span> <span class='ocrx_word' id='word_1_111' title='bbox 586 889 669 927; x_wconf 93' lang='lat' dir='ltr'>hoc</span> <span class='ocrx_word' id='word_1_112' title='bbox 686 889 840 936; x_wconf 88' lang='lat' dir='ltr'>Capite</span> <span class='ocrx_word' id='word_1_113' title='bbox 858 890 971 925; x_wconf 90' lang='lat' dir='ltr'>circa</span> <span class='ocrx_word' id='word_1_114' title='bbox 986 887 1237 925; x_wconf 84' lang='lat' dir='ltr'>Parallaxes</span> <span class='ocrx_word' id='word_1_115' title='bbox 1253 885 1481 930; x_wconf 86' lang='lat' dir='ltr'>eruendas,</span> <span class='ocrx_word' id='word_1_116' title='bbox 1503 885 1637 933; x_wconf 89' lang='lat' dir='ltr'>paulo</span> <span class='ocrx_word' id='word_1_117' title='bbox 1657 884 1928 932; x_wconf 86' lang='lat' dir='ltr'>prolixiores,</span> <span class='ocrx_word' id='word_1_118' title='bbox 1949 894 2002 921; x_wconf 90' lang='lat' dir='ltr'>eo</span> 
     </span>
     <span class='ocr_line' id='line_1_14' title="bbox 362 936 2002 990; baseline -0.004 -9"><span class='ocrx_word' id='word_1_119' title='bbox 362 944 479 990; x_wconf 92' lang='lat' dir='ltr'>quod</span> <span class='ocrx_word' id='word_1_120' title='bbox 496 943 626 981; x_wconf 87' lang='lat' dir='ltr'>cardo</span> <span class='ocrx_word' id='word_1_121' title='bbox 642 944 773 980; x_wconf 93' lang='lat' dir='ltr'>totius</span> <span class='ocrx_word' id='word_1_122' title='bbox 789 944 862 985; x_wconf 89' lang='lat' dir='ltr'>rei,</span> <span class='ocrx_word' id='word_1_123' title='bbox 885 940 923 978; x_wconf 86' lang='lat'>&amp;</span> <span class='ocrx_word' id='word_1_124' title='bbox 943 942 1192 988; x_wconf 88' lang='lat' dir='ltr'>praecipuus</span> <span class='ocrx_word' id='word_1_125' title='bbox 1208 939 1374 987; x_wconf 91' lang='lat' dir='ltr'>Scopus</span> <span class='ocrx_word' id='word_1_126' title='bbox 1391 950 1557 982; x_wconf 89' lang='lat' dir='ltr'>eorum,</span> <span class='ocrx_word' id='word_1_127' title='bbox 1579 949 1679 985; x_wconf 89' lang='lat' dir='ltr'>quae</span> <span class='ocrx_word' id='word_1_128' title='bbox 1700 940 1745 975; x_wconf 92' lang='lat' dir='ltr'>in</span> <span class='ocrx_word' id='word_1_129' title='bbox 1764 936 2002 975; x_wconf 88' lang='lat' dir='ltr'>confidera-</span> 
     </span>
     <span class='ocr_line' id='line_1_15' title="bbox 361 989 2002 1039; baseline -0.004 -5"><span class='ocrx_word' id='word_1_130' title='bbox 361 999 526 1034; x_wconf 89' lang='lat' dir='ltr'>tionem</span> <span class='ocrx_word' id='word_1_131' title='bbox 539 996 824 1034; x_wconf 89' lang='lat' dir='ltr'>Cometarum</span> <span class='ocrx_word' id='word_1_132' title='bbox 836 996 1030 1037; x_wconf 91' lang='lat' dir='ltr'>veniunt,</span> <span class='ocrx_word' id='word_1_133' title='bbox 1048 995 1161 1031; x_wconf 88' lang='lat' dir='ltr'>circa</span> <span class='ocrx_word' id='word_1_134' title='bbox 1176 993 1260 1031; x_wconf 93' lang='lat' dir='ltr'>hoc</span> <span class='ocrx_word' id='word_1_135' title='bbox 1271 997 1479 1036; x_wconf 90' lang='lat' dir='ltr'>vertatur;</span> <span class='ocrx_word' id='word_1_136' title='bbox 1496 991 1706 1039; x_wconf 89' lang='lat' dir='ltr'>fiquidem</span> <span class='ocrx_word' id='word_1_137' title='bbox 1719 990 1820 1028; x_wconf 92' lang='lat' dir='ltr'>inde</span> <span class='ocrx_word' id='word_1_138' title='bbox 1833 989 2002 1034; x_wconf 80' lang='lat' dir='ltr'>constet,</span> 
     </span>
     <span class='ocr_line' id='line_1_16' title="bbox 361 1044 2074 1095; baseline -0.005 -8"><span class='ocrx_word' id='word_1_139' title='bbox 361 1055 505 1088; x_wconf 90' lang='lat' dir='ltr'>vtrum</span> <span class='ocrx_word' id='word_1_140' title='bbox 522 1051 567 1087; x_wconf 93' lang='lat' dir='ltr'>in</span> <span class='ocrx_word' id='word_1_141' title='bbox 583 1049 848 1087; x_wconf 86' lang='lat' dir='ltr'>Elementari</span> <span class='ocrx_word' id='word_1_142' title='bbox 865 1048 1068 1095; x_wconf 87' lang='lat' dir='ltr'>Regione‚</span> <span class='ocrx_word' id='word_1_143' title='bbox 1089 1058 1169 1084; x_wconf 91' lang='lat' dir='ltr'>nec</span> <span class='ocrx_word' id='word_1_144' title='bbox 1189 1058 1257 1091; x_wconf 91' lang='lat' dir='ltr'>ne,</span> <span class='ocrx_word' id='word_1_145' title='bbox 1280 1045 1574 1084; x_wconf 89' lang='lat' dir='ltr'>obuersentur.</span> <span class='ocrx_word' id='word_1_146' title='bbox 1597 1044 1699 1091; x_wconf 89' lang='lat' dir='ltr'>Qua</span> <span class='ocrx_word' id='word_1_147' title='bbox 1719 1046 1764 1082; x_wconf 91' lang='lat' dir='ltr'>in</span> <span class='ocrx_word' id='word_1_148' title='bbox 1784 1055 1829 1081; x_wconf 92' lang='lat' dir='ltr'>re</span> <span class='ocrx_word' id='word_1_149' title='bbox 1851 1054 2002 1091; x_wconf 87' lang='lat' dir='ltr'>quam-</span> <span class='ocrx_word' id='word_1_150' title='bbox 2044 1054 2074 1078; x_wconf 82' lang='lat'>¹5</span> 
     </span>
     <span class='ocr_line' id='line_1_17' title="bbox 362 1096 2092 1151; baseline -0.005 -10"><span class='ocrx_word' id='word_1_151' title='bbox 362 1103 574 1150; x_wconf 88' lang='lat' dir='ltr'>plurimos</span> <span class='ocrx_word' id='word_1_152' title='bbox 599 1098 927 1151; x_wconf 76' lang='lat' dir='ltr'>hallucina-lltos</span> <span class='ocrx_word' id='word_1_153' title='bbox 949 1100 1162 1144; x_wconf 88' lang='lat' dir='ltr'>videmus,</span> <span class='ocrx_word' id='word_1_154' title='bbox 1188 1101 1344 1147; x_wconf 87' lang='lat' dir='ltr'>partim</span> <span class='ocrx_word' id='word_1_155' title='bbox 1371 1098 1489 1146; x_wconf 92' lang='lat' dir='ltr'>quod</span> <span class='ocrx_word' id='word_1_156' title='bbox 1513 1098 1703 1136; x_wconf 91' lang='lat' dir='ltr'>aliorum</span> <span class='ocrx_word' id='word_1_157' title='bbox 1725 1096 2003 1135; x_wconf 88' lang='lat' dir='ltr'>Authoritate</span> <span class='ocrx_word' id='word_1_158' title='bbox 2031 1100 2092 1132; x_wconf 88' lang='lat'>158</span> 
     </span>
     <span class='ocr_line' id='line_1_18' title="bbox 362 1149 2004 1203; baseline -0.004 -9"><span class='ocrx_word' id='word_1_159' title='bbox 362 1154 520 1194; x_wconf 66' lang='lat' dir='ltr'>seducti</span> <span class='ocrx_word' id='word_1_160' title='bbox 540 1155 629 1199; x_wconf 80' lang='lat' dir='ltr'>sint,</span> <span class='ocrx_word' id='word_1_161' title='bbox 652 1157 821 1203; x_wconf 91' lang='lat' dir='ltr'>partim,</span> <span class='ocrx_word' id='word_1_162' title='bbox 843 1156 948 1201; x_wconf 89' lang='lat' dir='ltr'>quia</span> <span class='ocrx_word' id='word_1_163' title='bbox 969 1165 1069 1191; x_wconf 93' lang='lat' dir='ltr'>cum</span> <span class='ocrx_word' id='word_1_164' title='bbox 1089 1164 1157 1191; x_wconf 87' lang='lat' dir='ltr'>res</span> <span class='ocrx_word' id='word_1_165' title='bbox 1172 1152 1362 1190; x_wconf 87' lang='lat' dir='ltr'>versetur</span> <span class='ocrx_word' id='word_1_166' title='bbox 1378 1154 1491 1190; x_wconf 89' lang='lat' dir='ltr'>circa</span> <span class='ocrx_word' id='word_1_167' title='bbox 1507 1150 1762 1198; x_wconf 82' lang='lat' dir='ltr'>exquisitam</span> <span class='ocrx_word' id='word_1_168' title='bbox 1778 1149 2004 1197; x_wconf 90' lang='lat' dir='ltr'>quandam</span> 
     </span>
     <span class='ocr_line' id='line_1_19' title="bbox 362 1202 2003 1256; baseline -0.004 -9"><span class='ocrx_word' id='word_1_169' title='bbox 362 1209 648 1253; x_wconf 91' lang='lat' dir='ltr'>subtilitatem,</span> <span class='ocrx_word' id='word_1_170' title='bbox 674 1209 873 1256; x_wconf 89' lang='lat' dir='ltr'>grossiori,</span> <span class='ocrx_word' id='word_1_171' title='bbox 899 1219 987 1255; x_wconf 87' lang='lat' dir='ltr'>qua</span> <span class='ocrx_word' id='word_1_172' title='bbox 1011 1206 1255 1250; x_wconf 87' lang='lat' dir='ltr'>vtebantur‚</span> <span class='ocrx_word' id='word_1_173' title='bbox 1280 1206 1497 1253; x_wconf 88' lang='lat' dir='ltr'>indagine,</span> <span class='ocrx_word' id='word_1_174' title='bbox 1523 1205 1579 1243; x_wconf 93' lang='lat' dir='ltr'>ad</span> <span class='ocrx_word' id='word_1_175' title='bbox 1599 1204 1801 1242; x_wconf 89' lang='lat' dir='ltr'>Veritatis</span> <span class='ocrx_word' id='word_1_176' title='bbox 1826 1202 2003 1250; x_wconf 92' lang='lat' dir='ltr'>scopum</span> 
     </span>
     <span class='ocr_line' id='line_1_20' title="bbox 362 1259 1277 1310; baseline -0.003 -10"><span class='ocrx_word' id='word_1_177' title='bbox 362 1262 649 1310; x_wconf 89' lang='lat' dir='ltr'>perueniendi</span> <span class='ocrx_word' id='word_1_178' title='bbox 664 1264 736 1300; x_wconf 93' lang='lat' dir='ltr'>via</span> <span class='ocrx_word' id='word_1_179' title='bbox 752 1263 895 1299; x_wconf 91' lang='lat' dir='ltr'>omnis</span> <span class='ocrx_word' id='word_1_180' title='bbox 911 1259 1122 1308; x_wconf 86' lang='lat' dir='ltr'>praeclusa</span> <span class='ocrx_word' id='word_1_181' title='bbox 1137 1259 1277 1297; x_wconf 87' lang='lat' dir='ltr'>fuerit.</span> 
     </span>
    </p>

    <p class='ocr_par' dir='ltr' id='par_1_4' title="bbox 416 1309 2075 1363">
     <span class='ocr_line' id='line_1_21' title="bbox 416 1309 2075 1363; baseline -0.005 -9"><span class='ocrx_word' id='word_1_182' title='bbox 416 1316 528 1353; x_wconf 87' lang='lat' dir='ltr'>Haec</span> <span class='ocrx_word' id='word_1_183' title='bbox 545 1317 690 1362; x_wconf 90' lang='lat' dir='ltr'>itaque</span> <span class='ocrx_word' id='word_1_184' title='bbox 708 1316 759 1353; x_wconf 93' lang='lat' dir='ltr'>de</span> <span class='ocrx_word' id='word_1_185' title='bbox 776 1317 840 1363; x_wconf 88' lang='lat' dir='ltr'>ijs,</span> <span class='ocrx_word' id='word_1_186' title='bbox 862 1325 961 1362; x_wconf 87' lang='lat' dir='ltr'>quae</span> <span class='ocrx_word' id='word_1_187' title='bbox 982 1313 1067 1352; x_wconf 92' lang='lat' dir='ltr'>hoc</span> <span class='ocrx_word' id='word_1_188' title='bbox 1084 1313 1238 1360; x_wconf 90' lang='lat' dir='ltr'>Capite</span> <span class='ocrx_word' id='word_1_189' title='bbox 1254 1310 1479 1350; x_wconf 67' lang='lat' dir='ltr'>tractanda</span> <span class='ocrx_word' id='word_1_190' title='bbox 1495 1316 1629 1355; x_wconf 90' lang='lat' dir='ltr'>erant,</span> <span class='ocrx_word' id='word_1_191' title='bbox 1651 1310 1688 1348; x_wconf 85' lang='lat'>&amp;</span> <span class='ocrx_word' id='word_1_192' title='bbox 1709 1309 1951 1348; x_wconf 90' lang='lat' dir='ltr'>luculenter</span> <span class='ocrx_word' id='word_1_193' title='bbox 2041 1319 2075 1344; x_wconf 88' lang='lat'>20</span> 
     </span>
    </p>

    <p class='ocr_par' dir='ltr' id='par_1_5' title="bbox 521 1363 2075 1617">
     <span class='ocr_line' id='line_1_22' title="bbox 521 1363 1844 1415; baseline -0.005 -8"><span class='ocrx_word' id='word_1_194' title='bbox 521 1371 566 1406; x_wconf 90' lang='lat' dir='ltr'>in</span> <span class='ocrx_word' id='word_1_195' title='bbox 586 1369 781 1406; x_wconf 92' lang='lat' dir='ltr'>medium</span> <span class='ocrx_word' id='word_1_196' title='bbox 801 1367 1027 1415; x_wconf 90' lang='lat' dir='ltr'>protulisse‚</span> <span class='ocrx_word' id='word_1_197' title='bbox 1050 1366 1087 1404; x_wconf 87' lang='lat'>&amp;</span> <span class='ocrx_word' id='word_1_198' title='bbox 1107 1366 1205 1404; x_wconf 91' lang='lat' dir='ltr'>satis</span> <span class='ocrx_word' id='word_1_199' title='bbox 1226 1365 1460 1409; x_wconf 90' lang='lat' dir='ltr'>evidenter,</span> <span class='ocrx_word' id='word_1_200' title='bbox 1480 1369 1541 1402; x_wconf 92' lang='lat' dir='ltr'>tot</span> <span class='ocrx_word' id='word_1_201' title='bbox 1561 1363 1764 1402; x_wconf 88' lang='lat' dir='ltr'>adhibitis</span> <span class='ocrx_word' id='word_1_202' title='bbox 1785 1363 1844 1401; x_wconf 93' lang='lat' dir='ltr'>di-</span> 
     </span>
     <span class='ocr_line' id='line_1_23' title="bbox 627 1416 1738 1463; baseline -0.005 -3"><span class='ocrx_word' id='word_1_203' title='bbox 627 1422 758 1460; x_wconf 84' lang='lat' dir='ltr'>uersis</span> <span class='ocrx_word' id='word_1_204' title='bbox 774 1420 1192 1463; x_wconf 89' lang='lat' dir='ltr'>ratiocinationibus,</span> <span class='ocrx_word' id='word_1_205' title='bbox 1208 1419 1476 1457; x_wconf 89' lang='lat' dir='ltr'>Geometriae</span> <span class='ocrx_word' id='word_1_206' title='bbox 1488 1416 1738 1455; x_wconf 86' lang='lat' dir='ltr'>Arithmeti-</span> 
     </span>
     <span class='ocr_line' id='line_1_24' title="bbox 884 1471 1486 1521; baseline -0.008 -8"><span class='ocrx_word' id='word_1_207' title='bbox 884 1485 1034 1521; x_wconf 86' lang='lat' dir='ltr'>caeque</span> <span class='ocrx_word' id='word_1_208' title='bbox 1051 1471 1214 1511; x_wconf 65' lang='lat' dir='ltr'>inuicta</span> <span class='ocrx_word' id='word_1_209' title='bbox 1230 1471 1486 1510; x_wconf 90' lang='lat' dir='ltr'>certitudine</span> 
     </span>
     <span class='ocr_line' id='line_1_25' title="bbox 1021 1525 1347 1569; baseline -0.003 -5"><span class='ocrx_word' id='word_1_210' title='bbox 1021 1525 1347 1569; x_wconf 83' lang='lat' dir='ltr'>Demonstrasse,</span> 
     </span>
     <span class='ocr_line' id='line_1_26' title="bbox 1087 1578 2075 1617; baseline -0.007 0"><span class='ocrx_word' id='word_1_211' title='bbox 1087 1578 1279 1617; x_wconf 87' lang='lat' dir='ltr'>sufficiat.</span> <span class='ocrx_word' id='word_1_212' title='bbox 2041 1585 2075 1610; x_wconf 83' lang='lat'>25</span> 
     </span>
    </p>
   </div>
   <div class='ocr_carea' id='block_1_3' title="bbox 1813 2528 2006 2568">
    <p class='ocr_par' dir='ltr' id='par_1_6' title="bbox 1813 2528 2006 2568">
     <span class='ocr_line' id='line_1_27' title="bbox 1813 2528 2006 2568; baseline -0.016 0"><span class='ocrx_word' id='word_1_213' title='bbox 1813 2528 2006 2568; x_wconf 84' lang='lat' dir='ltr'><strong>CAPVT</strong></span> 
     </span>
    </p>
   </div>
  </div>
 </body>
</html>
