2209 3213
770 339 1104 408 CAPVT
1130 338 1610 405 TERTIVM.

400 438 489 480 DE
514 434 821 479 COMETAE
844 430 1460 477 LONGITUDINIBUS
1481 430 1525 474 8(
1547 429 1980 474 LATITUDINI-

486 504 606 545 BUS,
630 503 705 540 EX
728 500 1058 539 DISTANTIIS
1079 501 1119 537 A
1142 499 1342 538 CERTIS
1363 498 1726 545 QUIBUSDAM
1748 498 1895 536 FIXIS

588 563 826 607 STELLIS,
848 563 933 600 AD
955 561 1252 600 SINGULOS
1273 559 1792 599 OBSERUATIONUM

731 625 872 669 DIES,
894 622 1384 661 TRIANGULORUM
1406 622 1650 660 SPHAERI-
2047 639 2063 664 5

873 685 1089 724 CORUM
1111 684 1506 727 INDUCTIONE,

984 745 1395 785 DISPONENDIS.

758 813 1017 853 STITUTIS
1033 815 1179 860 itaque
1194 814 1239 850 in
1253 812 1371 850 hunc
1382 812 1566 850 modum
1577 811 1767 849 fixarum
1782 810 1901 854 locis,
1918 812 2010 857 qui-

749 879 800 905 us
812 869 857 904 in
869 866 1001 904 huius
1014 867 1211 905 Cometae
1223 865 1537 904 Obseruatione
1550 876 1660 911 opus
1673 869 1775 909 erat,
1792 863 2011 911 reliquum

747 921 787 965 st,
808 925 852 958 vt
871 932 947 967 per
966 919 1195 963 distantias,
1217 930 1326 966 quas
1346 920 1488 966 primo
1506 918 1660 965 Capite
1676 917 1760 955 suis
1777 916 1928 955 diebus
1944 928 2009 954 or·
2051 929 2082 954 ιο

750 976 821 1011 ine
843 975 1169 1016 annotauimus‚
1195 971 1328 1019 Ipsius
1349 974 1481 1009 etiam
1500 971 1598 1009 loca
1617 970 1855 1008 secundum
1874 969 2010 1017 longi-

737 1027 917 1064 udinem
934 1026 972 1063 &
987 1026 1273 1068 latitudinem,
1290 1036 1366 1072 per
1382 1021 1743 1074 Sphaeri-sscorum
1753 1023 2010 1070 Triangulo-
2044 1029 2086 1061 35

401 1104 414 1106 vv
744 1091 818 1117 um
829 1079 1063 1117 Scientiam
1074 1078 1392 1126 inuestigemus.
1406 1078 1610 1124 Cumque
1622 1088 1689 1114 res
1701 1076 1796 1114 haec
1805 1075 2011 1113 nonnihil

373 1133 533 1171 laboris
546 1133 583 1170 &
594 1133 899 1180 perplexitatis,
914 1134 978 1180 ijs,
991 1134 1066 1179 qui
1077 1134 1223 1169 minus
1234 1133 1279 1168 in
1291 1131 1374 1168 hoc
1386 1131 1570 1178 puluere
1583 1131 1802 1168 exercitati
1813 1129 1920 1173 sunt,
1938 1129 2010 1167 ob-

373 1188 509 1224 tinere
525 1186 738 1223 videatur:
761 1185 1027 1233 fingulorum
1047 1185 1218 1222 dierum
1238 1184 1456 1222 distantias
1477 1186 1523 1221 in
1544 1183 1955 1221 demonstrationem
1973 1182 2011 1219 &
2052 1195 2082 1220 15

374 1251 580 1276 numeros
596 1250 867 1283 reuocemus,
883 1240 1042 1286 partim
1053 1244 1096 1276 vt
1108 1237 1298 1275 constare
1312 1238 1440 1284 possit,
1458 1248 1539 1274 nos
1550 1248 1641 1274 non
1652 1241 1815 1274 temere
1826 1235 1907 1273 has
1918 1235 2011 1272 lon-

374 1293 588 1339 gitudines
604 1292 641 1330 &
657 1292 918 1335 latitudines,
935 1292 1004 1329 vel
1020 1290 1343 1338 superficialiter
1360 1301 1413 1328 ex
1429 1290 1589 1334 Globo,
1610 1294 1685 1327 aut
1705 1301 1781 1337 per
1797 1287 2011 1326 coniedtu-

374 1357 468 1383 ram
481 1345 540 1391 (vt
552 1345 746 1392 plerique
759 1345 909 1391 solent)
923 1344 1137 1388 effinxisse‚
1154 1345 1312 1391 partim
1324 1345 1467 1387 etiam,
1480 1348 1523 1381 vt
1535 1345 1758 1390 negotium
1770 1341 1854 1380 hoc
1864 1343 2012 1379 minus

374 1398 720 1445 intelligentibus,
737 1409 813 1445 per
829 1397 1131 1444 exemplorum
1144 1399 1328 1444 copiam,
1344 1397 1517 1443 planior
1531 1396 1741 1433 sternatur
1752 1397 1836 1440 via,
1853 1406 1941 1442 qua
1951 1396 2011 1432 vi-

374 1451 525 1488 delicet
538 1462 590 1488 ex
602 1451 789 1489 duarum
801 1451 870 1488 vel
881 1451 1073 1498 plurium
1083 1450 1316 1488 Stellarum
1329 1449 1546 1497 distantijs,
1559 1449 1668 1487 datis
1681 1450 1813 1486 etiam
1824 1449 2013 1486 duarum
2050 1460 2083 1486 20

375 1504 666 1551 quarumlibet
682 1504 799 1547 locis,
816 1506 861 1541 in
877 1506 1013 1541 tertiae
1030 1505 1323 1551 cognitionem
1338 1504 1569 1550 peruenire
1584 1502 1722 1540 liceat.
1742 1502 1793 1540 Et
1809 1513 1864 1539 ne
1880 1501 2011 1549 pluri-

373 1557 453 1594 bus
469 1569 536 1594 res
552 1557 842 1604 protrahatur,
860 1557 984 1604 Opus
1000 1556 1139 1604 ipsum
1155 1556 1467 1604 aggrediemur.

884 1654 984 1691 DIE
1004 1653 1118 1691 XIII.
1140 1652 1498 1692 NOVEMBRIS.

461 1716 499 1754 O
516 1716 596 1760 die,
614 1716 740 1753 Hora
752 1716 946 1763 superius
958 1721 1180 1758 annotata,
1197 1714 1476 1762 deprehendi,
1488 1716 1548 1752 vti
1560 1714 1762 1757 diximus,
1780 1713 2011 1752 Cometam

468 1768 618 1806 distare
628 1781 654 1807 a
663 1769 1004 1807 lucidaVulturis
1015 1768 1146 1806 Stella
1156 1768 1269 1806 1³26.
1278 1768 1411 1805 M.48.
1422 1768 1490 1806 Ab
1501 1767 1696 1805 inferiori
1704 1779 1809 1805 vero
1819 1778 1956 1804 cornu
1969 1772 2010 1811 Z,
2048 1779 2081 1804 25

1023 1822 1128 1859 P.21.
1138 1821 1200 1859 M.
1209 1821 1262 1859 19.
1275 1821 1394 1858 Hinc
1407 1832 1459 1858 ex
1472 1821 1582 1858 datis
1593 1826 1724 1858 antea
1734 1820 1895 1858 harum
1906 1819 2010 1858 Stel-

1023 1874 1167 1912 larum
1182 1874 1526 1922 longitudinibus
1543 1873 1580 1911 &
1595 1873 1908 1917 latitudinibus,
1927 1873 2010 1911 Co-

1023 1933 1151 1965 metae
1168 1928 1316 1965 locum
1330 1929 1605 1974 inquiremus
1619 1929 1665 1964 in
1678 1926 1797 1964 hunc
1810 1926 2009 1964 modum:

1076 1980 1137 2019 Sit
1148 1983 1194 2018 in
1205 1980 1386 2028 ascripta
1395 1979 1668 2028 figuratione,
1678 1980 1721 2023 P,
1732 1979 1863 2017 Polus
1872 1979 2010 2027 Eclip-

1023 2036 1131 2078 ticae‚
1145 2046 1171 2072 a
1182 2045 1270 2080 quo
1280 2033 1513 2081 descriptus
1521 2033 1662 2070 Arcus
1672 2033 1753 2077 EF,
1763 2034 2011 2080 portionem
2048 2044 2082 2070 30

1024 2087 1243 2134 Eclipticae
1260 2086 1546 2133 repraesentet.
1563 2086 1624 2124 Sit
1635 2091 1783 2124 autem
1795 2086 1848 2130 A,
1858 2085 2010 2123 Vultu-

1024 2142 1081 2177 ris
1102 2140 1258 2177 lucida.
1281 2140 1314 2177 B
1332 2151 1436 2177 vero
1454 2139 1635 2177 inferius
1652 2151 1789 2177 cornu
1809 2144 1850 2179 z.
1872 2138 1909 2177 C
1927 2138 2010 2177 Co-

1024 2198 1152 2237 meta,
1174 2192 1521 2239 descendantque
1542 2204 1618 2240 per
1639 2192 1734 2230 haec
1752 2194 1835 2229 tria
1853 2191 1950 2229 loca
1966 2193 2012 2229 in

1024 2258 1175 2283 arcum
1206 2246 1424 2293 Eclipticae
1454 2251 1538 2283 tres
1568 2245 1847 2291 Quadrantes
1876 2244 2010 2289 PCE,

1024 2299 1160 2341 PAD,
1186 2299 1310 2343 PBF,
1334 2297 1735 2345 connedtanturque
1758 2300 1840 2335 tria
1862 2297 2010 2336 Stella—
2048 2309 2082 2335 35

1025 2364 1123 2389 rum
1144 2352 1241 2389 loca
1261 2363 1337 2399 per
1357 2363 1484 2390 arcus
1501 2351 1780 2389 Circulorum
1798 2353 2011 2388 maximo-

1025 2416 1134 2448 rum,
1147 2410 1190 2442 vt
1203 2404 1296 2449 CA,
1309 2405 1403 2449 AB,
1417 2404 1455 2442 8(
1466 2404 1557 2442 BC.
1574 2404 1747 2442 Dantur
1759 2409 1908 2441 autem
1919 2403 2010 2441 lon-

948 2477 992 2525 F
1025 2458 1241 2504 gitudines
1268 2457 1306 2494 &
1332 2457 1582 2495 latitudines
1609 2457 1799 2494 fixarum
1823 2459 1882 2494 vti
1909 2456 2010 2494 dixi.

1026 2511 1144 2548 Nam
1164 2511 1205 2547 A
1221 2510 1416 2548 Vulturis
1438 2510 1571 2548 Stella
1593 2510 1723 2548 habet
1745 2510 1859 2557 long.
1883 2509 1926 2547 P.
1947 2509 2010 2547 25.
