2209 3213
376 237 416 273 10
673 235 755 272 DE
777 234 1002 272 MUNDI
1023 234 1186 272 AETH.
1209 234 1475 273 RECENT.
1498 233 1708 271 PHAEN.

375 340 651 378 uentionibus
663 340 699 376 8(
709 340 886 386 placitis,
900 341 974 386 qui
985 340 1216 378 Cometam
1226 340 1343 378 hunc
1351 340 1609 377 AEthereum
1620 339 1657 376 8(
1666 339 2009 386 Superlunarem

373 394 486 430 fuisse
504 392 718 430 rectissime
735 393 957 430 nobiscum
973 392 1204 436 senserunt,
1225 393 1516 432 tractabimus.
1538 392 1772 429 Posteriore
1789 404 1896 430 uero
1915 393 2007 430 illo-

373 458 481 486 rum,
499 447 573 491 qui
589 447 854 482 contrarium
866 445 1095 483 statuentes
1108 446 1372 484 Elementari
1385 446 1559 484 Mundo
1572 445 1697 483 illum
1708 445 2006 490 attribuerunt,

373 500 645 544 opinationes
661 498 890 535 diluemus.

424 551 553 588 Hanc
569 556 716 588 autem
733 551 945 588 Secundae
957 551 1093 589 Partis
1109 551 1444 599 disputationem
1459 563 1551 589 non
1568 563 1667 589 eam
1681 551 1736 589 ob
1753 551 1927 589 causam
1943 553 2005 589 in-

369 604 591 647 stituimus,
616 603 732 650 quod
756 604 887 641 ullius
909 603 1069 642 honori
1092 604 1164 642 uel
1184 605 1488 643 existimationi
1508 607 1757 652 quicquam,
1780 604 1911 642 sicubi
1934 605 2005 642 ab·

368 656 472 693 sona
489 656 653 699 dixerit,
671 655 909 694 detractum
925 657 1114 695 uelimus
1132 657 1195 704 (Id
1210 660 1327 695 enim
1341 660 1487 695 minus
1498 660 1739 705 ingenuum
1752 657 1789 695 &
1801 669 1827 695 a
1838 657 2005 695 finceri-

368 714 452 746 tate
479 709 793 746 Mathematica
817 710 1029 756 alienum)
1056 710 1126 748 sed
1150 710 1425 749 solummodo
1451 713 1602 749 omnia
1625 712 1817 748 inuicem
1842 710 1880 748 &
1905 722 2005 748 cum

368 761 559 808 ipfissima
571 762 772 806 Veritate,
789 768 1002 810 tanquam
1015 763 1071 801 ad
1085 763 1272 811 Lydium
1288 764 1479 811 lapidem
1495 764 1741 811 probantes,
1759 763 2004 811 expendere

368 815 602 857 uoluimus,
627 817 685 852 ita
701 820 746 852 ut
763 815 834 852 uel
854 815 950 863 ipsis
967 816 1207 854 Autoribus
1230 817 1400 855 arbitris
1421 817 1722 855 certitudinem
1745 818 2005 864 penitiorem

366 868 626 914 inquirendi,
654 879 938 915 errorumque
964 869 1223 907 obstantium
1249 870 1562 917 impedimenta
1588 870 1842 908 semouendi
1866 869 2003 907 studio

366 919 479 957 hanc
496 932 675 967 operam
692 933 717 958 a
734 922 859 959 nobis
874 921 1103 969 sumptam,
1120 923 1359 960 concessum
1374 925 1427 960 iri
1442 923 1674 970 speremus.

419 973 530 1010 Haec
552 973 740 1011 breuiter
760 980 1028 1019 enumerata,
1051 975 1146 1013 sunt
1167 976 1324 1022 quibus
1346 976 1473 1014 Liber
1495 976 1635 1014 noster
1655 975 1881 1014 Secundus
1902 988 2001 1014 con-

365 1025 494 1063 stabit.
517 1026 793 1064 Confidimus
809 1033 957 1065 autem
973 1040 1054 1065 nos
1069 1028 1202 1066 huius
1219 1031 1476 1076 cognitionis
1493 1029 1659 1076 cupidis
1676 1028 1714 1066 8(
1729 1029 2001 1077 intelligenti-

362 1078 441 1115 bus
458 1081 516 1116 ita
532 1081 577 1116 in
592 1079 660 1116 his
675 1079 921 1125 satisfecisse,
943 1081 1142 1128 adeoque
1159 1081 1358 1119 dilucidis
1375 1082 1413 1120 8(
1428 1081 1600 1121 inuictis
1616 1082 1892 1129 Apodixibus
1907 1094 2000 1120 rem

363 1142 539 1168 omnem
563 1133 864 1179 comprobasse,
892 1138 935 1171 vt
957 1134 1105 1171 nullus
1127 1133 1386 1172 haefitationi
1406 1135 1475 1172 vel
1498 1134 1828 1173 contradictioni
1849 1135 1999 1182 (modo

414 1184 561 1222 dextre
582 1185 619 1221 8(
639 1185 726 1223 fine
749 1186 1015 1232 praeiudicio,
1037 1187 1171 1224 veluti
1194 1187 1534 1226 Mathematicos
1557 1188 1689 1233 decet,
1710 1199 1865 1225 verum
1885 1188 1945 1226 di-

465 1237 665 1284 gnoscere
690 1237 978 1286 amplectique
1003 1240 1152 1286 velint)
1179 1240 1451 1288 relinquatur
1474 1241 1613 1279 locus:
1640 1241 1724 1279 Sed
1748 1243 1893 1288 potius

519 1302 638 1328 error
659 1294 813 1335 omnis,
835 1303 966 1339 quem
984 1297 1044 1330 tot
1061 1292 1213 1331 seculis
1231 1296 1396 1340 peperit
1411 1295 1646 1332 Autoritati
1663 1293 1701 1331 &
1716 1294 1838 1341 plau-

571 1343 758 1382 fibilibus
780 1345 1164 1392 Peripateticorum
1187 1348 1364 1394 argutijs
1386 1347 1620 1394 vulgariter
1643 1346 1785 1385 Philo-

685 1397 963 1444 sophantium
979 1400 1132 1437 innixa
1148 1401 1310 1446 opinio,
1327 1399 1382 1438 ab
1398 1402 1668 1438 intemeratae

845 1450 1047 1489 Veritatis
1064 1451 1224 1490 Schola
1238 1453 1309 1490 vel
1323 1453 1502 1491 tandem

959 1504 1198 1552 aliquando
1214 1505 1392 1544 facessat.

898 1607 1137 1646 SEQVITVR
1156 1609 1308 1640 PRIMA
1327 1610 1454 1641 PARS.

1793 2565 1986 2604 CAPVT

2045 833 2075 858 10

2042 1098 2071 1123 15

2035 1363 2068 1388 20
