2209 3213
362 239 428 276 182
854 234 935 271 DE
958 234 1182 271 MUNDI
1204 233 1505 271 AETHEREI

404 338 673 392 HUIUS
706 337 1024 391 CAPITIS
1058 336 1477 390 POSTREMI
1513 337 1956 392 MEMBRVM

491 417 783 467 PRIMVM,
808 417 882 460 IN
907 416 1057 469 QUO
1081 417 1172 460 DE
1196 417 1446 461 EORUM
1471 417 1806 463 INUENTIS
1828 419 1872 463 &

586 485 846 523 PLACITIS
867 484 1107 528 AGITUR,
1130 485 1207 522 EX
1229 485 1449 531 QUIBUS
1471 485 1774 524 COMETAM

671 547 848 584 HUNC
870 546 1357 584 SUPRALUNAREM
1380 546 1686 590 EXTITISSE,

856 608 1170 646 NOBISCUM
1192 608 1500 647 VERISSIME
2037 624 2051 648 5

1009 670 1344 709 STATUITUR.

488 748 1034 800 JLLVSTRISSIMVS
1056 748 1385 793 PRINCEPS
1408 749 1866 794 GVILHELMVS

707 815 1239 859 LANDTGRAVIVS
1262 815 1545 868 HASSIAE,
1567 816 1652 860 8ιο.

429 884 462 920 Β
484 883 924 922 ILLUSTRISSIMO
942 884 1151 932 Principe,
1174 885 1370 922 Domino
1389 885 1750 924 GVILHELMO
1767 885 1998 924 HASSIAE

467 938 911 982 LANDTGRAVIO,
928 941 1084 976 merito
1101 939 1431 983 exordiendum,
1449 950 1539 976 non
1555 939 1694 977 solum
1711 939 1766 977 ob
1780 940 1835 984 id,
1853 941 1971 987 quod
1983 937 1997 990 ΙΙ
2040 951 2069 975 ιο

355 990 484 1038 ipfius
501 992 776 1030 Celfitudinis
797 994 1090 1038 praeeminens
1111 993 1295 1040 dignitas
1313 992 1350 1030 &
1366 992 1527 1030 Honor
1547 992 1732 1040 idipsum
1753 995 1906 1041 exigat,
1927 993 1997 1032 sed
2021 998 2086 1029 212

355 1058 442 1083 vna
459 1048 601 1089 etiam,
619 1048 723 1092 quia
738 1046 867 1092 ipfius
881 1045 1112 1090 Celfitudo‚
1129 1058 1220 1084 non
1235 1048 1382 1084 minus
1394 1044 1606 1084 Doctrina
1622 1046 1660 1084 &
1677 1049 1838 1084 eximia
1853 1049 1899 1084 in
1914 1047 1997 1085 hac

356 1098 525 1137 sublimi
541 1100 646 1137 Arte
664 1101 921 1145 cognitione,
944 1111 1078 1146 quam
1098 1102 1321 1146 praecipua
1340 1100 1545 1147 dignitate
1562 1099 1600 1137 8(
1616 1100 1768 1138 Illustri
1784 1100 1995 1147 prosapia,

357 1152 466 1190 alios
483 1153 584 1190 huic
601 1151 793 1190 addictos
809 1152 1049 1199 plurimum
1066 1153 1295 1195 antecellit,
1317 1151 1689 1200 exadtioribusque
1710 1153 1883 1201 insuper
1898 1154 1996 1192 Ma-

358 1206 508 1249 chinis,
524 1211 669 1253 vtpote
686 1218 708 1243 e
724 1206 858 1243 solido
875 1206 1052 1244 metallo
1069 1208 1266 1253 apprime
1283 1206 1527 1250 elaboratis,
1544 1207 1837 1254 Apparentias
1854 1207 1996 1245 Coele·
2039 1217 2067 1241 15

356 1259 445 1303 Res,
462 1260 589 1307 longe
602 1262 769 1303 certius,
783 1271 916 1306 quam
929 1262 1072 1297 caeteri
1084 1259 1186 1297 huic
1199 1262 1496 1298 exercitationi
1508 1261 1809 1298 incumbentes
1822 1260 1996 1307 (quibus

357 1314 487 1350 etiam
496 1313 716 1350 sumtuum
726 1315 910 1359 penuria
920 1324 972 1350 eo
982 1313 1268 1360 perueniendi
1277 1315 1395 1351 viam
1404 1313 1646 1361 praecludit)
1658 1313 1885 1360 explorare
1895 1325 1995 1352 con-

355 1366 504 1403 sueuit.
521 1366 584 1403 Ea
600 1368 759 1412 itaque,
777 1378 876 1413 quae
889 1366 1017 1413 ipfius
1030 1366 1249 1404 Celfitudo
1260 1368 1306 1404 in
1318 1366 1450 1404 huius
1463 1367 1660 1405 Cometae
1673 1367 1995 1405 Obseruationi-

355 1419 447 1462 bus,
470 1419 659 1457 Cassellis
679 1431 755 1466 per
772 1420 847 1457 sua
864 1419 1150 1458 Instrumenta
1166 1420 1336 1458 coelitus
1353 1422 1551 1467 acceptis,
1572 1432 1746 1458 mecum
1762 1420 1996 1458 clementer

355 1475 680 1510 communicare
690 1485 780 1510 non
790 1473 1116 1520 dedignabatur,
1129 1485 1246 1511 nunc
1256 1474 1410 1511 ordine
1420 1473 1662 1518 recensebo,
1673 1473 1711 1511 8(
1721 1474 1877 1511 deinde
1887 1485 1995 1512 non·
2034 1483 2067 1508 20

355 1525 488 1568 nulla,
507 1537 606 1572 quae
618 1537 671 1563 ex
685 1526 752 1563 his
764 1526 954 1564 deriuari
970 1527 1147 1573 possunt,
1166 1527 1443 1565 Geometrice
1460 1529 1690 1570 excutiam,
1706 1531 1751 1564 vt
1767 1527 1996 1565 consensus

355 1590 454 1616 cum
470 1579 620 1616 nostris
637 1591 689 1617 eo
704 1579 879 1626 planius
895 1580 1142 1618 innotescat.
1160 1581 1277 1618 Licet
1288 1592 1406 1624 vero,
1422 1582 1468 1618 in
1484 1580 1552 1618 his
1563 1580 1660 1627 ipfis
1673 1580 1995 1619 Obseruationi-

354 1632 446 1676 bus,
463 1644 707 1679 paucorum
723 1632 1025 1680 scrupulorum
1042 1633 1237 1671 deflexus
1252 1633 1378 1671 facile
1394 1633 1584 1671 incidere
1600 1635 1800 1680 potuerit,
1821 1633 1995 1681 praeser-

355 1687 431 1723 tim
448 1697 548 1723 cum
564 1688 656 1723 eius
669 1685 888 1724 Celfitudo
904 1691 1007 1724 tunc
1022 1689 1229 1734 temporis
1245 1699 1336 1725 non
1353 1687 1464 1725 adeo
1481 1685 1641 1725 exaffls
1654 1687 1691 1724 8(
1704 1685 1903 1725 εοιτεᾶὶίε
1915 1687 1994 1726 Or-

355 1741 477 1785 ganis
488 1744 688 1783 vteretur,
705 1744 836 1786 atque
849 1751 901 1778 ea
911 1740 1018 1783 sunt,
1034 1752 1134 1787 quae
1146 1740 1290 1787 postea
1302 1740 1457 1778 confici
1469 1742 1650 1784 curauit,
1662 1745 1706 1778 vt
1718 1752 1770 1778 ex
1781 1740 1995 1787 ipsiusmet
2032 1751 2066 1775 25

355 1791 630 1830 Celfitudinis
646 1792 701 1830 ad
717 1804 787 1830 me
804 1793 913 1831 datis
934 1793 1067 1831 literis
1088 1794 1288 1841 colligere
1309 1794 1422 1832 licet:
1444 1798 1605 1838 tamen,
1627 1795 1731 1841 quia
1751 1793 1995 1832 differentia

355 1845 465 1882 adeo
486 1857 645 1892 magna
666 1846 742 1883 esse
763 1849 925 1893 nequit,
946 1852 989 1884 vt
1011 1859 1178 1891 eorum,
1199 1858 1300 1894 quae
1320 1847 1423 1885 hinc
1439 1847 1698 1885 concludere
1714 1847 1994 1891 intendimus,

354 1898 591 1936 Veritatem
607 1897 845 1941 labefactet,
864 1900 1035 1943 idcirco,
1052 1900 1163 1938 nihil
1178 1900 1350 1947 prorsus
1366 1902 1411 1938 in
1427 1900 1495 1938 his
1511 1902 1744 1938 immutare
1760 1900 1994 1944 voluimus,

354 1951 423 1988 sed
436 1951 590 1989 eodem
602 1952 734 1990 modo
748 1964 821 1990 eas
833 1953 1162 1998 recensebimus,
1175 1954 1551 2001 quemadmodum
1562 1965 1588 1992 a
1599 1952 1712 1992 dicto
1724 1952 1995 1992 IlluRrissimo

354 2004 550 2051 Principe
566 2004 675 2042 mihi
691 2005 785 2043 sunt
800 2006 1057 2044 transmissae.
2033 2017 2066 2042 30

404 2105 795 2145 ENUMERATIO
817 2107 1332 2147 OBSERUATIONUM
1353 2107 1773 2147 ILLUSTRISSIMI
1793 2108 1945 2146 PRIN-

529 2167 671 2205 CIPIS
693 2168 1030 2207 GVILHELMI
1051 2170 1455 2209 LANDTGRAVII
1476 2169 1719 2214 HASSIAE,
1742 2169 1818 2208 &Q

587 2229 655 2274 JN
676 2230 806 2268 HOC
828 2231 1077 2270 COMETA
1098 2233 1253 2270 ANNI
1272 2233 1336 2276 77,
1358 2231 1592 2278 QUALES
1612 2231 1755 2270 MIHI

736 2292 814 2329 ΑΒ
836 2292 1013 2331 IPSIUS
1035 2294 1431 2333 CELSITUDINE
1452 2293 1611 2332 SUNT

931 2355 1414 2394 COMMUNICATAE.
2031 2367 2064 2391 35

460 2412 514 2450 IE
534 2413 607 2451 XI.
625 2413 970 2454 NOVEMBRIS
991 2416 1147 2464 (inquit
1164 2417 1459 2455 Illustrissimus
1475 2417 1678 2464 Princeps
1698 2419 1743 2454 in
1762 2416 1921 2455 chartis
1937 2417 1992 2455 ad
2030 2424 2050 2455 τ

472 2477 541 2503 me
560 2466 701 2512 missis)
719 2471 920 2514 apparuit
937 2469 1123 2508 Cometa
1142 2482 1340 2518 magnus,
1363 2481 1494 2517 quem
1510 2469 1647 2507 statim
1664 2469 1907 2508 Obseruare
1924 2481 1992 2507 co-

354 2523 482 2556 natus
498 2518 607 2563 sum;
624 2525 861 2567 antequam
874 2527 1021 2559 autem
1034 2523 1320 2562 Instrumenta
1332 2521 1626 2567 rectificarem‚
1644 2523 1993 2623 occidgilaiiggxotg
