2209 3213
347 226 422 262 262
838 219 920 256 DE
943 218 1167 256 MUNDI
1188 216 1489 254 AETHEREI

346 332 372 368 si
383 334 404 368 e
416 328 666 367 certioribus
678 324 1064 364 obseruationibus
1074 336 1166 362 rem
1178 326 1237 361 ita
1248 323 1288 361 se
1300 322 1462 361 habere
1476 323 1751 371 exploratum
1762 323 1980 362 habuisset.

346 385 621 430 Quapropter
637 380 665 417 fi
682 391 769 426 qua
785 382 830 416 in
845 384 966 426 parte
981 380 1171 425 optimus
1188 378 1259 416 ille
1270 378 1348 415 Vir
1363 390 1390 416 a
1405 384 1521 416 meta
1536 381 1669 426 petita
1685 379 1919 422 deflexerit,
1936 381 1982 417 in

344 435 617 482 sequentibus
635 432 870 476 ostendero,
892 432 1011 470 haud
1031 432 1193 474 dubito,
1214 443 1284 469 me
1301 443 1391 469 non
1407 431 1546 470 solum
1563 432 1660 480 aliJ‘s
1675 433 1878 470 Veritatis
1899 432 1982 470 hac

344 493 388 527 in
409 501 453 526 re
475 488 653 534 cupidis.
675 486 743 523 sed
762 485 927 532 ipfirnet
943 484 1133 522 Authori
1148 484 1376 523 Thaddaeo
1394 497 1486 522 rem
1502 486 1743 523 admodum
1758 491 1982 533 acceptam

345 540 610 580 effecturum.
629 539 765 576 Nouit
783 540 900 576 enim
916 538 988 576 ille
1005 550 1140 585 quam
1156 540 1331 585 optime,
1350 541 1511 576 eximio
1524 539 1713 577 candore
1725 541 1874 583 animi,
1892 551 1981 586 quo

344 595 548 643 praeditus
571 592 636 633 est,
658 592 695 629 8(
717 592 923 629 Amicitia
942 591 1085 629 nostra
1105 597 1259 629 mutua
1281 591 1466 639 idipsum
1488 592 1661 639 plenius
1683 592 1980 639 persuadente,

343 660 412 686 me
433 647 555 684 nullo
576 646 705 693 ipsius
725 645 883 692 placita
905 646 1111 691 carpendi
1132 650 1207 683 aut
1227 645 1494 683 extenuandi
1515 645 1651 684 studio
1672 645 1767 684 haec
1788 645 1980 690 scribere,

343 701 410 739 sed
427 701 574 738 saltem
590 705 634 737 vt
650 699 859 736 certitudo
877 698 1027 737 exacta
1043 701 1089 736 in
1105 699 1187 736 hac
1204 699 1492 737 Cometarum
1507 701 1702 743 materia,
1720 702 1844 737 cuius
1860 700 1981 737 inda-

342 754 496 802 gandae
512 753 597 800 ipse
614 754 757 795 etiam,
775 752 803 789 si
820 754 917 799 quis
931 752 1056 796 alius,
1073 752 1362 799 cupidissimus
1375 752 1520 796 existit,
1538 754 1643 790 citra
1655 764 1786 790 omne
1799 753 1981 791 dubium

343 807 561 845 elucescat.
579 806 699 852 Quin
716 805 754 843 8(
771 817 822 843 eo
839 807 1019 843 nomine
1035 805 1223 853 ipsemet,
1240 811 1334 843 tum
1349 805 1453 843 alibi
1468 811 1562 843 tum
1576 807 1622 843 in
1634 806 1789 844 eodem
1801 806 1979 850 Libello,

339 872 483 898 meam
500 860 769 898 Sententiam
786 858 868 896 hac
885 859 937 896 de
954 871 999 896 re
1015 859 1175 897 solicite
1191 860 1382 906 requirit.
1399 859 1454 896 Vt
1469 861 1616 906 itaque
1632 859 1715 896 hac
1731 861 1776 897 in
1792 865 1925 906 parte.
1943 859 1980 897 8(

339 914 425 961 ipsi,
443 913 480 950 &
496 913 605 961 alijs,
625 918 840 959 quantum
857 914 902 950 in
918 924 988 950 me
1006 912 1072 955 est.
1093 911 1365 955 satisfaciam,
1387 912 1504 950 illius
1520 915 1912 950 commentationes
1928 913 1980 951 de

338 967 421 1005 hoc
434 967 631 1009 Cometa,
648 971 737 1004 tam
749 968 859 1003 inter
870 965 910 1003 se
922 968 1126 1009 inuicem,
1139 977 1274 1013 quam
1286 977 1386 1003 cum
1398 965 1495 1013 ipfis
1507 966 1800 1013 Apparentijs‚
1818 966 1980 1004 nostris-

339 1032 423 1067 que
448 1020 485 1057 &
508 1020 697 1058 aliorum
721 1019 1000 1066 quorundam
1023 1018 1489 1063 animaduersionibus,
1515 1030 1633 1056 nunc
1658 1019 1810 1057 ordine
1836 1020 1980 1058 debito

339 1073 626 1112 conferemus.

392 1126 660 1173 QVINQVE
678 1125 993 1170 CAPITIBVS,
1014 1138 1065 1164 ea
1082 1138 1182 1173 quae
1199 1126 1252 1163 de
1268 1125 1352 1163 hoc
1370 1125 1557 1164 Cometa
1573 1131 1842 1173 conceperat,
1864 1138 1979 1164 com-

338 1181 491 1228 plexus
504 1180 558 1218 est
569 1179 833 1223 Thaddaeus,
851 1181 896 1217 in
913 1191 1103 1226 quorum
1115 1179 1301 1217 PRIMO
1315 1179 1655 1217 obseruationes
1667 1179 1765 1217 suas
1779 1179 1979 1224 recenset,

339 1245 448 1280 quas
469 1245 557 1280 quo
573 1233 628 1271 ad
645 1233 863 1271 distantias
882 1235 975 1270 eius
992 1233 1046 1271 ab
1063 1233 1230 1280 aliquot
1246 1233 1363 1270 Fixis
1379 1232 1613 1277 Sideribus,
1636 1232 1757 1281 Radij
1776 1233 1979 1271 Astrono-

339 1289 439 1324 mici
454 1286 668 1324 beneficio
685 1286 987 1332 deprehensas,
1005 1286 1203 1324 obtinuit.

391 1340 506 1377 Dicit
522 1345 669 1377 autem
686 1339 725 1377 se
742 1339 859 1377 hunc
876 1339 976 1377 DIE
992 1340 1033 1377 X
1050 1338 1396 1378 NOVEMBRIS
1412 1340 1604 1386 primum
1619 1339 1979 1384 animaduertisse,

337 1393 407 1431 sed
417 1405 469 1431 eo
480 1393 547 1431 die
558 1393 701 1430 nullas
712 1395 804 1430 eius
816 1392 1153 1431 Obseruationes
1164 1393 1433 1439 assequutum
1443 1393 1532 1436 esse,
1543 1404 1596 1430 eo
1607 1393 1724 1439 quod
1733 1392 1980 1431 festinanter

338 1447 641 1489 Horizontem‚
663 1448 733 1484 cui
748 1448 919 1484 vicinus
940 1452 1042 1489 erat,
1064 1447 1232 1485 subiret.
1255 1446 1339 1484 Die
1360 1446 1578 1493 sequente,
1599 1446 1654 1484 ob
1675 1447 1861 1485 nubium
1880 1446 1979 1485 cali-

337 1502 481 1547 ginem
498 1511 600 1537 eum
617 1501 748 1537 etiam
765 1511 855 1537 non
872 1500 1131 1538 attendebat.

390 1553 473 1591 Sed
485 1553 566 1590 XII
579 1552 617 1590 8(
628 1553 731 1590 XIII
743 1553 824 1595 die,
842 1565 942 1591 cum
954 1553 1133 1591 Coelum
1144 1552 1431 1600 tranquillum
1443 1552 1481 1590 8(
1493 1552 1694 1591 serenum
1706 1554 1811 1597 esset,
1824 1552 1979 1592 reditis

337 1606 453 1644 illius
466 1606 778 1652 Quantitatem,
792 1606 1010 1651 Formam,
1024 1606 1061 1644 8(
1074 1606 1283 1645 Colorem
1294 1606 1504 1644 scrutatus
1516 1606 1587 1649 est;
1602 1608 1707 1653 quia
1717 1612 1866 1644 tamen
1876 1611 1979 1644 tunc

337 1659 482 1701 domo,
503 1664 546 1697 vt
567 1659 706 1702 refert,
729 1659 939 1704 abfuerat,
961 1662 1056 1698 eius
1076 1660 1223 1698 locum
1244 1671 1321 1706 per
1336 1659 1674 1697 Instrumentum
1694 1671 1785 1697 non
1807 1660 1861 1697 est
1882 1661 1978 1697 asse-

337 1718 510 1758 quutus.
529 1712 702 1759 Corpus
719 1713 917 1751 Cometae
934 1715 992 1751 ait
1008 1715 1061 1751 iis
1077 1713 1229 1751 diebus
1245 1712 1553 1760 Magnitudine
1570 1713 1688 1751 Iouis
1705 1718 1780 1751 aut
1797 1713 1979 1751 Veneris

337 1766 515 1803 Stellam
527 1766 780 1812 adaequasse‚
799 1766 836 1803 &
852 1766 968 1804 Luce
980 1767 1117 1805 nitida
1128 1778 1178 1804 ac
1190 1766 1431 1814 Splendore
1444 1768 1618 1810 eximio,
1636 1778 1777 1813 eoque
1794 1766 1978 1814 eleganti

341 1819 377 1856 8(
394 1819 584 1863 venusto,
605 1819 837 1866 praeditum
853 1819 981 1863 fuisse,
998 1817 1013 1870 ΙΙ
1030 1820 1068 1857 8(
1084 1822 1307 1867 puriorem
1324 1821 1418 1857 eius
1433 1819 1708 1857 substantiam
1727 1820 1977 1866 apparuisse,

342 1884 475 1918 quarn
495 1877 538 1909 vt
558 1884 666 1919 pure
687 1872 1036 1911 Elementaribus
1055 1875 1248 1920 materijs
1269 1873 1514 1920 quadraret,
1536 1872 1605 1910 sed
1626 1875 1770 1919 potius
1787 1872 1978 1911 Coelesti-

341 1925 421 1962 bus
443 1925 526 1962 illis
550 1926 802 1972 corporibus
823 1926 1072 1974 Analogam
1096 1927 1279 1964 extitisse.
1303 1927 1448 1973 Atque
1469 1928 1515 1963 in
1535 1926 1619 1963 hoc
1639 1925 1740 1964 sane
1761 1924 1978 1964 rectissime

342 1978 461 2015 senfit
481 1978 743 2022 Thaddaeus,
766 1979 803 2016 8(
823 1979 892 2017 vel
912 1979 1013 2017 inde
1035 1982 1166 2017 etiam
1187 1991 1277 2017 non
1299 1979 1475 2017 obscure
1493 1979 1752 2017 concludere
1772 1980 1977 2026 potuisset,

341 2033 522 2068 minime
544 2031 865 2070 Elementarem
886 2032 1001 2070 fuisse
1022 2033 1140 2070 hunc
1161 2033 1406 2074 Cometam,
1428 2032 1562 2070 modo
1582 2034 1627 2069 in
1648 2032 1743 2076 hac,
1767 2033 1822 2070 ad
1843 2043 1977 2079 quam

342 2083 551 2121 inclinare
571 2084 684 2122 visus
709 2085 774 2127 est,
798 2085 1024 2132 perstitisset
1048 2086 1282 2129 Sententia,
1305 2086 1343 2124 8(
1364 2085 1702 2124 Obseruationes
1726 2084 1976 2129 exactiores,

342 2138 454 2174 circa
470 2137 718 2175 Parallaxin
735 2139 827 2176 eius
844 2139 1182 2182 diiudicandam,
1204 2138 1360 2178 rectius
1376 2139 1626 2181 obtinuisset,
1647 2138 1717 2176 vel
1736 2138 1885 2176 saltem
1903 2150 1977 2176 eas

342 2201 451 2236 quas
467 2191 672 2227 assecutus
689 2196 791 2235 erat,
813 2191 1121 2230 confideratius
1140 2192 1433 2239 perpendisset.
1455 2191 1586 2237 Quod
1603 2197 1750 2229 autem
1766 2191 1976 2238 sequenti-

341 2242 422 2279 bus
445 2243 595 2280 diebus
619 2243 815 2290 Corpore
838 2244 1103 2283 diminutum
1127 2245 1371 2289 Cometam,
1396 2249 1652 2291 mutatoque
1675 2244 1831 2282 laetiori
1853 2244 1975 2283 vultu

341 2295 628 2341 pallidiorem,
659 2296 696 2333 &
726 2296 1018 2335 obscuriorem
1043 2298 1259 2336 redditum
1284 2299 1501 2341 asseuerat‚
1532 2298 1575 2335 id
1604 2297 1702 2335 ideo
1733 2298 1976 2341 eueniebat,

342 2349 459 2394 quod
475 2348 741 2387 decrescente
754 2350 962 2397 Corporis
979 2353 1218 2398 quantitate
1235 2352 1434 2389 Luminis
1449 2352 1571 2398 vigor
1587 2352 1718 2388 etiam
1734 2350 1774 2388 se
1791 2352 1976 2388 remitte-

340 2401 424 2438 bat.
448 2400 605 2447 Neque
629 2404 745 2439 enim
769 2403 879 2440 adeo
903 2403 1153 2451 compactus
1175 2410 1277 2448 erat,
1298 2409 1342 2442 vt
1362 2403 1417 2442 ab
1437 2405 1577 2446 initio;
1601 2403 1976 2450 quemadmodum

340 2453 428 2491 fere
445 2453 634 2492 [imiliter
650 2457 694 2492 in
708 2455 842 2493 Noua
858 2456 932 2494 illa
944 2457 1075 2494 Stella
1092 2458 1274 2495 euenisse
1290 2457 1492 2500 vidimus,
1509 2467 1609 2503 quae
1626 2458 1757 2494 etiam
1773 2458 1819 2493 in
1834 2458 1977 2503 primo

341 2511 495 2544 exortu
516 2507 633 2544 Iouis
655 2507 691 2544 &
710 2508 891 2546 Veneris
913 2512 1103 2547 amicum
1124 2510 1397 2557 splendorem
1418 2509 1720 2552 aemulabatur,
1743 2509 1812 2547 sed
1832 2509 1977 2556 postea

1766 2562 1976 2609 inspissato

2022 1083 2051 1108 15

2018 1350 2051 1375 20

2017 1617 2049 1641 25

2003 1824 2067 1855 322

2017 1883 2050 1908 30

2015 2149 2048 2174 35

2015 2414 2048 2439 40
