2209 3213
85 1484 115 1509 10

85 1705 115 1730 15

83 1928 116 1953 20

84 2150 117 2176 25

85 2372 118 2398 30

471 218 971 257 RESTINCTIONIS
992 217 1466 258 FRAGMENTUM
1714 216 1790 254 485

151 1077 189 1109 in
205 1077 354 1117 reliqvo
371 1077 606 1120 su[c]cessivo
622 1075 740 1108 ducstu
756 1079 824 1108 tuo
841 1078 980 1108 contra
1001 1076 1234 1116 hypothesin
1254 1076 1511 1116 progrederis.
1534 1076 1638 1108 Nam
1659 1076 1794 1108 distan-

151 1122 248 1153 tiam
264 1121 420 1164 Stell[ae]
436 1122 475 1153 in
491 1130 559 1153 ore
574 1121 701 1161 Pegasi
718 1121 767 1152 ab
785 1123 1000 1161 apparente
1017 1121 1192 1152 Cometae
1210 1120 1271 1151 via
1287 1120 1459 1160 inqviris,
1480 1120 1648 1161 (frustrat)
1667 1120 1696 1151 8ι
1717 1120 1793 1151 hac

151 1167 244 1198 nota
260 1174 398 1198 veram
415 1166 522 1197 viam
538 1175 574 1206 p.
595 1166 656 1197 117
672 1165 856 1197 delineas.
877 1165 978 1196 Nam
1001 1173 1196 1204 apparens
1211 1165 1373 1196 transire
1389 1165 1505 1196 debet
1520 1174 1590 1205 per
1606 1173 1794 1205 apparen-

151 1210 205 1242 tia
223 1211 312 1242 loca
328 1210 413 1242 CD:
434 1213 477 1242 tu
496 1218 592 1242 vero
614 1210 835 1241 distantiam
851 1209 981 1241 Stellae
998 1218 1021 1240 a
1036 1209 1115 1240 visa
1134 1209 1210 1246 via,
1232 1208 1344 1249 ponis
1365 1209 1437 1240 esse
1458 1209 1677 1241 distantiam
1698 1210 1794 1250 ejus-

152 1255 243 1286 dem
260 1264 283 1286 a
298 1257 405 1293 vera,
423 1263 516 1287 cum
532 1255 570 1285 in
586 1254 805 1286 remotione
818 1253 964 1285 Lunari
976 1253 1094 1285 Stella
1111 1253 1160 1285 ab
1176 1253 1236 1284 his
1248 1253 1319 1294 vijs
1336 1254 1478 1285 eodem
1494 1254 1699 1285 intervallo
1715 1262 1794 1284 non

151 1299 271 1331 distet.
299 1299 380 1331 Nec
404 1299 549 1330 mirum
572 1307 621 1331 ex
643 1299 703 1330 his
724 1300 879 1329 tantum
903 1297 1120 1329 monstrum
1143 1298 1316 1337 prodire:
1341 1307 1432 1337 pars
1454 1306 1598 1338 nempe
1622 1298 1687 1329 suo
1710 1300 1793 1329 toto

151 1343 280 1384 major
295 1343 349 1375 fit.
368 1343 470 1375 Nam
487 1343 690 1376 concludis
706 1342 961 1383 posteriorem
977 1342 1198 1373 distantiam
1210 1342 1272 1373 AC
1286 1343 1480 1383 majorem
1494 1342 1567 1374 esse
1580 1342 1700 1382 priori
1712 1342 1792 1373 AD.

151 1388 200 1419 At
216 1389 241 1420 si
258 1388 430 1429 Angulus
445 1387 564 1419 AHD
581 1388 710 1429 major
730 1387 772 1418 sit
793 1387 935 1427 angulo
951 1386 1074 1423 AHC,
1096 1387 1127 1418 81
1147 1387 1247 1418 basis
1262 1387 1336 1417 AD
1355 1389 1397 1417 ut
1414 1389 1554 1425 totum,
1575 1386 1704 1427 major
1724 1386 1795 1418 erit

152 1432 232 1464 basi
255 1432 333 1464 AC:
357 1435 496 1465 contra
520 1441 641 1472 qvam
662 1432 718 1463 tui
740 1432 894 1463 numeri
917 1431 1112 1463 exhibent.
1135 1430 1253 1462 Vides
1276 1431 1389 1471 igitur
1410 1431 1448 1462 in
1469 1434 1553 1463 toto
1577 1431 1654 1463 hoc
1677 1429 1795 1462 dudlu

151 1486 294 1518 parum
314 1477 397 1509 veri
417 1477 564 1514 assumi,
588 1476 772 1508 concludi
791 1484 887 1507 vero
908 1475 1017 1507 nihil:
1041 1478 1195 1507 tantum
1217 1475 1333 1513 abest,
1357 1478 1399 1507 ut
1419 1476 1468 1507 de
1488 1476 1707 1507 remotione
1728 1475 1796 1507 Co-

151 1523 351 1553 metarum
366 1521 466 1553 inter
481 1521 658 1553 Coelestia
674 1521 887 1560 qvieqvam
903 1519 1202 1551 demonstretur.
1219 1520 1263 1550 Et
1279 1520 1460 1560 qvamvis
1476 1528 1496 1551 e
1514 1520 1683 1551 scientiae
1698 1528 1796 1560 prae-

153 1565 294 1606 scripto
315 1565 603 1606 inqvisitionem
624 1565 848 1602 instituisses‚
874 1564 1123 1604 nihilomagiS
1147 1564 1381 1604 profecisses.
1411 1564 1539 1606 Na[m]
1565 1563 1796 1605 apparentia

104 1617 115 1631 f
152 1611 241 1642 loca
256 1610 319 1652 (D)
335 1618 424 1650 qvae
441 1610 557 1642 semel
573 1609 697 1648 fixisti,
719 1618 798 1641 non
816 1609 966 1641 fuissent
982 1611 1146 1646 mutata,
1167 1611 1321 1640 tanturn
1339 1618 1362 1640 a
1378 1607 1392 1652 ΙΙ
1408 1617 1504 1640 vera
1519 1608 1575 1650 (C)
1590 1607 1795 1649 hypothesi

152 1654 413 1686 consentanea
439 1654 669 1686 devenisses:
695 1663 717 1685 a
741 1654 880 1694 qvibus
903 1653 954 1684 ad
977 1653 1207 1693 apparentia
1230 1653 1461 1693 regredienti
1484 1653 1638 1684 eaedem
1661 1660 1797 1685 occur-

152 1698 280 1731 rissent
299 1698 500 1738 distantiae,
521 1699 787 1730 Phaenomeno
810 1698 848 1729 in
871 1699 1105 1738 qvacunqve
1127 1697 1347 1729 remotione
1370 1698 1509 1737 posito:
1536 1697 1623 1729 Non
1645 1706 1693 1729 ea
1714 1699 1797 1728 tan-

151 1745 249 1781 tum,
266 1752 356 1784 qvae
371 1743 410 1774 in
426 1742 635 1783 conspeetu
647 1742 810 1774 Veneris
823 1742 973 1779 sistitur;
992 1742 1055 1773 sed
1071 1742 1191 1773 etiam
1208 1751 1285 1781 qva
1298 1742 1411 1782 supra
1423 1742 1637 1773 Saturnum
1649 1741 1797 1772 ROTH-

154 1787 322 1819 ΜΑΝΝΙ
343 1788 543 1825 attollitur,
567 1787 831 1829 cujuscunqve
852 1786 991 1818 duc'tus
1006 1786 1222 1818 Veritatem
1244 1786 1396 1818 secutus
1412 1786 1550 1824 fuisses,
1571 1795 1621 1818 ne
1641 1786 1798 1818 centesi-

152 1841 264 1864 mum
286 1833 536 1864 Parallaxeos
558 1832 797 1872 Scrupulum
819 1831 1035 1871 reperisses:
1062 1830 1139 1862 alia
1162 1831 1349 1870 qvaedam
1371 1831 1471 1862 ratio
1495 1830 1558 1868 est,
1582 1839 1652 1870 per
1674 1831 1797 1871 hypo—

151 1877 275 1908 thesin
286 1877 316 1908 &
327 1876 591 1909 remotionem
603 1877 816 1913 Lunarem‚
832 1876 883 1907 ad
893 1875 997 1907 hane
1009 1875 1216 1907 veritatem
1229 1875 1476 1907 deveniendi:
1494 1875 1798 1907 Observationes

153 1921 403 1953 altitudinum
418 1921 456 1952 in
472 1921 618 1962 ijsdem,
636 1924 678 1952 ut
694 1921 783 1958 dixi,
801 1920 1021 1951 Azimuthis
1037 1919 1175 1951 haberi
1190 1919 1344 1951 debent.
1358 1919 1471 1951 Vnde
1483 1920 1656 1960 aliqvam
1668 1928 1798 1960 aeqva-

152 1966 302 1997 litatem
318 1974 455 1998 eruere
471 1966 628 2006 poteris,
647 1973 693 1997 ac
710 1965 801 1996 hinc
817 1973 979 1996 omnem
995 1964 1263 2004 aeqvalitatem
1280 1964 1419 1996 metiri.

206 2010 418 2042 Praetendis
438 2018 595 2050 qvoqve
615 2018 664 2041 ex
685 2009 958 2050 superioribus,
979 2011 1017 2040 te
1037 2008 1313 2040 demonstrasse
1332 2017 1473 2040 verum
1492 2008 1697 2048 visumqve
1717 2016 1799 2040 mo-

152 2057 239 2086 tum
257 2055 297 2086 in
317 2054 460 2086 eodem
480 2054 553 2086 esse
573 2054 738 2086 circulo:
761 2053 923 2094 quibus?
946 2053 1033 2085 Non
1051 2052 1359 2084 Mathematicis:
1382 2053 1425 2084 In
1444 2053 1522 2085 hoc
1538 2055 1621 2085 tota
1638 2052 1797 2092 qvaestio

153 2099 332 2131 vertitur:
350 2099 376 2130 fi
392 2098 734 2136 demonstraveris,
752 2098 910 2130 evicisti:
933 2106 1054 2137 qvam
1070 2106 1213 2138 parum
1228 2097 1267 2128 in
1284 2097 1545 2137 superioribus
1561 2097 1645 2129 veri
1660 2097 1714 2135 sit,
1736 2105 1800 2128 ne-

154 2143 302 2175 minem
317 2143 595 2184 intelligentem
608 2143 731 2175 latere
742 2142 880 2183 potest:
899 2142 937 2173 Si
948 2141 1298 2174 demonstrandum
1309 2150 1382 2182 pro
1394 2141 1661 2174 demonstrato
1674 2141 1801 2182 sump-

154 2187 257 2226 seris,
279 2187 515 2228 principium
535 2188 645 2228 petis,
666 2187 781 2219 nimis
803 2186 1040 2227 simpliciter;
1063 2187 1139 2218 Avt
1153 2186 1267 2227 igitur
1281 2186 1396 2228 hujus
1413 2186 1799 2219 Demonstrationem

154 2232 307 2270 exhibe,
330 2234 397 2264 avt
417 2232 561 2273 absqve
581 2232 657 2264 hae
678 2240 726 2264 ne
742 2232 780 2263 id
796 2231 1030 2272 profitearis,
1052 2239 1152 2263 neve
1168 2231 1216 2262 de
1232 2231 1340 2263 Coelo
1357 2233 1496 2263 eontra
1511 2230 1719 2263 veritatem
1736 2240 1801 2262 na-

153 2280 255 2309 turae
270 2277 353 2318 ejus
369 2277 520 2309 sentias.

208 2322 252 2353 In
263 2321 378 2353 tertia
389 2324 501 2362 parte
510 2324 591 2353 tuae
603 2320 941 2361 comprobationis
952 2322 990 2352 te
1002 2320 1237 2352 collimatius
1250 2329 1365 2361 agere
1377 2320 1485 2358 dicis,
1504 2320 1567 2352 sed
1579 2328 1657 2352 non
1670 2320 1800 2351 minus

155 2366 330 2398 aberras.
352 2366 618 2398 Latitudinem
639 2365 716 2397 oris
736 2365 863 2406 Pegasi
880 2374 903 2396 a
919 2365 982 2396 via
1001 2365 1178 2396 Cometae
1197 2367 1266 2396 tuo
1287 2365 1403 2405 ipsius
1423 2365 1583 2397 Calculo
1603 2365 1800 2405 majorem

154 2410 192 2442 6¹
208 2410 333 2451 pom's,
355 2410 385 2442 δι
405 2412 561 2451 partem
575 2410 695 2442 totius
711 2412 843 2442 motus
859 2409 968 2450 diarij
986 2409 1254 2450 proportione,
1276 2409 1577 2450 respondentem
1594 2409 1798 2441 intervallo

155 2455 255 2486 inter
270 2455 369 2486 duas
385 2454 691 2492 observationes,
708 2462 780 2495 pro
796 2462 892 2486 vero
908 2453 1057 2486 interea
1072 2456 1184 2486 motu
1201 2454 1330 2492 sumis,
1348 2454 1413 2494 qvi
1424 2454 1524 2495 justo
1541 2454 1670 2495 major
1681 2453 1733 2485 est
1744 2453 1798 2484 3¹:

156 2507 249 2531 nam
266 2499 496 2540 apparentia
515 2499 571 2531 12⁴
588 2499 762 2531 exhibet:
781 2500 971 2539 qvantum
983 2506 1079 2531 vero
1093 2498 1314 2536 absolverit,
1333 2498 1486 2539 penitus
1498 2507 1520 2530 a
1531 2500 1569 2530 te
1585 2498 1798 2539 ignoratur,

1753 2548 1800 2581 ut
