2209 3213
497 188 1019 228 RECENTIORIBUS
1040 187 1499 226 PHAENOMENIS
1764 188 1821 225 101

179 297 492 345 Longitudinis,
509 296 552 334 Ρ.
565 297 592 334 1.
605 296 668 334 Μ.
681 296 716 333 Ο.
730 296 770 334 S.
784 296 836 334 14.
855 295 1133 343 Quapropter
1149 306 1249 333 cum
1265 294 1491 342 longitudo
1503 293 1702 332 Cometae
1718 306 1824 332 vera

179 363 206 389 a
234 349 394 398 pund’to
420 347 733 387 Interseetionis
763 349 1125 396 praesupponatur
1150 360 1203 386 ex
1228 346 1596 391 antecedentibus,
1626 346 1742 385 fuisse
1768 347 1823 385 ad

178 405 367 451 primam
383 402 746 441 Obseruationem
763 402 821 440 H.
837 403 884 441 5}
900 400 1069 446 saetam,
1087 401 1130 439 P.
1143 401 1205 439 46.
1222 401 1285 438 M.
1297 400 1360 444 30,
1377 399 1588 439 subtradta
1604 400 1823 439 Parallaxi

180 456 482 504 Longitudinis
502 455 558 493 ad
578 455 662 492 hoc
682 460 854 502 tempus
875 454 1008 492 modo
1029 456 1223 498 inuenta,
1244 455 1448 501 prouenit
1469 454 1714 501 Longitudo
1735 453 1824 492 visa

126 523 142 548 5
179 512 225 547 in
240 514 361 557 parte
376 509 439 547 45.
453 508 516 546 M.
528 508 591 546 43.
604 507 644 546 S.
657 508 710 552 18,
728 508 975 546 Latitudine
992 507 1194 545 existente
1210 507 1357 544 versus
1373 506 1591 550 Austrum,
1609 519 1662 544 ex
1678 507 1823 545 Paral-

179 563 268 601 laxi
291 562 563 605 Latitudinis,
587 561 629 599 P.
650 561 687 598 Ο.
710 561 772 598 M.
790 561 852 598 34.
875 561 915 599 S.
932 561 995 599 25.
1019 560 1087 598 Sic
1110 560 1165 598 ad
1188 560 1423 598 secundam
1447 559 1823 604 Obseruationem,

180 1729 391 1777 fiquidem
408 1730 594 1768 Cometa
610 1732 776 1768 interea
791 1735 914 1768 motu
930 1732 1107 1778 proprio
1124 1732 1169 1767 in
1185 1729 1261 1767 suo
1274 1729 1452 1768 Circulo
1469 1727 1674 1776 exquifite
1691 1728 1731 1766 15
1747 1730 1825 1765 mi-

180 1788 288 1821 nuta
310 1782 505 1828 absoluit,
531 1783 681 1822 habita
703 1786 872 1822 ratione
895 1783 1042 1821 cursus
1065 1783 1223 1827 diurni,
1249 1785 1324 1830 qui
1350 1782 1405 1820 est
1427 1784 1619 1830 partium
1642 1783 1826 1819 omnino

180 1836 381 1881 duarum,
403 1839 606 1884 prouenit
623 1837 868 1884 Longitudo
885 1848 1001 1880 vera,
1023 1836 1065 1874 P.
1082 1836 1145 1874 46.
1163 1836 1226 1874 M.
1243 1837 1307 1880 45,
1324 1836 1362 1874 &
1378 1833 1591 1874 subtradta
1606 1834 1825 1873 Parallaxi

113 1902 144 1928 ιο
180 1889 281 1934 visa,
305 1890 550 1938 Longitudo
574 1890 616 1928 P.
638 1890 700 1928 45.
723 1890 786 1928 M.
807 1890 870 1928 44.
892 1889 932 1928 S.
952 1890 1015 1934 46,
1039 1890 1242 1928 Latitudo
1264 1901 1370 1927 vero
1392 1889 1481 1927 visa
1504 1888 1650 1933 existit,
1675 1900 1727 1926 ex
1750 1887 1827 1926 sua

180 1942 399 1981 Parallaxi
414 1945 534 1990 prius
551 1945 745 1987 inuenta,
762 1943 805 1981 P.
821 1943 858 1981 0.
876 1943 939 1981 M.
956 1943 1018 1981 25.
1036 1942 1076 1981 S.
1094 1943 1147 1987 17,
1165 1943 1283 1990 quod
1300 1941 1590 1990 quaerebatur.

252 2058 363 2097 PRO
385 2058 769 2105 INQUIRENDO
791 2057 923 2096 SITU
944 2057 1179 2096 STELLAE
1200 2058 1263 2096 IN
1285 2058 1400 2096 ORE
1421 2057 1643 2101 PEGASI,
1666 2057 1754 2094 RE-

343 2120 566 2159 SPECTU
586 2121 704 2159 VIAE
725 2119 1001 2164 COMETAE,
1023 2120 1086 2157 IN
1108 2120 1378 2159 LONGUM
1399 2119 1437 2158 &
1458 2119 1666 2158 LATUM

560 2183 638 2221 AB
660 2181 1134 2221 INTERSECTIONE
1155 2182 1286 2221 EIUS
1307 2182 1445 2221 CUM

113 2256 144 2282 15
843 2243 1164 2283 ECLIPTICA.

288 2315 413 2354 VNC
433 2315 687 2363 priusquam
707 2315 880 2359 horum,
902 2326 1003 2362 quae
1018 2315 1153 2353 modo
1169 2317 1436 2359 inuenimus‚
1457 2314 1555 2352 vsus
1572 2317 1662 2359 erit,
1684 2316 1825 2362 inqui-

308 2380 455 2407 remus
477 2369 602 2407 fitum
625 2369 770 2407 Stellae
793 2371 838 2406 in
860 2368 948 2407 Ore
971 2368 1128 2416 Pegafi,
1152 2380 1240 2416 quo
1261 2369 1317 2407 ad
1338 2370 1457 2406 viam
1478 2367 1689 2406 Cometae.
1713 2368 1825 2405 Prae-

180 2422 448 2470 supponatur
468 2424 615 2470 itaque
636 2424 682 2460 in
702 2423 904 2469 assignata
924 2421 1202 2470 Figuratione
1223 2421 1409 2459 HEDK
1429 2424 1571 2469 portio
1593 2421 1825 2469 Eclipticae,

181 2477 306 2513 cuius
322 2475 453 2513 Polus
469 2475 515 2513 fit
530 2477 575 2513 in
592 2475 636 2519 F,
654 2475 794 2516 GAD
811 2486 916 2513 vero
933 2474 979 2513 fit
994 2475 1136 2513 Arcus
1149 2474 1314 2514 Circuli
1326 2475 1538 2519 Cometae,
1556 2476 1679 2513 cuius
1696 2475 1827 2564 Pohgs

1812 2533 1826 2565 t
