2209 3213
342 228 416 265 338
830 222 913 259 DE
934 220 1158 258 MUNDI
1180 219 1481 257 AETHEREI

341 333 533 369 Alteram
550 341 624 376 per
642 328 954 374 Quadrantem,
976 329 1020 363 in
1037 325 1352 363 Altitudinibus
1368 324 1405 362 &
1422 324 1672 362 Azimuthis
1688 324 1975 363 diuerfimode

340 383 568 421 interuallo
578 384 705 418 vnius
714 381 851 417 Horae
862 379 943 417 sese
955 378 1270 422 exhibentibus,
1281 378 1464 425 adeptus
1474 377 1540 420 est,
1551 389 1574 415 e
1584 389 1672 424 qua
1680 377 1974 424 posteaParal-

339 438 456 474 laxin
469 434 720 481 inuestigare
733 435 891 470 nititur.
906 432 1013 470 Sunt
1023 438 1171 470 autem
1182 443 1233 469 ea
1243 442 1343 478 quae
1352 430 1393 468 se
1403 431 1607 468 inuenisse
1618 432 1688 474 ait,
1702 430 1974 469 eiuscemodi.

340 557 685 596 DEDOMENA
711 555 961 594 NOLTHII
987 555 1049 592 IN
1075 553 1542 592 ALTITUDINIBUS
1566 553 1603 591 &
1626 553 1975 598 AZIMUTHIS,

568 619 601 655 E
623 617 841 664 QUIBUS
863 616 1009 655 SUAS
1030 615 1413 654 PARALLAXES
1434 614 1745 654 EXTRUXIT.
2014 629 2029 653 ⁵

1102 676 1255 746 ,altitudla'
1381 675 1539 745 ἒῑὶῐηυιῒᾶ

550 766 804 805 Obseruatio
822 766 966 803 Prima
1097 766 1149 802 41.
1224 765 1260 803 8.
1370 765 1433 802 44.
1490 764 1553 804 25.
1591 764 1629 790 ab
1649 764 1764 790 Occasu

549 820 700 857 Astera
716 819 804 867 pon
821 819 994 856 Horam
1087 818 1149 856 33.
1208 819 1260 856 15.
1370 818 1433 856 27.
1490 762 1765 867 30.}M{3?1‘c{¹1'5m.

392 910 454 946 Ex
475 908 541 946 his
563 908 684 951 datis,
709 906 867 956 Capite
890 906 1065 954 Quarto
1084 918 1188 944 mox
1208 905 1425 953 sequente,
1445 905 1697 944 Parallaxin
1717 906 1874 944 Primae
1891 906 1977 945 Ob·
2018 920 2048 945 10

339 963 571 999 seruationi
591 963 636 998 in
657 960 833 999 Circulo
854 960 1108 997 Altitudinis
1129 959 1475 1006 correspondere,
1496 959 1711 1006 graduum
1731 960 1767 998 4.
1788 961 1893 997 min.
1914 960 1977 1003 59,

340 1015 550 1053 Secundae
563 1019 721 1057 autem,
735 1014 777 1051 P.
787 1014 823 1051 5.
834 1013 897 1050 M.
907 1013 958 1050 32
969 1014 1242 1060 pronunciat.
1256 1012 1373 1050 Licet
1384 1023 1489 1050 vero
1501 1012 1929 1050 Demonstrationem
1941 1012 1978 1050 8(

340 1069 704 1105 Numerationem
720 1066 1064 1114 Triangularem‚
1082 1067 1205 1103 cuius
1220 1064 1434 1103 beneficio
1451 1067 1496 1103 in
1511 1065 1666 1103 talium
1682 1065 1979 1104 Parallaxium

339 1123 538 1158 notitiam
560 1120 796 1163 deuenerit‚
819 1130 909 1156 non
931 1119 990 1165 (vt
1011 1118 1218 1166 oportuit)
1241 1118 1461 1166 adiungat,
1484 1118 1672 1166 ideoque
1693 1130 1751 1156 an
1773 1119 1860 1157 illae
1880 1118 1979 1157 satis

339 1173 520 1211 fideliter
529 1172 771 1220 perquifitae
780 1172 869 1215 sint,
883 1184 936 1209 ex
947 1174 1106 1209 animis
1116 1183 1282 1215 eorum,
1295 1173 1370 1219 qui
1380 1171 1743 1210 Mathematicam
1753 1174 1979 1219 requirunt
2020 1186 2049 1210 15

340 1226 651 1269 certitudinem,
667 1237 759 1263 non
775 1236 953 1263 omnem
969 1225 1173 1263 amouisse
1190 1225 1388 1262 videatur
1403 1224 1704 1272 suspicionem:
1726 1230 1930 1270 attamen,
1950 1224 1979 1262 fi

341 1291 392 1317 ex
409 1279 476 1316 his
492 1279 588 1325 ipfis
600 1279 882 1321 Dedomenis,
901 1289 952 1316 ea
964 1278 1191 1322 Methodo‚
1209 1289 1297 1325 qua
1313 1289 1339 1315 a
1355 1278 1481 1315 nobis
1497 1280 1543 1315 in
1558 1277 1850 1325 superioribus
1867 1280 1979 1316 circa

340 1332 472 1369 simile
491 1334 714 1379 negotium
733 1330 973 1369 factitatum
994 1331 1060 1374 est,
1082 1332 1436 1368 numerationem
1451 1342 1527 1378 per
1542 1330 1804 1379 Triangulos
1819 1331 1978 1369 institu-

341 1387 513 1428 erimus,
530 1386 676 1431 vtique
693 1383 1083 1432 deprehendemus,
1101 1395 1202 1421 eum
1219 1395 1310 1421 non
1326 1383 1569 1431 multopere
1585 1384 1640 1422 ab
1656 1384 1746 1432 ipsa
1759 1384 1978 1422 Parallax-

341 1449 414 1475 eos
427 1437 679 1483 Quantitate
696 1437 763 1475 his
775 1437 1135 1484 correspondente
1148 1437 1343 1481 deuiasse,
1361 1433 1696 1487 defici-{lentibus
1712 1437 1873 1481 saltem,
1891 1449 1978 1484 quo
2003 1444 2067 1476 425

340 1491 394 1528 ad
406 1491 599 1528 Priorem
611 1490 985 1534 obseruationem,
999 1490 1050 1528 32
1061 1489 1149 1528 sere
1160 1490 1382 1537 scrupulis,
1398 1492 1444 1527 in
1455 1490 1681 1528 Posteriori
1691 1502 1796 1528 vero
1807 1490 1978 1538 scrupu-

340 1544 391 1581 lis
412 1543 464 1586 19,
486 1543 620 1581 veluti
640 1554 757 1580 nunc
778 1543 998 1581 ostendere
1014 1543 1147 1581 lubet:
1169 1549 1212 1580 vt
1229 1554 1281 1580 ea
1297 1554 1397 1590 quae
1414 1543 1468 1581 ab
1484 1543 1573 1590 ipso
1590 1543 1789 1581 Authore
1806 1549 1978 1591 praeter-

340 1597 455 1634 missa
471 1596 576 1639 sunt,
593 1596 883 1643 suppleamus,
900 1596 1127 1643 subtilique
1141 1596 1416 1643 inquisitione
1428 1596 1721 1635 manifestiora
1732 1597 1978 1635 reddamus,

392 1649 695 1687 Transferatur
711 1651 857 1696 itaque
873 1649 959 1687 huc
976 1661 1027 1687 ea
1039 1649 1208 1697 Figurae
1221 1649 1484 1693 Delineatio‚
1502 1661 1591 1696 qua
1606 1649 1745 1697 supra,
1762 1650 1867 1688 dum
1880 1650 1978 1688 Illu-

340 1702 510 1739 strissimi
532 1702 739 1749 Principis
755 1701 1068 1740 WILHELMI
1090 1702 1499 1741 LANDTGRAVII
1518 1702 1750 1741 HASSIAE
1766 1703 1978 1741 Obserua-
2017 1716 2050 1741 25

339 1758 477 1793 tiones
491 1757 536 1792 in
550 1767 770 1798 numeros,
787 1767 866 1802 pro
878 1755 1179 1793 Parallaxibus
1191 1756 1406 1800 eruendis,
1423 1756 1730 1804 redigeremus
1747 1755 1808 1794 ufi
1819 1756 1978 1801 sumus,

341 1820 392 1845 ea
403 1808 611 1851 videlicet,
629 1820 728 1855 quae
744 1810 885 1855 primo
902 1808 998 1846 loco
1012 1814 1115 1846 tunc
1127 1808 1321 1847 adhibita
1334 1809 1400 1853 est,
1418 1821 1553 1856 quarn
1565 1811 1697 1847 etiam
1708 1809 1980 1847 Dedomenis

341 1861 394 1898 D.
411 1860 623 1898 Thaddaei
644 1861 929 1908 disquirendis
950 1861 1254 1909 applicuimus,
1278 1862 1316 1900 &
1339 1864 1609 1900 retineantur
1632 1862 1799 1900 eaedem
1819 1862 1979 1910 vbique

341 1913 719 1951 denominationes
740 1914 1018 1952 Circulorum
1039 1911 1053 1964 ΙΙ
1075 1915 1112 1952 8(
1128 1916 1339 1959 Arcuum,
1361 1915 1514 1962 quales
1533 1915 1695 1953 ibidem
1715 1927 1742 1953 a
1761 1915 1888 1953 nobis
1908 1927 1978 1953 ex·
2003 1921 2068 1953 426

341 1966 485 2013 pofitae
502 1966 608 2009 sunt,
625 1966 799 2004 habebit
815 1967 855 2005 se
870 1967 1223 2015 Triangulorum,
1240 1970 1286 2006 in
1302 1968 1396 2012 hac,
1414 1980 1490 2016 per
1506 1980 1714 2006 numeros
1731 1968 1978 2012 distributio,
2017 1981 2051 2006 30

343 2030 394 2056 ex
410 2018 477 2056 his
494 2019 746 2057 Nolthianis
763 2020 1046 2064 Dedomenis,
1063 2023 1107 2058 in
1124 2020 1253 2065 hunc,
1271 2023 1346 2068 qui
1361 2021 1564 2069 sequitur,
1581 2022 1775 2060 modum.

395 2072 600 2115 Primum,
617 2074 662 2109 in
673 2072 910 2120 Triangulo
922 2073 1003 2111 ΖΟ
1012 2074 1071 2116 H,
1089 2076 1192 2120 quia
1208 2074 1335 2112 datur
1347 2074 1480 2112 Latus
1491 2075 1578 2112 ZH
1595 2086 1672 2122 per
1687 2074 1979 2122 complemen-

342 2130 435 2161 tum
452 2124 719 2162 Eleuationis
735 2125 840 2169 Poli‚
863 2126 916 2164 G.
934 2126 995 2164 38.
1014 2126 1076 2164 M.
1095 2127 1148 2164 18.
1171 2127 1307 2173 (Nam
1327 2129 1373 2165 in
1393 2127 1560 2166 Libello
1581 2128 1633 2165 de
1655 2128 1789 2165 Noua
1805 2127 1936 2165 Stella
1954 2139 1981 2165 a

343 2177 382 2214 se
395 2177 520 2221 edito,
538 2177 629 2214 Poli
641 2178 912 2216 Embecenfis
928 2178 1232 2217 sublimitatem
1248 2180 1459 2218 constituit
1475 2186 1582 2227 part.
1595 2181 1649 2219 51.
1661 2183 1765 2218 min.
1778 2180 1845 2227 42)
1862 2191 1979 2218 cum-

343 2241 427 2276 que
440 2229 519 2267 ΖΟ
532 2241 607 2276 per
619 2231 987 2277 complementum
998 2232 1253 2271 Altitudinis
1266 2233 1454 2271 secundo
1467 2233 1720 2272 Obseruatae
1735 2235 1866 2272 etiam
1879 2245 1979 2271 con-
2017 2246 2050 2271 35

343 2282 415 2319 stet
430 2283 545 2329 grad.
563 2283 624 2321 56.
641 2285 794 2321 minut.
811 2285 873 2328 45,
893 2285 1093 2332 Angulus
1109 2292 1256 2323 autem
1272 2285 1341 2323 his
1357 2287 1528 2324 duobus
1545 2287 1770 2325 Lateribus
1787 2298 1980 2334 compre-

344 2335 501 2372 hensus
519 2335 652 2373 OZH
670 2336 724 2373 est
740 2336 782 2373 P.
800 2337 870 2375 117.
887 2339 991 2375 min.
1008 2338 1059 2375 30
1081 2338 1242 2384 (tantus
1261 2341 1379 2377 enim
1396 2340 1542 2378 euadit
1557 2339 1587 2377 fi
1602 2339 1892 2377 Azimuthum
1908 2339 1979 2377 Se-

344 2388 499 2425 cundae
526 2388 862 2433 obseruationis‚
893 2390 947 2427 ab
974 2390 1139 2428 Occasu
1163 2391 1477 2439 AEquinodtiali
1503 2392 1650 2430 versus
1679 2392 1980 2431 Meridianum

344 2446 634 2483 numeratum,
657 2442 887 2488 quadranti
906 2444 1130 2489 adieceris)
1152 2444 1254 2482 hinc
1270 2456 1346 2492 per
1361 2444 1701 2493 Triangulorum
1715 2445 1979 2493 supputatio-

344 2504 445 2530 nem
465 2493 687 2531 innotescit
707 2497 879 2532 tertium
901 2495 1032 2533 Latus
1053 2496 1159 2540 ΗΟ,
1180 2498 1296 2544 grad.
1319 2498 1381 2536 78.
1404 2498 1467 2536 M.
1487 2499 1549 2537 59.
1571 2497 1611 2536 S.
1627 2498 1691 2543 29,
1713 2498 1751 2536 8(
1772 2510 1825 2536 ex
1844 2498 1979 2536 tribus
2017 2510 2050 2535 40

1889 2561 1979 2588 iam
