2209 3213
119 814 149 839 10

116 1080 146 1105 15

112 1348 145 1373 20

111 1615 145 1640 25

92 1877 156 1909 418

107 2151 141 2176 35

105 2418 138 2443 40

509 217 1031 256 RECENTIORIBUS
1052 216 1509 256 PHAENOMENIS
1764 217 1831 255 331

189 330 312 363 motu
328 324 366 362 8(
382 324 459 362 fitu
474 336 580 362 vero
596 328 923 371 apparenteque
940 323 1234 367 discernendo,
1250 329 1344 361 tum
1361 326 1492 362 etiam
1506 325 1551 361 in
1566 324 1832 371 Magnitudi-

189 379 317 416 nibus
334 378 501 425 Capitis
512 377 550 415 &
563 377 732 415 Caudae
749 376 1021 421 definiendis,
1038 377 1169 424 idque
1186 388 1239 414 ex
1255 376 1339 415 hac
1354 377 1444 415 sola
1460 377 1696 421 occafione‚
1714 377 1832 424 quod

189 431 451 469 Dedomena
467 430 614 468 multis
626 430 845 468 erroribus
857 431 1049 468 obnoxia
1060 442 1139 478 pro
1151 433 1264 468 veris
1276 430 1314 468 8(
1325 430 1578 468 indubitatis
1589 430 1832 474 assumserit,

189 484 564 532 quemadmodum
575 485 621 521 in
632 483 988 521 antecedentibus
1000 483 1213 521 ostensum
1225 483 1291 521 est.
1307 484 1536 530 Quantum
1549 486 1667 521 enim
1678 484 1734 522 ad
1746 483 1832 521 De-

188 537 509 576 monstrationis
521 536 559 574 &
570 537 887 584 supputationis
898 537 1134 583 processum
1147 539 1308 581 attinet,
1326 537 1567 575 admodum
1583 536 1833 584 diligentem

188 591 226 629 8(
246 591 421 629 fidelem
441 592 627 628 nauauit
647 601 841 636 operam,
862 589 1207 636 tenuissimasque
1228 590 1539 637 portiunculas,
1561 590 1710 628 labore
1731 590 1832 628 sane

187 643 512 691 indefatigabili,
534 643 689 681 calculi
711 642 925 681 beneficio
948 643 1106 690 assequi
1128 643 1331 681 sustinuit.
1358 643 1614 681 Dolendum
1636 654 1740 681 vero
1765 643 1831 687 est,

186 698 248 735 illi
265 697 435 735 defuisse
452 696 732 739 adminicula,
754 696 912 743 quibus
929 694 1114 740 exacias,
1132 695 1170 733 8(
1186 696 1295 734 1111111
1311 696 1497 734 fallaciae
1514 696 1728 734 obnoxias
1745 696 1831 735 Ob-

185 751 453 789 seruationes
470 749 640 788 coelitus
661 750 946 796 depromeret.
969 749 1184 796 Equidem
1200 749 1229 786 fi
1245 749 1313 786 his
1328 748 1554 788 instruc‘tus
1574 749 1719 793 sufflet,
1741 762 1832 787 non

187 805 336 842 dubito
353 805 459 851 quin
475 815 554 850 pro
571 814 635 847 ea,
653 814 741 850 qua
755 802 810 840 est
822 803 986 850 Ingenij
1001 802 1266 846 dexteritate,
1279 802 1489 840 &laboris
1501 805 1612 840 mira
1623 805 1832 850 patientia

185 858 405 905 praeditus,
422 856 588 903 aliquid
605 857 751 904 eximij
769 867 860 903 prae
876 855 1024 893 multis
1038 855 1147 903 alijs,
1164 855 1328 903 ipsique
1340 856 1519 894 Veritati
1532 856 1769 896 conforme.
1786 858 1831 894 in

185 911 381 949 medium
397 909 603 948 attul'isset.

237 965 383 1011 Atque
403 963 499 1001 haec
520 963 573 1001 de
593 964 657 1010 ijs,
679 974 780 1009 quae
801 962 978 1000 Sculteti
996 961 1124 999 Liber
1143 964 1189 999 in
1210 962 1381 1000 duabus
1401 962 1618 1009 prioribus
1634 963 1831 1001 Partibus

185 1020 298 1056 circa
313 1017 446 1055 huius
463 1017 661 1055 Cometae
678 1017 1052 1054 examinationem
1071 1017 1274 1059 continet,
1296 1015 1513 1053 adduxisse
1533 1015 1731 1060 sufficiat;
1753 1016 1830 1054 Re-

183 1071 258 1109 stat
274 1082 403 1114 nunc,
420 1075 463 1108 vt
480 1081 544 1113 ea,
562 1081 662 1116 quae
674 1071 720 1107 in
732 1069 919 1116 Epistola
935 1070 1270 1116 nuncupatoria,
1289 1080 1341 1106 ex
1358 1068 1426 1106 his
1442 1068 1659 1113 omnibus,
1676 1068 1831 1107 selectu

183 1125 389 1172 quodam,
410 1126 456 1161 in
477 1123 710 1161 duodecim
730 1122 1133 1160 animaduersiones
1154 1122 1362 1169 congessit‚
1384 1122 1760 1169 quemadmodum
1777 1123 1830 1161 ab

182 1180 307 1216 initio
325 1176 612 1225 promisimus,
635 1176 672 1214 &
693 1175 917 1223 hucusque
933 1175 1186 1219 distulimus,
1207 1175 1397 1212 breuiter
1413 1187 1501 1213 vna
1518 1176 1830 1222 expendamus.

236 1231 352 1269 Dicit
371 1233 417 1268 in
437 1230 520 1268 hac
539 1230 628 1278 ipsa
644 1229 832 1277 Epistola
847 1229 1126 1273 dedicatoria,
1149 1240 1283 1276 quam
1300 1229 1355 1266 ad
1371 1228 1560 1275 Ampliss.
1578 1229 1632 1266 D.
1651 1228 1752 1267 Cos.
1770 1234 1830 1267 to-

182 1290 364 1332 tumque
381 1284 595 1323 Ordinem
611 1283 891 1321 Senatorium
908 1283 1087 1329 Reipub.
1101 1281 1381 1320 Gorlicienfis
1398 1281 1613 1329 inscripfit,
1630 1282 1704 1320 fibi
1720 1284 1832 1320 inter

182 1338 292 1377 alias
309 1337 647 1376 Obseruationes
663 1338 862 1383 inprimis
879 1336 1106 1374 duodenas
1123 1335 1291 1373 oblatas
1308 1336 1397 1379 esse,
1419 1347 1528 1382 quas
1549 1335 1603 1373 ab
1624 1335 1722 1383 alijs
1740 1348 1830 1373 non

182 1391 407 1440 expofitas,
416 1391 606 1429 breuiter
616 1390 676 1436 (vt
685 1391 731 1427 in
739 1395 830 1427 toto
840 1389 970 1428 Libro
980 1389 1129 1435 fufius)
1140 1388 1403 1433 referendas,
1416 1388 1453 1426 8(
1465 1390 1692 1427 memoriae
1703 1389 1831 1427 causa

182 1445 439 1492 repetendas
456 1443 607 1482 censet.
625 1443 735 1482 Sunt
751 1448 900 1481 autem
917 1442 1191 1481 eiuscemodi.

235 1498 433 1541 PRIMO,
465 1497 714 1535 Maximam
743 1496 907 1534 molem
937 1498 982 1534 in
1009 1496 1176 1534 ambitu
1200 1497 1381 1533 maioris
1407 1495 1571 1533 Circuli
1597 1495 1829 1539 eleuatam,

182 1564 316 1599 quam
339 1554 375 1589 is
397 1555 569 1589 tantum
591 1550 784 1588 mediam
806 1549 958 1597 posuit,
984 1561 1039 1587 ne
1065 1549 1229 1587 creditu
1252 1548 1471 1587 difficilior
1495 1548 1616 1593 foret,
1642 1549 1829 1587 admira-

182 1607 301 1643 tione
318 1605 495 1652 dignam
510 1604 684 1642 iudicat.

233 1659 370 1706 Atqui
385 1658 487 1696 sane
503 1669 594 1696 non
605 1656 746 1695 solum
757 1656 1027 1700 admirabile,
1045 1655 1115 1694 sed
1126 1655 1299 1703 prorsus
1312 1654 1562 1693 incredibile
1575 1655 1642 1699 est,
1658 1660 1830 1693 tantum

181 1724 338 1760 corpus
348 1724 371 1750 e
381 1713 565 1750 materia
574 1710 841 1748 Elementari
852 1710 915 1756 (ut
924 1710 1081 1748 uolunt
1088 1708 1362 1755 Aristotelici)
1373 1713 1637 1752 concretum,
1648 1711 1693 1746 in
1700 1709 1828 1753 Aere,

180 1768 294 1804 intra
315 1766 488 1803 Lunam
504 1764 542 1802 8(
557 1764 752 1808 Terram,
777 1763 888 1802 adeo
910 1761 1058 1801 exacte
1081 1762 1245 1801 Circuli
1265 1764 1447 1800 maximi
1469 1764 1728 1809 portionem,
1753 1762 1829 1800 suo

180 1818 324 1863 ductu,
340 1824 431 1857 tam
442 1818 650 1856 diuturno
661 1823 870 1865 tempore,
888 1816 1006 1864 quod
1017 1822 1164 1854 ternos
1176 1815 1351 1853 Menses
1363 1815 1560 1853 Lunares
1573 1815 1828 1862 adaequarit,

181 1872 429 1916 describere,
446 1883 590 1919 neque
607 1873 844 1919 quicquam
860 1872 1038 1913 interea,
1056 1869 1128 1907 uel
1141 1871 1187 1906 in
1200 1868 1328 1912 hanc,
1346 1868 1417 1906 uel
1428 1870 1473 1906 in
1485 1868 1607 1906 illam
1619 1865 1634 1918 ΙΙ
1645 1873 1826 1916 partem,

180 1926 436 1964 exorbitare.
448 1925 565 1963 Licet
574 1927 692 1963 enim
701 1924 887 1971 idipsum
897 1921 1088 1970 respectu
1099 1921 1388 1960 centriTerrae
1398 1921 1684 1968 aliquomodo
1694 1921 1827 1965 fieret,

179 1979 305 2018 nobis
320 1984 470 2017 tamen
485 1981 531 2016 in
546 1977 770 2025 superficie
787 1979 881 2015 eius
897 1976 1206 2019 habitantibus,
1222 1977 1268 2013 in
1285 1977 1444 2022 quauis
1461 1975 1659 2013 Cometae
1671 1975 1827 2013 Altitu-

179 2032 293 2077 dine,
311 2032 467 2070 eodem
482 2032 616 2070 modo
632 2031 672 2069 se
688 2031 851 2069 habere
867 2041 1153 2077 nequaquam
1169 2028 1500 2076 dignosceretur,
1517 2028 1638 2066 uelut
1654 2028 1750 2066 haec
1763 2028 1827 2066 su-

178 2088 325 2134 perius
341 2085 472 2124 semel
488 2090 618 2132 atque
634 2087 804 2129 iterum,
821 2084 951 2122 latius
967 2095 994 2121 a
1009 2083 1135 2121 nobis
1152 2082 1371 2120 declarata
1386 2081 1493 2119 sunt.
1511 2081 1604 2130 Ipsa
1615 2087 1828 2129 praeterea

178 2139 329 2183 moles,
352 2151 486 2186 quam
506 2138 546 2176 se
566 2138 759 2176 mediam
781 2137 844 2184 (ut
865 2136 972 2183 dixi)
993 2136 1206 2174 duntaxat
1227 2135 1402 2183 posuisse
1422 2134 1562 2179 refert,
1584 2147 1673 2182 quo
1694 2135 1827 2173 fidem

177 2195 301 2231 citius
317 2197 569 2235 mereretur,
588 2191 686 2229 satis
703 2192 935 2234 conuincit,
952 2201 1044 2228 non
1059 2189 1175 2227 fuisse
1191 2188 1310 2226 hunc
1328 2188 1560 2227 Cometam
1576 2189 1631 2226 ab
1648 2188 1825 2226 exhala-

176 2248 294 2284 tione
306 2246 457 2293 aliqua
467 2245 683 2287 Terrestri,
700 2244 910 2292 flagrante
922 2245 968 2281 in
979 2244 1095 2281 Aere
1107 2242 1339 2290 superiore,
1355 2241 1653 2289 compofitum.
1671 2242 1825 2289 Longi-

176 2300 282 2338 tudo
297 2302 415 2337 enim
427 2301 521 2337 eius
532 2303 634 2341 tota,
651 2296 843 2345 respectu
854 2297 1022 2344 Capitis
1034 2296 1071 2334 8(
1084 2295 1267 2340 Caudae,
1284 2297 1406 2333 iuxta
1422 2295 1561 2343 ipsum
1573 2295 1824 2337 Scultetum,

176 2355 318 2391 maior
334 2358 425 2391 erat
442 2352 693 2390 Miliaribus
708 2351 825 2395 2700,
847 2361 947 2388 cum
965 2354 1114 2388 tamen
1130 2351 1261 2387 totius
1277 2348 1426 2386 Terrae
1442 2349 1653 2386 diameter
1668 2348 1825 2386 solum-

175 2406 309 2444 modo
326 2406 411 2445 1718
428 2405 625 2444 Miliaria
641 2406 877 2447 contineat;
899 2408 945 2441 ut
965 2402 1076 2441 nihil
1096 2403 1239 2441 dicam
1260 2402 1312 2440 de
1332 2406 1423 2440 tota
1439 2401 1637 2440 Cometae
1655 2401 1823 2448 Corpu-

175 2459 310 2497 lentia
321 2460 377 2498 ad
387 2459 536 2496 Terrae
549 2458 746 2497 Globum
758 2457 928 2501 collata,
945 2468 1046 2504 quae
1062 2455 1209 2494 multis
1225 2455 1395 2493 uicibus
1411 2455 1535 2492 illum
1553 2459 1822 2501 exuperaret.

175 2512 265 2559 Qui
281 2514 409 2560 igitur
424 2511 518 2550 fieri
534 2513 685 2559 potuit,
702 2516 749 2549 ut
764 2510 855 2558 ipsa
869 2510 1006 2548 Terra
1022 2509 1095 2547 uel
1110 2509 1242 2547 semel
1253 2509 1491 2546 Materiam
1502 2513 1623 2546 tanto
1636 2508 1824 2598 Cogpori

281 2573 332 2598 42·
1655 2573 1703 2598 ar
1736 2565 1822 2597 ent1
