2209 3213
369 205 437 242 140
863 201 947 239 DE
968 199 1196 239 MUNDI
1217 197 1520 236 AETHEREI

368 310 501 347 tribus
518 308 711 355 partibus
728 307 783 345 ad
799 307 950 350 visum,
969 306 1098 354 supra
1114 305 1272 344 dictam
1289 305 1468 344 Stellam
1484 303 1791 356 Capricor-ssni.
1814 307 1933 345 Hinc
1948 309 2011 345 in·
2041 314 2100 346 165

368 365 592 409 quiremus
614 360 946 398 inclinationem
969 359 1121 397 caudae
1146 359 1184 397 &
1206 360 1358 406 capitis
1378 358 1434 396 ad
1455 359 1708 406 Eclipticam
1731 361 1776 397 in
1797 359 1915 398 hunc
1936 363 2011 408 qui

368 416 557 462 sequitur
573 414 768 451 modum.

420 467 737 505 Praesciendum
758 471 918 509 autem,
942 477 1023 503 nos
1044 477 1136 503 non
1156 465 1296 503 solum
1318 465 1402 508 hic,
1425 464 1495 502 sed
1516 467 1561 502 in
1582 465 1787 503 omnibus
1809 466 1918 514 alijs,
1939 467 2011 505 vbi

367 532 528 568 magna
550 521 752 566 apparuit
776 519 928 557 caudae
951 521 1211 562 incuruatio,
1235 518 1426 556 limitasse
1450 518 1654 556 nonnihil
1676 518 1791 557 hanc
1813 519 2010 558 inflexio·
2050 533 2065 558 5

368 585 481 617 nem,
503 573 540 611 &
561 572 752 620 respeclu
768 572 897 610 lineae
914 571 1053 616 rectae,
1075 584 1102 610 a
1122 573 1260 619 capite
1277 583 1354 619 per
1368 571 1565 609 medium
1581 572 1746 616 caudae,
1768 572 2010 611 inclinatio-

367 639 469 664 nem
485 626 540 664 ad
557 626 811 673 Eclipticam
827 625 1097 672 inquifiuisse,
1114 625 1233 672 quod
1249 627 1469 672 praecipue
1486 624 1540 662 ab
1556 626 1680 662 initio
1697 626 2010 672 requirebatur,

367 681 437 718 vbi
455 680 596 717 cauda
612 679 782 726 longior
798 684 900 721 erat,
918 680 1221 725 maioremque
1238 680 1591 716 incuruationem
1607 689 1698 725 prae
1714 678 1754 716 se
1770 678 1945 717 ferebat.

420 733 481 771 Sit
497 735 643 779 itaque
660 734 705 769 in
721 731 914 778 sequenti
927 732 1096 779 Figura,
1114 737 1243 779 caput
1255 731 1453 769 Cometae
1466 733 1511 768 in
1524 731 1573 775 C,
1590 731 1732 769 cauda
1742 743 1846 769 vero
1863 733 2011 771 tendat

366 785 511 824 versus
528 786 574 829 B,
591 785 620 822 fi
636 783 793 823 directe
810 797 836 823 a
852 786 991 832 capite
1007 784 1217 832 producta
1232 784 1607 833 praesupponatur,
1628 786 1673 822 in
1691 784 1838 822 locum
1855 787 1929 833 qui
1946 787 2008 824 in·
2050 797 2081 823 ιο

1233 861 1286 905 A

367 1950 499 1989 serius
514 1962 651 1990 cornu
663 1952 920 1999 Capricorni
936 1953 1176 2001 superabat,
1193 1953 1313 2001 quafi
1329 1953 1383 1992 ad
1399 1959 1484 1992 tres
1499 1954 1670 2002 gradus,
1687 1953 1817 2000 idque
1833 1958 2008 2000 propter

367 2006 720 2043 incuruationem
734 2007 903 2050 caudae;
921 2007 1040 2044 Nam
1052 2007 1149 2045 licet
1160 2009 1329 2045 ratione
1340 2007 1485 2051 huius,
1502 2006 1648 2045 versus
1660 2005 1818 2045 dictam
1829 2006 2007 2044 Stellam

367 2057 450 2094 sese
471 2057 720 2102 inclinabat,
741 2064 888 2097 tamen
905 2059 934 2097 fi
951 2059 1106 2098 directe
1123 2071 1150 2098 a
1166 2062 1304 2107 capite
1325 2072 1402 2107 per
1417 2060 1612 2098 medium
1629 2060 1781 2098 caudae
1797 2057 2008 2106 produffla

367 2109 500 2148 fuisset
511 2110 640 2154 linea,
653 2112 854 2150 incidisset
866 2113 921 2151 ad
933 2115 1221 2160 quantitatem
1233 2115 1364 2151 trium
1375 2115 1577 2160 partium,
1594 2112 1722 2160 supra
1733 2112 1891 2151 dictam
1903 2112 2007 2151 Stel-

367 2163 457 2201 lam
472 2165 518 2201 in
534 2164 738 2202 cornibus
750 2163 1061 2216 Capricor—llni;
1078 2167 1197 2213 quod
1214 2168 1332 2204 enim
1348 2178 1424 2214 per
1439 2167 1640 2204 accidens
1656 2165 1731 2204 fiat
1747 2166 1842 2203 haec
1855 2166 2007 2204 caudae
2036 2171 2097 2203 166

367 2218 627 2260 incuruatio,
644 2229 723 2255 nec
740 2229 895 2256 reuera
911 2219 1008 2256 talis
1025 2219 1184 2263 existat,
1201 2219 1345 2267 postea
1361 2219 1646 2257 ostendemus.

421 2268 619 2307 Ducatur
635 2272 781 2318 itaque
798 2274 843 2308 in
859 2272 1061 2319 assignata
1077 2272 1109 2310 F
1111 2274 1367 2320 iguratione,
1385 2283 1411 2310 a
1426 2272 1532 2310 Polo
1549 2272 1767 2319 Eclipticae
1783 2272 1836 2315 A,
1853 2274 1898 2308 in
1915 2273 2008 2309 eius

367 2324 614 2369 portionem
630 2322 726 2367 DE,
744 2335 820 2371 per
836 2330 964 2372 caput
982 2325 1180 2363 Cometae
1198 2325 1247 2369 C,
1265 2325 1500 2372 Quadrans
1517 2325 1682 2364 Circuli
1697 2324 1778 2362 AC
1786 2324 1830 2369 F,
1852 2324 2007 2362 eodem

366 2375 512 2419 modo,
535 2387 611 2422 per
632 2376 779 2414 locum
799 2377 945 2415 versus
966 2390 1098 2425 quem
1118 2378 1259 2416 cauda
1279 2379 1493 2426 vergebat,
1517 2378 1657 2421 ABE;
1681 2377 1727 2415 fit
1748 2389 1865 2415 nunc
1885 2377 2008 2415 locus

367 2427 479 2467 Solis
495 2430 541 2466 in
557 2428 776 2477 Ecliptica,
798 2430 827 2474 Ι,
849 2431 1073 2478 Arcufque
1091 2431 1254 2470 Circuli
1274 2433 1422 2479 magni
1442 2443 1518 2479 per
1533 2431 1672 2479 ipsum
1689 2436 1905 2479 caputque
1922 2430 2006 2469 Co·
2044 2442 2078 2467 20

366 2486 495 2521 metae
508 2480 660 2521 duetus
671 2482 717 2521 fit
729 2483 791 2522 IC
800 2483 854 2528 G,
872 2484 993 2522 locus
1005 2485 1188 2523 Veneris
1203 2484 1249 2523 fit
1261 2485 1320 2528 H,
1336 2484 1466 2532 ipfius
1478 2484 1723 2532 Longitudo
1735 2484 1787 2529 K,
1805 2483 2007 2523 Latitudo

1858 2541 2006 2575 autem
