2209 3213
393 218 468 255 488
657 213 883 253 CRAIGI
906 210 1358 251 CAPNURANIAE
1380 209 1769 249 RESTINCTIO

393 321 587 352 Circulum
606 321 715 349 extra
728 317 830 348 Artis
846 315 1074 356 praescripta
1090 314 1318 351 introducis,
1337 323 1454 354 qvem
1471 313 1693 346 correctum
1705 314 1891 346 Azimuth
1908 314 2036 354 appel-

393 367 465 396 las:
489 373 564 403 qvo
587 362 744 394 nomine
766 370 844 392 non
866 360 1146 400 appellandum
1167 359 1252 396 esse,
1274 359 1380 398 qvod
1397 358 1561 390 Cometa
1577 358 1614 389 in
1631 367 1678 390 eo
1697 367 1776 390 non
1797 358 2034 398 apparuerit,

394 411 422 440 8(
438 409 541 448 qvod
555 408 621 438 ista
639 404 882 438 corretftione
898 414 983 436 rem
1000 404 1120 435 nihilo
1137 404 1262 443 magis
1278 411 1534 443 promoveas:
1553 403 1737 442 qvodqve
1755 402 2036 434 REGIOMON-

392 453 507 484 TANI
535 449 814 482 demonstratio
840 449 929 480 satis
955 449 1267 480 accommodata
1293 447 1382 479 esset
1407 447 1579 478 minimis
1604 447 1884 484 Parallaxibus‚
1915 447 2036 478 etiam

394 497 552 528 Calculo
570 494 833 534 expediendis,
851 492 866 536 ΙΙ
882 493 1004 525 modo
1021 491 1302 532 circumspecte
1319 491 1623 523 Observationes
1638 491 1895 528 instituantur,
1917 494 1955 522 te
1972 491 2037 522 ad·
2069 488 2113 520 6v

393 540 543 573 monui:
566 548 669 570 nunc
687 547 780 570 vero
798 538 835 568 in
853 546 916 569 me
932 537 970 569 id
987 536 1254 577 reprehendis.
1277 536 1352 568 Sed
1374 544 1422 567 ne
1443 535 1599 576 ignores
1614 535 1744 573 velim,
1768 535 1840 567 esse
1858 535 1896 566 in
1912 535 2038 566 Paral-

393 587 535 616 laxeon
555 583 816 623 indagatione,
838 584 983 621 praeter
1003 584 1260 621 apparentem
1278 580 1547 617 Azimuthum‚
1570 579 1702 617 aliurn,
1725 579 1790 619 qvi
1805 579 1958 611 medius
1975 588 2039 619 ap-

394 630 570 669 pellatur,
593 628 622 658 8(
642 627 777 658 tranfit
797 635 867 666 per
888 625 1076 666 punctum
1097 634 1206 657 verae
1226 624 1476 665 longitudinis
1497 624 1535 655 in
1557 624 1759 664 Ecliptica:
1781 624 1858 655 Sed
1878 624 2039 663 psevdo-

394 673 557 713 planetis
577 672 653 702 tuis
674 672 736 702 hic
758 679 831 702 nec
853 670 1002 707 ascribi,
1026 678 1098 701 nec
1116 670 1249 709 affingi
1265 669 1392 700 debet.
1417 668 1573 700 Horum
1589 668 1695 699 enim
1711 668 1803 699 nulli
1821 668 1904 699 sunt
1921 668 2036 708 Medij

394 720 537 750 motus.
559 725 630 747 nec
653 724 752 755 qvos
772 715 931 751 habent,
954 715 1004 746 ad
1025 714 1254 754 Eclipticam
1275 713 1413 745 referri
1435 713 1590 750 debent,
1613 712 1677 744 sed
1693 712 1744 743 ad
1760 712 2036 752 AEqvatorem‚
2079 715 2110 741 10

395 762 459 802 qvi
474 761 612 792 talium
628 763 811 791 motuum
827 759 879 791 est
896 768 1049 791 norma.

447 807 573 845 Atqve
589 805 642 835 ita
659 803 930 844 expedivimus
947 804 1131 840 rationes,
1150 811 1248 842 qvas
1264 802 1446 833 Secundo
1462 801 1581 833 Libro
1596 804 1664 832 tuo
1681 801 1729 832 de
1747 800 2040 832 Recentioribus

395 850 570 881 AEtheris
592 848 716 889 (Aeris
739 848 882 889 potius)
905 847 1190 884 Phaenomenis,
1214 847 1244 878 8(
1267 846 1457 886 Apologia
1480 847 1548 877 tua
1571 847 1711 877 contra
1734 853 1799 876 me
1822 844 1961 885 scripta
1984 853 2041 877 re-

396 894 584 926 censuisti:
613 893 752 933 qvibus
773 892 975 932 persvasus
995 901 1048 929 es,
1071 892 1100 922 8(
1121 891 1355 931 persvadere
1377 890 1560 922 omnibus
1581 889 1738 921 conaris
1759 889 1944 921 Cometas
1965 889 2038 921 esse

396 939 586 970 AEtherea
604 946 789 977 corpora:
808 945 899 968 cum
916 945 1169 976 neqvaqvam
1185 933 1245 966 ἀεὶ
1255 932 1395 966 θέοντα
1412 935 1492 965 sint.
1510 934 1625 972 Qvod
1636 942 1733 965 vero
1745 933 1838 965 nihil
1850 933 1888 964 in
1899 933 1944 973 ijs
1956 933 2039 965 veri
2050 937 2070 968 †
2082 937 2112 962 15

396 984 449 1020 fit,
468 983 531 1014 sed
548 983 597 1014 ab
615 982 722 1013 omni
740 981 895 1013 scientia
911 981 941 1012 8(
958 983 1042 1012 arte
1059 980 1216 1020 prorsus
1232 979 1382 1016 alienae,
1400 979 1476 1010 hac
1492 978 1621 1010 nostra
1638 978 1904 1018 recognitione
1919 977 2039 1009 nemi-

394 1036 486 1059 nem
502 1027 644 1058 harum
661 1034 794 1057 rerum
810 1025 1087 1065 intelligentem
1104 1025 1225 1056 latere
1242 1023 1375 1064 potest.
1400 1023 1475 1055 Ubi
1495 1023 1640 1063 fingula
1657 1023 1707 1054 fic
1723 1022 1904 1060 refutavi,
1925 1025 1968 1053 ut
1986 1022 2040 1053 in-

394 1072 509 1104 terim
526 1079 572 1102 ea
589 1071 789 1107 adderem,
813 1079 901 1109 qvae
921 1068 1065 1101 rectior
1080 1068 1254 1100 veritatis
1270 1067 1469 1108 indagatio
1490 1067 1711 1107 postularet.
1733 1067 1859 1098 Tuum
1879 1066 1943 1104 est,
1963 1065 2039 1098 tuis

396 1115 617 1156 Ratiocinijs
634 1123 712 1146 non
729 1114 898 1154 amplius
914 1113 994 1145 falli
1010 1114 1121 1145 velle.
1145 1113 1241 1144 Sunt
1257 1112 1332 1144 alia
1354 1112 1535 1152 plurima,
1559 1112 1607 1143 de
1623 1111 1764 1151 qvibus
1780 1110 2039 1143 disserendum

395 1161 494 1192 esset.
513 1160 660 1191 Verum
676 1159 742 1190 illa
759 1161 825 1190 avt
842 1158 956 1198 huJus
972 1158 1049 1189 loci
1065 1166 1143 1189 non
1161 1157 1257 1193 sunt,
1282 1158 1349 1188 avt
1364 1157 1569 1188 Paradoxo
1585 1158 1653 1187 tuo
1670 1156 1817 1193 everso,
1840 1164 1888 1186 ex
1905 1155 1941 1186 se
1957 1163 2040 1187 cor·
2077 1158 2111 1184 20

396 1208 519 1236 ruent.
547 1204 652 1235 Num
674 1203 777 1235 enim
799 1203 875 1234 illae
896 1202 1134 1242 hypotheses
1153 1204 1233 1232 tuae
1254 1200 1469 1237 consistent,
1493 1201 1518 1231 fi
1538 1200 1654 1231 thesis
1673 1203 1742 1231 tua
1761 1208 1857 1231 vera
1877 1207 1956 1231 non
1977 1199 2040 1231 fit?

398 1250 477 1280 Nec
499 1249 576 1280 huc
597 1248 763 1288 pertinet
784 1247 1015 1279 remotionis
1031 1247 1286 1278 Cometarum
1303 1245 1595 1277 demonstratio.
1618 1244 1734 1282 Qvod
1750 1244 1788 1275 in
1803 1243 2042 1276 Elementari

396 1294 562 1333 Regione
584 1293 664 1329 fint,
685 1292 927 1332 Phyfiologia
946 1291 1074 1327 evicit,
1097 1299 1176 1322 non
1197 1289 1391 1322 levissimis
1412 1288 1774 1330 conjectationibus,
1796 1291 1838 1320 ut
1857 1288 2040 1328 loqveris,

397 1339 459 1369 sed
484 1336 775 1377 Epistemonicis
800 1334 1035 1374 στοχάσμοις.
1062 1334 1165 1366 Nam
1189 1331 1247 1366 ὄτι
1270 1332 1348 1366 ἐστι
1373 1333 1663 1365 demonstratur
1687 1341 1735 1364 ex
1761 1332 2041 1373 apparentibus

396 1381 683 1422 apparentium,
697 1389 789 1412 cum
800 1380 856 1421 ijs,
871 1389 960 1420 qvae
972 1381 1113 1411 natura
1126 1379 1258 1419 priora
1271 1378 1367 1415 sunt,
1385 1378 1579 1410 connexio
1592 1386 1664 1409 nec
1676 1377 1791 1412 forte,
1808 1385 1880 1408 nec
1892 1379 2041 1408 temere
2079 1380 2112 1405 25

396 1426 624 1466 contingens
641 1425 705 1462 est,
723 1433 794 1456 nec
812 1424 1048 1456 immutabili
1064 1423 1285 1455 necessitate
1301 1423 1534 1454 continetur.
1555 1422 1631 1454 Sed
1646 1424 1689 1453 ut
1704 1421 1918 1461 plurimum
1934 1421 1988 1452 ita
2005 1421 2041 1452 se

397 1471 526 1507 habet,
550 1471 579 1501 8(
600 1469 788 1501 rarissime
809 1469 931 1500 aliter.
956 1468 1057 1499 Nam
1078 1470 1221 1499 natura
1242 1467 1293 1498 est
1314 1475 1466 1504 eorum,
1489 1475 1578 1506 qvae
1594 1469 1636 1497 ut
1651 1466 1865 1506 plurimum
1880 1465 1990 1503 fiunt,
2012 1465 2042 1496 8(

398 1515 491 1546 sunt.
501 1515 612 1545 Vnde
624 1514 813 1554 ejusmodi
824 1513 996 1544 rationes
1009 1511 1247 1552 conjecturae
1259 1511 1448 1551 appellari
1463 1511 1626 1551 possunt‚
1646 1510 1710 1542 sed
1722 1509 2042 1542 artificiosissimae

397 1559 426 1589 8(
448 1559 604 1590 scientia
625 1560 765 1598 plenae,
792 1560 834 1589 ut
859 1557 1050 1597 diagnofis
1071 1557 1100 1588 8(
1121 1556 1321 1596 prognosls
1343 1555 1499 1587 Medica
1520 1555 1735 1587 ostendunt.
1765 1554 2041 1596 Qva[n]qvam‚

398 1604 503 1643 qvod
521 1604 695 1635 Cometae
715 1603 752 1633 in
771 1601 1009 1634 Elementari
1029 1601 1186 1641 regione
1208 1601 1289 1638 lint,
1311 1599 1521 1631 necessaria
1544 1599 1663 1631 etiam
1683 1598 1834 1631 ratione
1856 1598 2040 1640 co[n]stet.
2081 1601 2114 1626 30

443 1648 510 1678 Cui
526 1647 653 1688 potius
670 1646 951 1678 assentiendum
968 1645 1031 1683 est,
1050 1648 1092 1677 ut
1107 1644 1326 1677 Veritatem
1340 1646 1421 1675 tuae
1436 1644 1596 1675 Vraniae
1611 1643 1711 1675 tueri
1728 1651 1860 1683 qveas,
1879 1651 1999 1683 qvam

487 1694 592 1723 certe
612 1694 722 1723 tanto
744 1691 866 1722 studio
883 1691 912 1721 8(
928 1690 1111 1722 industria
1133 1689 1242 1727 colis,
1264 1691 1306 1720 ut
1326 1688 1402 1720 hac
1423 1697 1471 1720 ex
1491 1691 1603 1729 parte
1619 1696 1712 1719 cum
1729 1687 1836 1719 omni
1852 1687 1956 1718 Anti-

532 1736 678 1776 qvitate
694 1735 922 1775 comparari
942 1735 1078 1775 posses,
1101 1742 1148 1765 ac
1165 1742 1212 1765 ea
1228 1733 1424 1773 praestare,
1448 1742 1537 1773 qvae
1553 1733 1591 1764 in
1607 1734 1840 1772 perpetuam
1854 1731 1910 1763 tui

576 1780 967 1812 commendationem
979 1779 1131 1811 cedent.
1145 1778 1369 1809 Videndum
1383 1778 1498 1818 igitur
1510 1777 1579 1809 tibi
1592 1777 1735 1808 iterum
1750 1779 1867 1816 atqve

623 1825 763 1856 iterum
789 1824 852 1861 est,
878 1832 926 1855 ne
951 1823 1003 1855 ibi
1027 1823 1182 1855 Nomen
1204 1825 1316 1853 tuum
1341 1821 1578 1862 prophanes,
1604 1821 1670 1852 ubi
1695 1821 1824 1852 conse·
2081 1823 2115 1850 35

667 1877 780 1900 crare
795 1871 906 1900 tanto
923 1868 952 1899 8(
967 1871 1052 1899 tam
1068 1866 1254 1899 lavdabili
1271 1875 1390 1906 opere
1406 1866 1544 1898 studes.
1570 1865 1667 1897 Haec
1684 1865 1781 1897 veri-

728 1912 818 1944 tatis
834 1913 864 1944 8(
881 1912 1065 1944 amicitiae
1083 1911 1198 1943 cavsa
1215 1913 1355 1942 contra
1372 1910 1616 1942 fumositates
1630 1912 1719 1941 tuas

1048 1955 1217 1996 carptim
1233 1963 1401 1987 exarare

1163 1999 1283 2031 libuit.

676 2064 830 2093 Absoluta,
846 2071 905 2097 qvo
922 2063 970 2089 die
987 2063 1020 2095 Θ
1036 2065 1128 2089 Anno
1147 2063 1210 2088 1591
1229 2062 1268 2088 ad
1285 2062 1317 2095 22}
1333 2062 1394 2088 fere
1411 2061 1524 2094 digitos
1541 2061 1773 2088 obscurabatur:
2059 2058 2118 2089 ἨΟ

966 2099 990 2124 &
1006 2098 1113 2131 pavcis
1128 2097 1191 2131 post
1207 2097 1320 2124 diebus
1336 2097 1485 2130 rescripta.

1583 2529 2048 2570 ANNOTATIONES
