<?xml version="1.0" encoding="UTF-8"?>
<!DOCTYPE html PUBLIC "-//W3C//DTD XHTML 1.0 Transitional//EN"
    "http://www.w3.org/TR/xhtml1/DTD/xhtml1-transitional.dtd">
<html xmlns="http://www.w3.org/1999/xhtml" xml:lang="en" lang="en">
 <head>
  <title>
</title>
<meta http-equiv="Content-Type" content="text/html;charset=utf-8" />
  <meta name='ocr-system' content='tesseract 3.04.00' />
  <meta name='ocr-capabilities' content='ocr_page ocr_carea ocr_par ocr_line ocrx_word'/>
</head>
<body>
  <div class='ocr_page' id='page_1' title='image "./operaomniaedidit04brahuoft/operaomniaedidit04brahuoft_0385.png"; bbox 0 0 2209 3213; ppageno 0'>
   <div class='ocr_carea' id='block_1_1' title="bbox 516 206 1843 247">
    <p class='ocr_par' dir='ltr' id='par_1_1' title="bbox 516 206 1843 247">
     <span class='ocr_line' id='line_1_1' title="bbox 516 206 1843 247; baseline -0.003 0"><span class='ocrx_word' id='word_1_1' title='bbox 516 207 1040 247; x_wconf 89' lang='lat' dir='ltr'>RECENTIORIBUS</span> <span class='ocrx_word' id='word_1_2' title='bbox 1061 206 1519 245; x_wconf 91' lang='lat' dir='ltr'>PHAENOMENIS</span> <span class='ocrx_word' id='word_1_3' title='bbox 1766 206 1843 243; x_wconf 83' lang='lat'>367</span> 
     </span>
    </p>
   </div>
   <div class='ocr_carea' id='block_1_2' title="bbox 130 312 1843 1107">
    <p class='ocr_par' dir='ltr' id='par_1_2' title="bbox 130 312 1843 1107">
     <span class='ocr_line' id='line_1_2' title="bbox 198 312 1843 364; baseline -0.003 -10"><span class='ocrx_word' id='word_1_4' title='bbox 198 315 409 364; x_wconf 85' lang='lat' dir='ltr'>Phyficas,</span> <span class='ocrx_word' id='word_1_5' title='bbox 435 315 488 353; x_wconf 92' lang='lat' dir='ltr'>de</span> <span class='ocrx_word' id='word_1_6' title='bbox 511 313 733 353; x_wconf 60' lang='lat' dir='ltr'>effectibus</span> <span class='ocrx_word' id='word_1_7' title='bbox 756 314 888 352; x_wconf 90' lang='lat' dir='ltr'>huius</span> <span class='ocrx_word' id='word_1_8' title='bbox 912 314 1123 358; x_wconf 86' lang='lat' dir='ltr'>Cometae‚</span> <span class='ocrx_word' id='word_1_9' title='bbox 1149 315 1353 360; x_wconf 89' lang='lat' dir='ltr'>proponit</span> <span class='ocrx_word' id='word_1_10' title='bbox 1376 313 1712 354; x_wconf 86' lang='lat' dir='ltr'>admonitiones,</span> <span class='ocrx_word' id='word_1_11' title='bbox 1738 312 1843 349; x_wconf 93' lang='lat' dir='ltr'>nolo</span> 
     </span>
     <span class='ocr_line' id='line_1_3' title="bbox 198 365 1842 416; baseline -0.003 -9"><span class='ocrx_word' id='word_1_12' title='bbox 198 368 269 407; x_wconf 84' lang='lat' dir='ltr'>hic</span> <span class='ocrx_word' id='word_1_13' title='bbox 292 369 513 416; x_wconf 88' lang='lat' dir='ltr'>replicare,</span> <span class='ocrx_word' id='word_1_14' title='bbox 537 368 773 415; x_wconf 87' lang='lat' dir='ltr'>praesertim</span> <span class='ocrx_word' id='word_1_15' title='bbox 797 379 897 405; x_wconf 93' lang='lat' dir='ltr'>cum</span> <span class='ocrx_word' id='word_1_16' title='bbox 916 367 1220 404; x_wconf 85' lang='lat' dir='ltr'>Astronomica</span> <span class='ocrx_word' id='word_1_17' title='bbox 1240 366 1516 404; x_wconf 85' lang='lat' dir='ltr'>solummodo</span> <span class='ocrx_word' id='word_1_18' title='bbox 1538 368 1583 403; x_wconf 91' lang='lat' dir='ltr'>in</span> <span class='ocrx_word' id='word_1_19' title='bbox 1604 365 1842 403; x_wconf 88' lang='lat' dir='ltr'>confidera-</span> 
     </span>
     <span class='ocr_line' id='line_1_4' title="bbox 197 419 1843 468; baseline -0.003 -8"><span class='ocrx_word' id='word_1_20' title='bbox 197 424 363 460; x_wconf 91' lang='lat' dir='ltr'>tionem</span> <span class='ocrx_word' id='word_1_21' title='bbox 379 421 587 460; x_wconf 89' lang='lat' dir='ltr'>adhibere</span> <span class='ocrx_word' id='word_1_22' title='bbox 603 420 899 468; x_wconf 87' lang='lat' dir='ltr'>principaliter</span> <span class='ocrx_word' id='word_1_23' title='bbox 914 420 1153 457; x_wconf 84' lang='lat' dir='ltr'>intendam.</span> <span class='ocrx_word' id='word_1_24' title='bbox 1174 420 1335 457; x_wconf 86' lang='lat' dir='ltr'>Praeter</span> <span class='ocrx_word' id='word_1_25' title='bbox 1353 419 1471 456; x_wconf 89' lang='lat' dir='ltr'>hunc</span> <span class='ocrx_word' id='word_1_26' title='bbox 1487 421 1634 466; x_wconf 87' lang='lat' dir='ltr'>magni</span> <span class='ocrx_word' id='word_1_27' title='bbox 1650 420 1843 456; x_wconf 91' lang='lat' dir='ltr'>nominis</span> 
     </span>
     <span class='ocr_line' id='line_1_5' title="bbox 197 472 1842 522; baseline -0.002 -10"><span class='ocrx_word' id='word_1_28' title='bbox 197 475 365 519; x_wconf 89' lang='lat' dir='ltr'>Virum,</span> <span class='ocrx_word' id='word_1_29' title='bbox 382 474 529 522; x_wconf 89' lang='lat' dir='ltr'>plures</span> <span class='ocrx_word' id='word_1_30' title='bbox 545 476 676 512; x_wconf 88' lang='lat' dir='ltr'>etiam</span> <span class='ocrx_word' id='word_1_31' title='bbox 688 473 976 521; x_wconf 85' lang='lat' dir='ltr'>Theologiam</span> <span class='ocrx_word' id='word_1_32' title='bbox 992 473 1170 520; x_wconf 88' lang='lat' dir='ltr'>professi,</span> <span class='ocrx_word' id='word_1_33' title='bbox 1188 473 1241 510; x_wconf 92' lang='lat' dir='ltr'>de</span> <span class='ocrx_word' id='word_1_34' title='bbox 1253 473 1336 510; x_wconf 92' lang='lat' dir='ltr'>hoc</span> <span class='ocrx_word' id='word_1_35' title='bbox 1349 472 1535 510; x_wconf 88' lang='lat' dir='ltr'>Cometa</span> <span class='ocrx_word' id='word_1_36' title='bbox 1547 472 1713 519; x_wconf 85' lang='lat' dir='ltr'>Scripta</span> <span class='ocrx_word' id='word_1_37' title='bbox 1725 483 1842 518; x_wconf 84' lang='lat' dir='ltr'>quae-</span> 
     </span>
     <span class='ocr_line' id='line_1_6' title="bbox 145 525 1842 574; baseline -0.003 -8"><span class='ocrx_word' id='word_1_38' title='bbox 145 542 160 566; x_wconf 83' lang='lat'>⁵</span> <span class='ocrx_word' id='word_1_39' title='bbox 197 527 312 571; x_wconf 90' lang='lat' dir='ltr'>dam,</span> <span class='ocrx_word' id='word_1_40' title='bbox 329 527 618 574; x_wconf 88' lang='lat' dir='ltr'>utplurimum</span> <span class='ocrx_word' id='word_1_41' title='bbox 634 526 877 564; x_wconf 87' lang='lat' dir='ltr'>Teutonica</span> <span class='ocrx_word' id='word_1_42' title='bbox 893 526 931 563; x_wconf 87' lang='lat'>&amp;</span> <span class='ocrx_word' id='word_1_43' title='bbox 947 526 1188 563; x_wconf 91' lang='lat' dir='ltr'>uernacula</span> <span class='ocrx_word' id='word_1_44' title='bbox 1204 526 1365 573; x_wconf 87' lang='lat' dir='ltr'>lingua,</span> <span class='ocrx_word' id='word_1_45' title='bbox 1382 525 1670 572; x_wconf 87' lang='lat' dir='ltr'>publicarunt,</span> <span class='ocrx_word' id='word_1_46' title='bbox 1688 527 1734 562; x_wconf 92' lang='lat' dir='ltr'>in</span> <span class='ocrx_word' id='word_1_47' title='bbox 1750 526 1842 572; x_wconf 93' lang='lat' dir='ltr'>qui-</span> 
     </span>
     <span class='ocr_line' id='line_1_7' title="bbox 196 578 1843 628; baseline -0.002 -9"><span class='ocrx_word' id='word_1_48' title='bbox 196 581 277 619; x_wconf 90' lang='lat' dir='ltr'>bus</span> <span class='ocrx_word' id='word_1_49' title='bbox 293 583 512 628; x_wconf 89' lang='lat' dir='ltr'>praecipue</span> <span class='ocrx_word' id='word_1_50' title='bbox 528 581 572 618; x_wconf 91' lang='lat' dir='ltr'>id</span> <span class='ocrx_word' id='word_1_51' title='bbox 587 585 733 628; x_wconf 87' lang='lat' dir='ltr'>agunt,</span> <span class='ocrx_word' id='word_1_52' title='bbox 750 585 796 617; x_wconf 92' lang='lat' dir='ltr'>ut</span> <span class='ocrx_word' id='word_1_53' title='bbox 807 579 1023 627; x_wconf 91' lang='lat' dir='ltr'>populum</span> <span class='ocrx_word' id='word_1_54' title='bbox 1034 579 1090 616; x_wconf 91' lang='lat' dir='ltr'>ad</span> <span class='ocrx_word' id='word_1_55' title='bbox 1101 580 1419 625; x_wconf 82' lang='lat' dir='ltr'>poenitentiam,</span> <span class='ocrx_word' id='word_1_56' title='bbox 1437 578 1474 615; x_wconf 85' lang='lat'>&amp;</span> <span class='ocrx_word' id='word_1_57' title='bbox 1491 578 1843 625; x_wconf 85' lang='lat' dir='ltr'>deprecationem</span> 
     </span>
     <span class='ocr_line' id='line_1_8' title="bbox 197 631 1842 681; baseline -0.002 -10"><span class='ocrx_word' id='word_1_58' title='bbox 197 634 546 681; x_wconf 87' lang='lat' dir='ltr'>impendentium</span> <span class='ocrx_word' id='word_1_59' title='bbox 557 633 791 676; x_wconf 88' lang='lat' dir='ltr'>malorum,</span> <span class='ocrx_word' id='word_1_60' title='bbox 803 644 880 680; x_wconf 93' lang='lat' dir='ltr'>per</span> <span class='ocrx_word' id='word_1_61' title='bbox 892 632 1100 670; x_wconf 89' lang='lat' dir='ltr'>Cometas</span> <span class='ocrx_word' id='word_1_62' title='bbox 1113 631 1462 679; x_wconf 84' lang='lat' dir='ltr'>significatorum.</span> <span class='ocrx_word' id='word_1_63' title='bbox 1476 631 1722 675; x_wconf 88' lang='lat' dir='ltr'>exuscitent,</span> <span class='ocrx_word' id='word_1_64' title='bbox 1737 642 1842 677; x_wconf 91' lang='lat' dir='ltr'>quo-</span> 
     </span>
     <span class='ocr_line' id='line_1_9' title="bbox 197 684 1843 734; baseline -0.002 -9"><span class='ocrx_word' id='word_1_65' title='bbox 197 699 296 725; x_wconf 90' lang='lat' dir='ltr'>rum</span> <span class='ocrx_word' id='word_1_66' title='bbox 304 689 424 734; x_wconf 92' lang='lat' dir='ltr'>piam</span> <span class='ocrx_word' id='word_1_67' title='bbox 433 688 721 724; x_wconf 89' lang='lat' dir='ltr'>intentionem</span> <span class='ocrx_word' id='word_1_68' title='bbox 731 686 984 724; x_wconf 87' lang='lat' dir='ltr'>nullatenus</span> <span class='ocrx_word' id='word_1_69' title='bbox 993 685 1241 731; x_wconf 91' lang='lat' dir='ltr'>improbare</span> <span class='ocrx_word' id='word_1_70' title='bbox 1251 685 1356 722; x_wconf 93' lang='lat' dir='ltr'>uolo</span> <span class='ocrx_word' id='word_1_71' title='bbox 1365 697 1373 727; x_wconf 86' lang='grc'>;</span> <span class='ocrx_word' id='word_1_72' title='bbox 1384 685 1453 722; x_wconf 93' lang='lat' dir='ltr'>sed</span> <span class='ocrx_word' id='word_1_73' title='bbox 1463 696 1563 722; x_wconf 92' lang='lat' dir='ltr'>cum</span> <span class='ocrx_word' id='word_1_74' title='bbox 1574 690 1694 722; x_wconf 84' lang='lat' dir='ltr'>extra</span> <span class='ocrx_word' id='word_1_75' title='bbox 1701 684 1843 722; x_wconf 84' lang='lat' dir='ltr'>Astro-</span> 
     </span>
     <span class='ocr_line' id='line_1_10' title="bbox 250 737 1790 786; baseline -0.002 -8"><span class='ocrx_word' id='word_1_76' title='bbox 250 742 413 778; x_wconf 86' lang='lat' dir='ltr'>nomiae</span> <span class='ocrx_word' id='word_1_77' title='bbox 425 746 563 778; x_wconf 90' lang='lat' dir='ltr'>metas</span> <span class='ocrx_word' id='word_1_78' title='bbox 576 742 622 777; x_wconf 92' lang='lat' dir='ltr'>in</span> <span class='ocrx_word' id='word_1_79' title='bbox 635 740 719 777; x_wconf 89' lang='lat' dir='ltr'>hoc</span> <span class='ocrx_word' id='word_1_80' title='bbox 732 739 876 786; x_wconf 91' lang='lat' dir='ltr'>Opere</span> <span class='ocrx_word' id='word_1_81' title='bbox 892 739 1020 786; x_wconf 88' lang='lat' dir='ltr'>longe</span> <span class='ocrx_word' id='word_1_82' title='bbox 1037 739 1234 785; x_wconf 90' lang='lat' dir='ltr'>diuagari</span> <span class='ocrx_word' id='word_1_83' title='bbox 1250 749 1341 775; x_wconf 91' lang='lat' dir='ltr'>non</span> <span class='ocrx_word' id='word_1_84' title='bbox 1358 738 1403 775; x_wconf 89' lang='lat' dir='ltr'>fit</span> <span class='ocrx_word' id='word_1_85' title='bbox 1419 740 1606 779; x_wconf 82' lang='lat' dir='ltr'>animus,</span> <span class='ocrx_word' id='word_1_86' title='bbox 1624 737 1728 775; x_wconf 91' lang='lat' dir='ltr'>nolo</span> <span class='ocrx_word' id='word_1_87' title='bbox 1745 740 1790 775; x_wconf 91' lang='lat' dir='ltr'>in</span> 
     </span>
     <span class='ocr_line' id='line_1_11' title="bbox 130 790 1736 841; baseline -0.002 -10"><span class='ocrx_word' id='word_1_88' title='bbox 130 807 160 832; x_wconf 83' lang='grc' dir='ltr'>ιο</span> <span class='ocrx_word' id='word_1_89' title='bbox 304 794 498 831; x_wconf 90' lang='lat' dir='ltr'>alienam</span> <span class='ocrx_word' id='word_1_90' title='bbox 518 793 701 841; x_wconf 83' lang='lat' dir='ltr'>segetem</span> <span class='ocrx_word' id='word_1_91' title='bbox 721 792 878 830; x_wconf 86' lang='lat' dir='ltr'>falcem</span> <span class='ocrx_word' id='word_1_92' title='bbox 898 793 1143 835; x_wconf 89' lang='lat' dir='ltr'>immittere,</span> <span class='ocrx_word' id='word_1_93' title='bbox 1164 791 1235 828; x_wconf 91' lang='lat' dir='ltr'>sed</span> <span class='ocrx_word' id='word_1_94' title='bbox 1255 790 1323 828; x_wconf 92' lang='lat' dir='ltr'>his</span> <span class='ocrx_word' id='word_1_95' title='bbox 1345 802 1444 837; x_wconf 85' lang='lat' dir='ltr'>quae</span> <span class='ocrx_word' id='word_1_96' title='bbox 1462 791 1516 828; x_wconf 89' lang='lat' dir='ltr'>ad</span> <span class='ocrx_word' id='word_1_97' title='bbox 1533 791 1736 828; x_wconf 80' lang='lat' dir='ltr'>Astrono-</span> 
     </span>
     <span class='ocr_line' id='line_1_12' title="bbox 356 843 1683 888; baseline -0.002 -4"><span class='ocrx_word' id='word_1_98' title='bbox 356 848 517 884; x_wconf 89' lang='lat' dir='ltr'>micam</span> <span class='ocrx_word' id='word_1_99' title='bbox 533 845 666 884; x_wconf 91' lang='lat' dir='ltr'>huius</span> <span class='ocrx_word' id='word_1_100' title='bbox 679 846 876 884; x_wconf 85' lang='lat' dir='ltr'>Cometae</span> <span class='ocrx_word' id='word_1_101' title='bbox 890 844 1281 882; x_wconf 84' lang='lat' dir='ltr'>confiderationem</span> <span class='ocrx_word' id='word_1_102' title='bbox 1293 844 1470 888; x_wconf 85' lang='lat' dir='ltr'>faciunt,</span> <span class='ocrx_word' id='word_1_103' title='bbox 1488 844 1525 881; x_wconf 82' lang='lat'>&amp;</span> <span class='ocrx_word' id='word_1_104' title='bbox 1542 843 1683 881; x_wconf 73' lang='lat' dir='ltr'>hacle-</span> 
     </span>
     <span class='ocr_line' id='line_1_13' title="bbox 409 897 1630 945; baseline -0.002 -8"><span class='ocrx_word' id='word_1_105' title='bbox 409 911 544 938; x_wconf 56' lang='lat' dir='ltr'>nus‘a</span> <span class='ocrx_word' id='word_1_106' title='bbox 567 899 694 937; x_wconf 89' lang='lat' dir='ltr'>nobis</span> <span class='ocrx_word' id='word_1_107' title='bbox 719 900 765 936; x_wconf 92' lang='lat' dir='ltr'>in</span> <span class='ocrx_word' id='word_1_108' title='bbox 789 898 985 936; x_wconf 90' lang='lat' dir='ltr'>medium</span> <span class='ocrx_word' id='word_1_109' title='bbox 1015 897 1185 945; x_wconf 89' lang='lat' dir='ltr'>prolata</span> <span class='ocrx_word' id='word_1_110' title='bbox 1209 897 1316 941; x_wconf 91' lang='lat' dir='ltr'>sunt,</span> <span class='ocrx_word' id='word_1_111' title='bbox 1347 897 1630 944; x_wconf 83' lang='lat' dir='ltr'>acquiescam.</span> 
     </span>
     <span class='ocr_line' id='line_1_14' title="bbox 529 950 1512 1000; baseline -0.002 -10"><span class='ocrx_word' id='word_1_112' title='bbox 529 953 661 990; x_wconf 91' lang='lat' dir='ltr'>Nunc</span> <span class='ocrx_word' id='word_1_113' title='bbox 677 954 817 1000; x_wconf 88' lang='lat' dir='ltr'>igitur,</span> <span class='ocrx_word' id='word_1_114' title='bbox 834 950 955 989; x_wconf 72' lang='lat' dir='ltr'>iac‘tis</span> <span class='ocrx_word' id='word_1_115' title='bbox 970 953 1016 988; x_wconf 93' lang='lat' dir='ltr'>in</span> <span class='ocrx_word' id='word_1_116' title='bbox 1031 957 1160 998; x_wconf 91' lang='lat' dir='ltr'>portu</span> <span class='ocrx_word' id='word_1_117' title='bbox 1176 950 1393 994; x_wconf 90' lang='lat' dir='ltr'>anchoris,</span> <span class='ocrx_word' id='word_1_118' title='bbox 1410 950 1512 988; x_wconf 88' lang='lat' dir='ltr'>uela</span> 
     </span>
     <span class='ocr_line' id='line_1_15' title="bbox 748 1004 1293 1051; baseline -0.004 -8"><span class='ocrx_word' id='word_1_119' title='bbox 748 1004 1007 1043; x_wconf 88' lang='lat' dir='ltr'>contrahere</span> <span class='ocrx_word' id='word_1_120' title='bbox 1023 1009 1293 1051; x_wconf 88' lang='lat' dir='ltr'>oportunum</span> 
     </span>
     <span class='ocr_line' id='line_1_16' title="bbox 130 1054 1119 1107; baseline -0.003 -9"><span class='ocrx_word' id='word_1_121' title='bbox 130 1072 160 1098; x_wconf 84' lang='lat'>15</span> <span class='ocrx_word' id='word_1_122' title='bbox 922 1057 1087 1095; x_wconf 90' lang='lat' dir='ltr'>censeo.</span> <span class='ocrx_word' id='word_1_123' title='bbox 1104 1054 1119 1107; x_wconf 86' lang='grc' dir='ltr'>ΙΙ</span> 
     </span>
    </p>
   </div>
   <div class='ocr_carea' id='block_1_3' title="bbox 1499 2546 1842 2587">
    <p class='ocr_par' dir='ltr' id='par_1_3' title="bbox 1499 2546 1842 2587">
     <span class='ocr_line' id='line_1_17' title="bbox 1499 2546 1842 2587; baseline -0.012 0"><span class='ocrx_word' id='word_1_124' title='bbox 1499 2546 1842 2587; x_wconf 90' lang='lat' dir='ltr'>CONCLVSIO.</span> 
     </span>
    </p>
   </div>
  </div>
 </body>
</html>
