2209 3213
344 219 418 255 334
835 211 917 247 DE
939 208 1163 246 MUNDI
1185 205 1485 243 AETHEREI

344 326 457 359 enim
480 320 594 366 quod
618 317 788 365 praecise
810 316 893 353 Die
915 313 1071 355 XXVI,
1096 325 1183 359 quo
1205 313 1359 349 ultimo
1380 323 1406 349 a
1427 312 1553 350 nobis
1576 311 1692 349 uisus
1716 311 1783 355 est,
1807 311 1978 359 prorsus

342 375 602 421 disparuerit,
620 372 750 408 fidem
767 371 1041 415 interponere
1058 366 1205 404 uelim.
1223 365 1334 402 Fieri
1345 367 1463 402 enim
1474 367 1625 412 potuit,
1638 370 1683 403 ut
1692 365 1892 412 pauculis
1905 365 1978 403 ad-

342 429 424 464 huc
438 427 586 464 diebus
598 423 950 471 perseuerauerit,
967 420 1063 457 licet
1079 419 1133 456 ob
1151 420 1334 456 nimiam
1349 420 1618 462 tenuitatem,
1636 418 1824 465 amplius
1841 418 1978 456 oculis

342 492 430 517 non
477 479 642 515 atuerit.

394 491 632 578 Q31NTO,
651 530 832 566 Lineam
849 525 1008 564 redtam
1025 537 1050 563 a
1068 525 1253 563 Cometa
1268 536 1345 571 per
1362 529 1606 562 extremum
1622 525 1774 562 caudae
1791 523 1977 568 ductam,

341 586 599 632 principium
614 589 672 623 V,
690 581 889 627 adeoque
905 577 1116 626 punc'tum
1128 576 1393 626 AEquinodtij
1408 580 1534 615 uerni
1545 582 1756 625 perpetuo
1768 578 1977 621 indicasse,

340 651 429 676 non
446 637 609 674 dubitat
626 636 873 673 asseuerare.
892 630 906 682 ΙΙ

393 691 490 728 Hoc
512 690 688 736 quidem
708 688 894 734 grossiori
915 686 1047 723 modo
1069 690 1295 731 acceptum
1318 684 1596 731 aliquatenus
1619 686 1678 722 ita
1701 684 1977 731 congruebat,

339 743 510 790 praecise
526 749 673 779 tamen
689 752 764 787 per
780 745 915 777 totam
933 741 1025 776 eius
1042 739 1318 776 durationem
1335 749 1426 775 non
1442 740 1562 781 item;
1579 739 1669 775 imo
1685 737 1723 775 &
1739 737 1823 775 hoe
1840 737 1978 785 ipsum

339 798 366 834 fi
390 796 627 842 aliquando
650 795 795 831 locum
818 792 982 835 habuit,
1006 803 1082 839 per
1104 792 1305 829 accidens
1327 793 1471 838 potius
1492 793 1678 838 contigit,
1703 802 1836 838 quam
1860 791 1978 838 quod

339 856 452 887 certa
475 851 641 886 ratione
665 850 723 884 ita
746 848 1008 893 proueniret.
1033 844 1388 882 Demonstratum
1412 846 1530 882 enim
1553 844 1607 882 est
1628 856 1654 882 a
1674 844 1800 882 nobis
1823 844 1977 891 Capite

339 904 542 949 Septimo,
561 902 791 939 Cometam
804 911 891 946 quo
904 899 958 936 ad
972 898 1266 936 extensionem
1277 897 1365 935 suae
1378 898 1543 941 caudae,
1560 902 1650 935 toto
1664 902 1872 944 tempore,
1889 909 1977 945 quo

339 957 549 1003 apparuit,
567 954 744 992 Stellam
756 953 938 990 Veneris
955 951 1188 998 respexisse;
1206 951 1323 989 unde
1339 951 1471 989 talem
1483 951 1539 989 ad
1552 956 1598 990 V
1611 952 1875 998 principium
1887 963 1977 988 cor-

338 1008 686 1056 respondentiam
702 1006 953 1044 nullatenus
969 1005 1131 1052 ubique
1148 1005 1343 1042 obtinere
1359 1006 1509 1052 potuit.
1527 1004 1603 1042 Sin
1614 1015 1722 1042 uero
1735 1005 1976 1042 concesseri-

338 1074 447 1103 mus,
473 1061 659 1099 caudam
685 1060 882 1098 Cometae
908 1070 960 1096 eo
985 1059 1118 1096 modo
1144 1070 1232 1105 quo
1257 1058 1353 1096 uult
1378 1058 1605 1102 Scultetus,
1631 1058 1686 1096 ad
1710 1056 1974 1106 AEquinoc'tij

338 1117 462 1153 uerni
482 1113 691 1161 punctum
712 1113 794 1150 sese
816 1112 1059 1155 exhibuisse‚
1084 1111 1308 1158 quomodo
1329 1111 1372 1149 id
1393 1111 1659 1149 Elementari
1679 1112 1773 1149 eius
1793 1116 1976 1152 naturae.

338 1168 513 1215 qualem
528 1167 716 1205 habuisse
733 1166 940 1208 concedit,
962 1165 1303 1203 consentaneum
1320 1163 1425 1202 erit?
1446 1164 1564 1211 Quid
1581 1166 1699 1202 enim
1715 1164 1777 1202 illi
1794 1175 1894 1202 cum
1910 1164 1977 1202 In-

336 1220 583 1259 terfectione
600 1232 751 1262 uerna,
768 1221 813 1256 in
830 1219 1023 1257 altissimo
1040 1218 1219 1256 AEthere
1236 1217 1516 1263 confiderata,
1538 1229 1773 1256 commune
1788 1217 1910 1262 foret,
1931 1222 1978 1255 ut

336 1277 479 1321 potius
495 1274 624 1317 hunc,
643 1284 775 1320 quam
787 1272 925 1310 alium
935 1272 1082 1309 locum
1094 1276 1305 1319 perpetuo
1317 1270 1568 1319 respiceret?
1585 1271 1843 1310 Consonum
1859 1273 1978 1309 enim

336 1330 478 1375 potius
500 1328 603 1370 esset,
625 1332 671 1364 ut
692 1326 878 1364 caudam
900 1327 1069 1363 ratione
1090 1325 1257 1363 ardoris
1279 1325 1317 1362 8(
1336 1325 1526 1363 leuitatis
1546 1324 1710 1362 sursum
1728 1326 1976 1372 porrigeret,

336 1393 415 1418 nec
425 1382 658 1427 quicquam
670 1381 836 1417 ratione
847 1377 999 1416 duc'tus
1010 1380 1114 1421 eius,
1128 1379 1288 1416 Arietis
1298 1380 1511 1426 principio
1520 1378 1774 1426 Analogum
1785 1377 1976 1422 haberet,

336 1434 363 1471 fi
385 1433 651 1471 Aristotelica
671 1434 884 1479 principia
905 1431 1096 1469 constare
1117 1432 1316 1475 debeant,
1340 1432 1499 1479 quibus
1518 1433 1708 1469 nimium
1727 1431 1976 1475 tribuentes,

335 1493 426 1524 tum
440 1486 664 1529 Scultetus,
676 1492 769 1523 tum
782 1487 913 1523 etiam
925 1485 1105 1532 quidam
1116 1485 1203 1533 alij,
1217 1484 1450 1523 Cometam
1461 1484 1580 1523 hunc
1591 1487 1638 1522 in
1648 1484 1850 1532 supremo
1861 1485 1977 1522 Aere

335 1540 460 1587 longe
481 1539 593 1577 infra
614 1540 787 1577 Lunam
808 1538 991 1586 flagrare
1012 1538 1084 1576 uel
1104 1540 1293 1576 inuitum
1314 1541 1560 1586 coegerunt,
1585 1538 1622 1576 8(
1646 1538 1764 1586 quod
1783 1539 1976 1576 maxime

335 1593 678 1640 aegreferendum
701 1592 767 1635 est,
791 1604 866 1639 per
890 1591 1228 1630 Mathematicas
1251 1592 1488 1639 Apodixes,
1513 1591 1551 1630 &
1573 1603 1862 1630 numerorum
1883 1591 1975 1629 sub-

334 1647 518 1689 tilitates,
542 1646 654 1683 falfis
676 1651 824 1683 tamen
847 1645 1118 1683 Dedomenis
1140 1647 1328 1690 innixas,
1353 1645 1571 1684 erroribus
1592 1646 1977 1693 Peripateticorum

335 1701 591 1746 patrocinati
607 1699 713 1736 sunt.

388 1752 589 1795 SEXTO,
614 1752 731 1799 quod
751 1751 840 1798 ipso
860 1757 1085 1789 momento
1105 1754 1325 1799 temporis,
1347 1764 1436 1799 quo
1456 1752 1510 1790 ab
1532 1752 1798 1799 Imperatore
1819 1751 1975 1789 Roma-

337 1817 495 1843 norum
515 1807 705 1852 primum
722 1804 971 1852 conspectus
986 1804 1126 1848 fuerit,
1148 1805 1334 1844 Cometa
1350 1806 1652 1843 Meridianum
1667 1805 1795 1852 supra
1811 1804 1976 1842 Insulas

337 1858 588 1901 fortunatas,
611 1860 685 1905 qui
701 1858 861 1896 Mundi
878 1860 1044 1905 primus
1065 1858 1131 1901 est,
1154 1861 1387 1906 occuparit,
1409 1859 1685 1906 caudamque
1701 1858 1757 1896 ad
1773 1857 1977 1896 ultimum

338 1912 472 1949 Indiae
489 1911 714 1958 Angulum
731 1912 980 1949 extenderit.

390 1964 656 2007 SEPTIMO,
677 1964 880 2011 Figuram
900 1964 1204 2002 rhomboidem
1228 1964 1404 2003 effecisse
1424 1965 1581 2003 Polum
1598 1964 1763 2003 Circuli
1779 1964 1977 2002 Cometae

338 2029 436 2054 curn
451 2017 555 2054 Polo
568 2017 744 2054 Zodiaci
757 2017 794 2054 8(
806 2017 1070 2064 AEquatoris,
1087 2018 1273 2065 locoque
1290 2018 1434 2057 Stellae
1451 2019 1599 2057 Nouae
1615 2023 1715 2056 ante
1732 2019 1977 2065 quinquen-

338 2072 460 2107 nium
476 2070 591 2113 uisae,
609 2071 825 2108 asseuerat.

391 2123 636 2165 OCTAVO,
659 2124 775 2169 quod
795 2128 1005 2170 perpetuo
1021 2124 1243 2162 occidente
1260 2124 1360 2163 Sole
1376 2127 1428 2173 ijs
1443 2127 1489 2163 in
1504 2125 1611 2163 locis
1626 2127 1672 2162 in
1688 2123 1845 2163 octaua
1861 2123 1978 2162 Coeli

338 2176 481 2219 domo,
499 2178 619 2213 iuxta
635 2176 961 2223 Astrologorum
979 2177 1331 2221 distributionem,
1349 2180 1545 2216 extiterit.

390 2229 458 2266 De
481 2228 548 2266 his
570 2229 704 2266 tribus
727 2241 818 2266 non
841 2230 1065 2276 quidpiam
1088 2230 1243 2274 dicam,
1269 2233 1374 2278 quia
1396 2231 1468 2269 uel
1493 2231 1616 2275 nihil,
1641 2230 1714 2268 uel
1736 2230 1977 2268 admodum

338 2293 505 2328 parum,
518 2282 572 2319 ad
585 2294 676 2319 rem
689 2282 823 2328 ipsam
834 2282 1010 2327 faciunt,
1023 2295 1165 2330 neque
1179 2284 1295 2331 quod
1308 2284 1698 2323 considerationem
1709 2283 1977 2331 peculiarem

337 2340 566 2424 melbeatur,
596 2340 858 2382 proponunt.
889 2335 1038 2381 Quare
1068 2338 1119 2383 ijs
1145 2338 1442 2384 expendendis
1467 2337 1572 2375 nolo
1598 2336 1733 2375 otiosa
1761 2336 1976 2374 insumere

337 2398 415 2424 uer
446 2399 483 2424 a.

390 2439 565 2478 NONO
587 2440 714 2483 Loco,
736 2440 862 2478 refert
882 2442 1056 2487 potuisse
1079 2444 1210 2480 etiam
1230 2455 1360 2482 mane
1381 2449 1482 2482 ante
1501 2448 1645 2481 ortum
1661 2442 1774 2481 Solis
1790 2441 1976 2489 conspici

338 2492 581 2533 Cometam,
599 2493 778 2530 dimidio
794 2493 881 2531 fere
898 2499 1092 2541 tempore
1109 2494 1197 2532 suae
1213 2498 1511 2543 apparitionis.

2003 689 2068 720 420

2019 801 2049 826 10

2019 1067 2048 1091 15

2015 1333 2049 1358 20

2014 1599 2047 1624 25

2015 1865 2049 1890 30

2015 2131 2048 2156 35

2013 2397 2047 2422 40
