2209 3213
385 210 439 245 114
876 203 958 241 DE
980 202 1203 241 MUNDI
1225 201 1525 239 AETHEREI

384 316 504 351 Patre
523 312 649 358 ipslus
667 311 899 351 excultum,
918 310 1113 349 obtinuit,
1132 309 1202 346 vbi
1219 308 1419 345 Eleuatio
1436 307 1528 344 Poli
1545 307 1678 345 existit
1694 307 1887 345 Partium
1902 308 1964 351 50,
1982 307 2020 344 8(

383 368 559 404 totidem
585 363 897 410 scrupulorum,
923 365 1044 399 iuxta
1069 361 1197 408 ipsius
1220 361 1415 398 Parentis
1438 362 1770 398 annotationem
1792 362 1838 398 in
1860 360 2018 404 libello,

384 430 513 465 quem
540 416 751 462 inscripsit,
778 416 847 453 De
871 413 1126 462 Astrolabio
1151 413 1399 452 Catholico.
1426 412 1583 451 Differt
1606 415 1753 460 itaque
1776 425 1803 451 a
1825 414 1950 451 nobis
1976 415 2020 451 in

384 471 627 509 Latitudine
649 469 808 510 Terrae,
832 468 1035 515 gradibus
1056 469 1254 514 proxime
1276 469 1433 514 quinis,
1458 478 1557 513 quae
1578 466 1756 504 totidem
1779 478 1890 514 pene
1910 466 2020 504 scru-

383 524 485 571 pula
507 526 551 560 in
572 522 817 559 differentia
833 521 1130 558 distantiarum
1146 520 1233 557 illic
1249 520 1287 557 8(
1304 519 1375 557 hic
1392 519 1733 558 Obseruatarum
1754 519 1958 564 efficiunt,
1979 526 2022 557 vt
2060 534 2074 557 5

383 574 808 624 proportionabiliter
825 586 877 611 ex
894 573 1249 611 antecedentibus
1265 575 1377 611 circa
1389 573 1573 620 Pragam
1585 573 1812 610 Bohemiae
1829 572 1867 610 8(
1878 568 1893 622 ΙΙ
1904 572 2021 610 hunc
2050 580 2110 612 132

383 631 527 667 locum
551 628 692 674 colligi
715 627 858 674 potest.
884 627 998 664 Dicit
1021 632 1169 664 autem
1192 626 1307 664 idern
1332 625 1662 664 CORNELIVS
1685 625 1930 669 GEMMA,
1954 626 2022 663 die

383 683 483 720 XVI
496 681 762 719 Nouembris
776 680 1007 718 Cometam
1020 679 1196 717 distitisse
1209 691 1235 717 a
1247 679 1364 717 clara
1376 679 1564 726 Aquilae,
1581 679 1775 726 partibus
1791 681 1956 717 circiter
1969 679 2022 721 18,
2062 688 2080 718 ÷

383 736 453 773 vbi
474 735 643 771 videtur
662 733 878 770 summam
901 733 1079 780 quidem
1102 732 1470 779 scrupulofitatem
1493 744 1583 769 non
1607 732 1894 776 considerasse,
1919 738 2022 770 atta-

382 800 485 826 men
501 788 542 824 id
559 787 656 824 satis
673 787 773 824 inde
790 786 1015 833 colligitur.
1033 797 1133 823 cum
1145 788 1361 823 maiorem
1372 791 1506 833 ponat
1518 785 1773 829 distantiam,
1791 796 1926 832 quam
1942 796 2023 822 nos
2065 798 2094 823 ιο

383 842 453 878 1116
470 842 735 881 inuenimus,
753 851 853 886 quae
870 844 1017 876 tamen
1033 841 1188 876 merito
1205 840 1350 876 minor
1366 839 1442 876 esse
1460 838 1644 882 deberet,
1662 838 1690 875 fi
1702 840 1747 876 in
1760 838 2024 876 Elementari

383 894 451 932 vel
463 894 663 941 suprema
674 894 802 930 Aeris
814 892 1005 939 Regione
1018 892 1207 929 extitisset
1219 891 1288 929 hic
1302 892 1499 934 Cometa,
1517 891 1632 929 fuisse
1645 903 1746 929 eum
1758 891 1885 939 longe
1898 891 2025 938 supra

385 948 557 985 Lunam
572 948 617 983 in
634 945 723 993 ipso
740 945 931 983 AEthere.

437 1000 520 1037 Die
538 999 641 1037 XXI
663 1000 892 1036 annotauit
912 998 1029 1035 idem
1047 998 1278 1036 GEMMA
1298 998 1541 1036 distantiam
1559 998 1756 1036 Cometae
1778 998 1832 1036 ab
1848 998 2024 1044 Aquilae
2063 1003 2082 1032 ³.-

386 1053 560 1095 Lucida,
583 1053 624 1089 P.
642 1052 694 1090 10.
714 1052 775 1089 M.
793 1052 855 1095 34,
878 1063 1013 1098 quam
1034 1063 1114 1089 nos
1135 1051 1206 1089 sex
1226 1051 1375 1089 saltem
1396 1051 1606 1098 scrupulis
1626 1053 1841 1089 maiorem
1856 1052 2024 1088 inueni·
2067 1065 2096 1089 15

384 1118 495 1148 mus,
508 1117 598 1143 non
610 1111 698 1143 tam
711 1107 879 1142 ratione
891 1104 1183 1147 Parallaxeos‚
1199 1116 1333 1151 quam
1345 1105 1463 1151 quod
1475 1107 1520 1142 in
1533 1104 1849 1143 Obseruatione
1860 1103 2026 1151 aliquid

385 1159 661 1202 defideretur;
686 1158 723 1195 8(
747 1158 1147 1205 quomodocunque
1171 1157 1228 1199 fit,
1252 1158 1452 1195 nondum
1476 1158 1646 1196 caderet
1669 1157 1781 1195 infra
1805 1157 2026 1194 Lunarem

387 1212 615 1260 Sphaeram
631 1211 759 1258 ipsius
775 1211 946 1259 positus.

441 1266 523 1302 Die
550 1264 747 1307 XXVIII,
776 1276 875 1302 cum
902 1264 1134 1302 GEMMA
1160 1265 1383 1302 inuenisset
1408 1264 1651 1302 distantiam
1676 1264 1730 1301 ab
1757 1264 1844 1302 Ore
1870 1262 2025 1311 Pegafi‚

387 1319 428 1356 P.
447 1319 499 1355 l2.
518 1319 580 1355 M.
598 1318 660 1360 40,
678 1318 772 1355 Nos
789 1318 976 1355 eandem
991 1317 1062 1354 hic
1079 1316 1461 1364 deprehendimus,
1478 1317 1520 1354 Ρ.
1539 1317 1591 1354 12.
1610 1317 1672 1354 M.
1690 1317 1752 1361 45,
1772 1316 1916 1354 adhuc
1933 1318 2025 1363 qui·
2064 1330 2097 1355 20

388 1374 454 1409 nis
477 1371 625 1409 saltem
648 1371 856 1417 scrupulis
879 1372 1105 1413 maiorem,
1132 1382 1232 1408 cum
1254 1376 1402 1408 tamen
1426 1370 1713 1408 Elementaris
1736 1370 1805 1407 vel
1827 1369 2027 1417 suprema

388 1425 518 1472 Regio
535 1425 674 1465 Aeris,
691 1424 835 1461 adhuc
852 1426 1065 1461 maiorem
1082 1424 1325 1461 admitteret
1341 1423 1683 1471 discrepantiam.

440 1478 536 1515 Pari
554 1479 733 1519 ratione,
752 1477 819 1514 die
836 1477 964 1514 XXX
981 1477 1260 1519 Nouembris,
1278 1488 1379 1514 cum
1395 1479 1430 1514 is
1447 1476 1689 1515 distantiam
1705 1488 1731 1514 a
1748 1475 1869 1514 Ridtu
1882 1475 2027 1523 Pegafi

389 1530 651 1569 Obseruasset
668 1530 709 1567 P.
728 1530 780 1567 10.
800 1530 861 1567 Μ.
879 1530 941 1573 20,
960 1530 1054 1567 Nos
1071 1530 1257 1568 eandem
1274 1530 1316 1567 P.
1330 1530 1382 1568 10.
1401 1530 1464 1567 Μ.
1477 1531 1539 1573 25,
1557 1532 1702 1577 quinis
1719 1529 1863 1567 adhuc
1878 1528 2028 1567 saltem

386 1583 594 1630 scrupulis
609 1585 823 1621 maiorem
840 1585 1105 1625 inuenimus,
1123 1595 1223 1630 quae
1239 1582 1484 1621 differentia
1500 1585 1631 1621 etiam
1648 1585 1896 1630 contingere
1910 1587 2026 1629 pote·
2065 1596 2098 1620 25

387 1642 451 1674 rat
476 1639 643 1674 ratione
669 1636 923 1674 diuerfitatis
954 1636 1177 1679 horarum,
1208 1638 1253 1673 in
1281 1637 1439 1683 quibus
1465 1636 1803 1674 Obseruationes
1832 1635 2026 1679 fecimus,

387 1702 490 1727 nam
503 1689 540 1726 8(
553 1701 631 1737 ego
648 1689 758 1727 hora
771 1689 950 1736 septima
962 1691 1114 1727 inueni
1126 1690 1180 1727 ab
1194 1689 1281 1727 Ore
1293 1689 1438 1737 Pegafi
1449 1690 1504 1727 ad
1517 1689 1761 1733 Cometam,
1779 1689 1821 1726 P.
1834 1689 1887 1726 10.
1901 1688 1964 1726 M.
1977 1687 2028 1725 20

388 1743 591 1789 exquisite
608 1748 650 1780 vt
668 1742 871 1785 Gemma,
894 1742 931 1780 8(
952 1743 1196 1789 quadrante
1217 1742 1306 1790 post
1322 1754 1500 1786 nonam,
1522 1743 1564 1780 Ρ.
1582 1743 1635 1780 10.
1653 1742 1716 1779 Μ.
1734 1743 1774 1779 14
1791 1742 1901 1779 senis
1917 1741 2027 1779 scru-

387 1796 500 1843 pulis
529 1796 657 1842 ipsius
687 1798 917 1839 minorem,
948 1807 1047 1833 cum
1077 1797 1221 1842 potius
1250 1798 1464 1833 maiorem
1489 1795 1580 1833 fore
1607 1797 1873 1838 conueniret,
1898 1794 1928 1831 fi
1953 1793 2027 1832 sub

388 1848 570 1895 Sphaera
592 1849 754 1886 Lunari
776 1849 964 1886 extitisset
985 1848 1055 1886 hic
1073 1849 1270 1886 Cometa.
1293 1848 1424 1895 Quod
1445 1860 1550 1886 vero
1571 1860 1651 1886 nos
1673 1848 1828 1886 eodem
1849 1848 1917 1885 die
1938 1858 2027 1885 ma·
2067 1860 2099 1885 30

387 1904 524 1939 iorem
541 1901 754 1939 habemus
771 1901 1014 1939 distantiam
1030 1913 1056 1939 a
1072 1913 1209 1939 manu
1221 1903 1417 1946 Antinoi,
1434 1914 1569 1949 quam
1583 1902 1774 1940 Gemma
1788 1900 2027 1948 deprehen-

388 1955 526 1996 debat,
543 1954 751 2001 scrupulis
768 1955 821 1997 13,
838 1966 929 1992 non
941 1957 1231 1992 contrariatur
1242 1956 1293 2002 ijs
1306 1967 1406 2002 quae
1417 1955 1696 1992 intendimus.
1714 1955 1833 1992 Nam
1844 1953 1873 1991 fi
1885 1953 2028 1991 Paral-

389 2008 499 2044 laxis
520 2007 757 2044 sensibilem
777 2007 973 2054 aliquam
994 2008 1216 2045 induxisset
1237 2007 1540 2051 differentiam,
1561 2010 1706 2046 minor
1725 2007 1857 2045 fuisset
1877 2006 1948 2044 hic
1970 2006 2029 2044 di-

391 2060 541 2098 stantia
567 2060 807 2098 Obseruata
832 2072 965 2107 quam
991 2061 1089 2103 illic,
1117 2072 1169 2098 eo
1195 2061 1312 2107 quod
1338 2061 1470 2099 Stella
1495 2061 1569 2099 illa
1594 2062 1777 2098 Antinoi
1802 2065 1893 2098 erat
1917 2059 2030 2097 infra

393 2113 624 2151 Cometam
647 2113 792 2150 versus
814 2113 1116 2157 Horizontem,
1141 2113 1178 2151 8(
1201 2125 1292 2151 non
1314 2116 1467 2158 maior,
1491 2119 1618 2161 prout
1641 2125 1722 2151 nos
1745 2112 2029 2160 deprehendi·
2068 2125 2100 2150 3⁵

392 2178 506 2209 mus;
530 2166 643 2203 vnde
667 2177 858 2203 errorem
882 2166 1075 2213 aliquem
1098 2169 1142 2204 in
1165 2167 1248 2204 hac
1269 2167 1584 2205 Obseruatione
1606 2167 1809 2205 Gemmae
1832 2165 2030 2213 irrepfisse

392 2224 586 2261 autumo,
605 2221 679 2265 qui
695 2224 843 2256 tamen
859 2219 1012 2257 nostrae
1029 2222 1260 2257 intentioni
1276 2232 1366 2258 non
1383 2220 1530 2258 saltem
1542 2232 1632 2258 non
1645 2221 1944 2262 contrariatur,
1962 2218 2030 2256 sed

392 2272 526 2319 ipsam
542 2274 679 2319 magis
696 2271 955 2310 confirmare
971 2273 1181 2310 videatur.
1199 2269 1213 2322 ΙΙ

445 2324 617 2362 Dehinc
627 2324 881 2362 Decembris
892 2325 1111 2369 Calendis,
1125 2337 1224 2363 cum
1233 2328 1268 2363 is
1278 2325 1520 2364 distantiam
1530 2326 1583 2364 ab
1595 2326 1682 2364 Ore
1692 2325 1836 2373 Pegasi
1848 2326 2030 2373 assignet,
2059 2331 2119 2363 133

392 2378 433 2415 Ρ.
451 2378 486 2415 9.
505 2377 567 2415 M.
586 2378 638 2421 14,
660 2389 741 2415 nos
762 2378 916 2415 eodem
933 2377 1105 2425 vespere
1126 2378 1260 2425 paulo
1279 2385 1379 2417 ante
1396 2379 1558 2417 sextam
1574 2381 1828 2416 inuenimus
1844 2377 2031 2416 eandem
2067 2389 2101 2415 40

393 2430 434 2468 P.
451 2431 487 2468 9.
506 2430 568 2468 M.
585 2430 648 2474 20,
669 2430 798 2477 ipfius
814 2433 1098 2469 annotatione
1115 2431 1226 2468 senis
1241 2431 1451 2479 scrupulis
1466 2434 1693 2475 maiorem,
1715 2432 1843 2470 Hora
1858 2432 1916 2475 7¹3,
1933 2431 1976 2469 Ρ.
1993 2431 2028 2469 9.

393 2483 455 2521 M.
473 2484 526 2526 17,
543 2483 677 2522 tribus
693 2483 842 2521 saltem
858 2486 1083 2527 maiorem,
1106 2484 1233 2522 Hora
1248 2496 1353 2522 vero
1369 2485 1428 2528 9-1,
1446 2485 1487 2522 P.
1505 2485 1540 2522 9.
1558 2484 1620 2522 M.
1639 2484 1692 2527 10,
1709 2484 1838 2532 ipsius
1855 2485 2028 2531 assigna-

1911 2539 2029 2575 tione
