2209 3213
518 224 1040 263 RECENTIORIBUS
1061 224 1520 263 PHAENOMENIS
1793 223 1843 261 33

125 357 162 387 31
253 342 551 386 ADDITIO
575 341 934 386 AUTHORIS
961 343 1000 386 E
1027 341 1629 396 SUBSEQUENTIUM
1656 341 1793 384 ALI-

305 409 473 457 QUOT
489 410 816 454 ANNORUM,
838 410 943 448 PER
964 410 1141 449 NOUA
1162 409 1634 456 EXACTIORAQUE
1655 409 1736 446 IN-

373 471 748 515 STRUMENTA,
770 471 1086 509 REITERATA
1107 471 1669 510 ANIMADUERSIONE.

245 543 288 580 N
304 542 422 580 hunc
439 542 617 589 quidem
632 542 827 586 modum,
850 554 943 587 nos,
964 548 1066 580 ωηο
1086 545 1307 590 temporis,
1328 542 1425 580 loca
1441 542 1677 580 affixarum
1693 542 1842 580 Stella-

145 610 160 634 5
258 607 368 639 rum,
386 607 575 642 quarum
590 597 636 632 in
652 595 784 633 huius
797 595 996 633 Cometae
1008 596 1318 634 Phaenomenis
1334 596 1650 643 perscrutandis
1665 595 1765 633 usus
1779 608 1842 633 re-

198 648 462 695 quirebatur,
474 648 514 686 se
526 648 688 686 habere
701 648 1082 695 deprehendimus.
1095 649 1273 693 Verum,
1286 661 1386 686 curn
1398 648 1702 696 posterioribus
1714 651 1842 686 annis

198 702 306 749 (dies
318 703 436 739 enim
448 701 564 739 diem
575 701 716 748 docet)
729 702 875 739 denuo
887 713 964 749 per
976 702 1122 746 Noua,
1134 704 1317 746 maiora,
1331 701 1637 749 exactioraque
1650 702 1841 749 Organa,

197 755 439 793 earundem
455 754 688 793 Stellarum
708 754 805 792 loca
826 757 1020 799 rimarer,
1042 756 1173 802 idque
1193 755 1429 802 praesertim
1450 767 1472 792 e
1494 755 1700 803 distantijs
1716 756 1754 793 8(
1771 756 1841 793 de-

197 808 517 852 clinationibus,
538 810 583 845 in
600 807 907 846 Ascenfionem
923 807 1097 853 rediam,
1115 808 1152 845 8(
1168 808 1282 853 hinc,
1304 810 1349 845 in
1365 808 1683 855 longitudinem
1698 808 1839 846 latitu-

130 874 159 899 ιο
196 861 432 908 dinemque
448 860 652 905 dedudtis,
669 861 903 908 paululum
919 862 1036 908 quid,
1053 863 1099 899 in
1116 873 1269 899 earum
1285 861 1375 905 fitu,
1392 861 1528 905 aliter,
1546 873 1680 908 quam
1697 867 1839 907 antea,

195 914 474 952 limitandum
496 914 802 952 animaduerti.
830 914 876 952 Id
899 915 1017 961 quod
1040 914 1166 952 facile
1190 916 1367 952 euenire
1391 919 1574 961 poterat;
1602 915 1840 961 Siquidem,

196 969 309 1006 circa
324 967 366 1005 id
382 972 565 1014 tempus,
587 979 675 1014 quo
693 967 879 1005 Cometa
895 967 965 1004 hic
982 967 1168 1015 conspici
1185 970 1322 1014 caepit,
1345 979 1465 1005 eram
1481 966 1840 1006 Architec'tonicis

195 1022 309 1059 curis
325 1022 522 1068 inprimis
539 1025 788 1067 occupatus.
806 1021 993 1058 Nouiter
1010 1023 1128 1058 enim
1144 1023 1190 1058 in
1206 1020 1320 1058 hanc
1334 1020 1536 1065 Insulam,
1554 1032 1576 1058 e
1593 1021 1751 1059 Scania
1763 1022 1839 1059 Pa-

194 1076 276 1112 tria
298 1085 398 1112 mea
420 1073 605 1120 sedeque
628 1073 973 1121 Knusdorpiana
995 1076 1302 1121 migraueram‚
1328 1073 1527 1121 aedesque
1551 1074 1644 1118 has,
1670 1077 1841 1112 nomini

129 1139 158 1164 15
195 1127 385 1170 Vraniae,
400 1129 446 1164 in
456 1126 674 1164 honorem
686 1127 989 1171 Astronomiae‚
1007 1127 1238 1174 insignitas,
1256 1138 1309 1164 ex
1320 1126 1417 1174 ipfis
1428 1127 1725 1164 fundamentis
1737 1133 1840 1166 tunc

194 1181 386 1228 primurn
401 1179 626 1223 moliebar.
643 1180 854 1227 nullaque
866 1180 978 1218 adeo
991 1180 1211 1227 exquifita‚
1228 1180 1436 1227 iustaeque
1447 1180 1760 1227 magnitudinis
1773 1181 1839 1218 In-

194 1233 428 1271 strumenta
447 1235 493 1271 in
513 1238 689 1281 promtu
708 1233 939 1276 habebam,
962 1234 1111 1280 qualia
1132 1239 1386 1280 quantaque
1406 1235 1520 1271 intra
1540 1232 1624 1271 hoc
1646 1234 1839 1281 elapsum

194 1287 470 1331 decennium,
491 1286 636 1334 postea
656 1286 841 1324 construi
862 1289 1027 1325 curaui.
1050 1287 1143 1324 Nec
1164 1288 1295 1331 enim,
1317 1287 1371 1324 ob
1391 1286 1694 1324 aedificationis
1713 1299 1840 1325 curas

195 1339 232 1377 8(
243 1340 471 1385 molestias,
483 1339 551 1378 his
563 1351 744 1387 operam
756 1340 1009 1388 impendere
1021 1342 1160 1378 otium
1172 1340 1503 1378 concedebatur.
1520 1340 1838 1388 Redieramque

124 1405 157 1430 20
193 1393 327 1440 paulo
339 1398 440 1431 ante
452 1405 475 1431 e
488 1393 745 1436 Germania,
762 1393 873 1431 adeo
890 1398 936 1431 ut
952 1393 1007 1431 ob
1024 1396 1255 1431 continuas
1271 1395 1654 1441 peregrinationes,
1672 1394 1839 1441 aliquot

193 1447 538 1494 praecedentibus
554 1449 695 1491 annis,
717 1446 830 1484 hisce
848 1447 989 1491 rebus,
1012 1458 1065 1484 ex
1081 1449 1218 1485 animi
1234 1452 1352 1490 uoto,
1374 1458 1533 1484 uacare
1550 1458 1642 1484 non
1657 1447 1837 1485 licuerit.

194 1499 412 1546 Quamuis
424 1502 554 1544 enim,
568 1499 605 1537 8(
616 1511 793 1548 peregre
804 1502 850 1537 in
863 1500 1108 1538 Germania
1119 1500 1283 1544 absens,
1296 1500 1455 1538 alicubi
1468 1500 1704 1538 Machinas
1716 1500 1838 1547 quas-

194 1553 296 1591 dam
312 1553 533 1592 Sideribus
553 1553 835 1591 obseruandis
855 1553 1050 1597 idoneas,
1072 1554 1338 1597 adornarim‚
1361 1565 1435 1591 eas
1453 1559 1601 1591 tamen
1618 1553 1838 1592 discedens

193 1606 279 1644 illic
301 1607 471 1654 reliqui,
495 1618 596 1644 cum
618 1606 693 1645 sua
715 1607 1017 1654 magnitudine
1041 1606 1078 1644 8(
1101 1607 1219 1644 mole
1240 1607 1328 1645 alio
1348 1606 1571 1644 transferri
1594 1609 1836 1654 nequirent.

122 1671 156 1696 25
193 1659 428 1698 Habebam
444 1662 591 1707 itaque
606 1665 722 1705 tunc,
739 1671 839 1698 cum
852 1660 1038 1698 Cometa
1054 1660 1123 1697 hic
1139 1659 1307 1704 affulfit,
1324 1665 1481 1707 praeter
1497 1660 1685 1697 Radium
1695 1660 1837 1698 Astro-

135 1715 155 1746 ἢ·
192 1715 430 1758 nomicum,
441 1712 479 1750 8(
489 1713 752 1757 Sextantem‚
766 1713 999 1751 Stellarum
1010 1713 1408 1760 intercapedinibus
1419 1713 1735 1757 mensurandis,
1748 1714 1837 1761 ipso

192 1766 342 1810 Radio,
359 1771 405 1804 ut
416 1766 471 1804 ab
482 1768 606 1804 initio
619 1766 719 1811 dixi,
735 1768 1078 1814 oportuniorem,
1095 1766 1244 1804 saltem
1256 1769 1437 1804 unicum
1450 1766 1766 1812 Quadrantem,
1784 1779 1837 1805 ex

193 1819 426 1858 Orichalco
447 1820 626 1866 quidem
646 1819 781 1857 solido
803 1819 968 1858 affabre
989 1820 1276 1863 elaboratum,
1297 1819 1335 1857 8(
1356 1819 1562 1857 subtiliter
1582 1831 1658 1867 per
1676 1819 1837 1867 puncta

190 1872 504 1917 transuersalia,
517 1884 639 1910 more
651 1873 777 1911 nobis
790 1873 954 1917 ufitato,
966 1872 1244 1917 subdiuisum,
1259 1873 1329 1910 sed
1342 1875 1416 1920 qui
1428 1885 1519 1910 non
1530 1873 1661 1920 plane
1673 1874 1835 1911 bicubi-

121 1937 154 1962 30
190 1926 288 1964 talis
305 1926 509 1969 existeret,
531 1926 569 1964 8(
590 1926 826 1964 Horizonti
843 1926 1083 1964 Azimutali
1101 1926 1342 1974 Chalybeo‚
1364 1938 1455 1964 non
1474 1926 1572 1973 plus
1594 1938 1729 1973 quam
1744 1926 1835 1964 Tri-

191 1979 367 2017 cubitali
382 1981 429 2017 in
444 1979 686 2023 Diametro‚
706 1979 907 2024 insistens,
925 1979 1277 2023 conuolueretur,
1299 1980 1486 2027 ideoque
1503 1979 1677 2027 singulis
1692 1982 1835 2018 minu-

190 2034 242 2070 tis
258 2035 547 2079 quantitatem
562 2044 654 2070 non
669 2032 766 2071 satis
782 2032 1067 2071 sufficientem
1083 2033 1308 2071 obtineret.

134 2087 153 2118 Τ
245 2085 361 2124 Cum
383 2088 542 2133 itaque,
566 2085 920 2133 subsequentibus
943 2086 1110 2133 aliquot
1130 2087 1286 2130 Annis,
1310 2086 1437 2134 longe
1461 2087 1632 2124 maiora
1654 2086 1834 2133 praecifi-

190 2150 369 2186 oraque,
392 2143 438 2177 ut
459 2140 560 2184 dixi,
584 2139 871 2177 Instrumenta
890 2139 1194 2177 Astronomica
1214 2139 1370 2177 confici
1391 2140 1608 2181 curassem,
1632 2140 1694 2176 illi
1716 2139 1834 2185 Qua-

120 2203 153 2229 35
190 2192 344 2236 dranti‚
370 2204 458 2239 quo
474 2197 577 2230 tunc
593 2193 758 2237 utebar,
780 2193 854 2230 ubi
870 2204 938 2230 res
954 2192 1195 2230 admodum
1211 2192 1455 2239 scrupulose
1472 2192 1696 2231 tracianda
1712 2192 1833 2236 foret,

189 2256 281 2283 non
296 2245 393 2283 satis
409 2250 501 2283 tuto
517 2245 720 2289 fidebam,
737 2246 925 2293 ideoque
936 2248 972 2283 is
984 2246 1256 2290 iamdudum,
1273 2248 1319 2283 in
1334 2246 1418 2283 illis
1431 2245 1833 2291 Obseruationibus‚

189 2310 289 2345 quae
312 2298 528 2336 summam
550 2298 849 2346 praecisionem
872 2301 1111 2346 requirunt,
1137 2311 1163 2337 a
1188 2298 1314 2336 nobis
1338 2301 1591 2346 antiquatus
1614 2304 1687 2336 est.
1714 2299 1834 2337 Patet

188 2353 327 2399 igitur,
344 2364 479 2399 quam
495 2363 586 2389 non
597 2351 827 2390 difficulter
839 2354 1016 2390 euenire
1029 2354 1228 2399 potuerit,
1245 2358 1291 2389 ut
1302 2352 1395 2389 Poli
1406 2352 1539 2389 huius
1550 2352 1634 2389 loci
1646 2352 1833 2389 sublimi-

188 2409 332 2449 tatem,
349 2405 581 2452 perpufillo
597 2405 840 2443 discrimine
853 2405 959 2443 iusto
971 2407 1201 2449 minorem,
1218 2405 1432 2443 beneficio
1445 2407 1538 2442 eius
1551 2405 1832 2451 Quadrantis,

119 2469 152 2494 40
187 2462 290 2495 tunc
305 2460 513 2505 temporis
530 2458 848 2503 adinuenerim‚
866 2458 903 2496 8(
921 2458 1236 2505 Obliquitatem
1252 2458 1451 2506 Signiferi
1472 2460 1714 2496 maximam
1735 2458 1832 2505 plus

188 2513 411 2558 quaternis
430 2511 652 2559 scrupulis,
674 2507 806 2550 etiam
827 2512 971 2550 debito
992 2514 1212 2549 minorem
1232 2511 1536 2555 constituerim,
1560 2511 1657 2549 licet
1678 2511 1720 2548 id
1741 2523 1832 2549 non

293 2573 310 2597 5
1742 2570 1832 2601 tam
