2209 3213
334 202 408 241 354
825 196 908 234 DE
929 193 1154 233 MUNDI
1175 192 1475 232 AETHEREI

335 308 469 355 ipsum
492 306 767 342 sublunarem
789 302 902 339 fuisse
924 299 1208 348 persuadere?
1230 300 1336 342 Imo,
1357 299 1441 337 hoc
1458 299 1512 337 est
1528 301 1673 346 potius
1689 299 1971 338 absurditates
1995 308 2060 339 446

334 358 662 398 absurditatibus
692 354 982 397 accumulare,
1013 354 1352 400 ineptissimeque
1382 363 1475 390 rem
1504 352 1735 390 inuoluere
1760 352 1891 400 vsque
1916 353 1972 391 ad

334 412 550 450 nauseam.

386 466 508 505 Haec,
527 463 563 500 &
580 463 706 509 plura
723 461 821 503 alia,
839 472 938 507 quae
955 459 1083 497 taedet
1095 458 1259 506 lingula
1271 458 1442 503 referre,
1460 458 1588 505 supra
1599 469 1778 496 omnem
1789 458 1972 497 modum

334 519 603 558 dissentanea,
627 514 868 552 Winckleri
892 515 1005 550 circa
1028 511 1277 550 Parallaxin
1302 511 1435 549 huius
1458 511 1656 549 Cometae
1679 513 1971 550 ratiocinatio·
2010 526 2026 551 5

334 583 445 611 nem,
468 570 555 607 sola
576 566 820 609 reiectione,
842 567 896 604 ob
917 566 1029 603 adeo
1050 564 1343 612 portentosam
1363 564 1738 609 discoherentiam‚
1761 570 1837 603 aut
1857 576 1972 603 com-

333 624 618 663 miseratione,
636 621 689 658 ob
706 622 836 657 nimis
853 620 1027 657 crassam
1043 620 1348 666 ignorantiam,
1365 619 1510 665 potius
1526 629 1661 664 quarn
1672 617 1804 665 longa
1814 618 1971 656 refuta-

333 679 461 717 tione,
479 676 654 722 dignam
670 673 845 711 faciunt.
864 672 957 709 Nec
969 673 1118 709 mirari
1131 671 1228 708 satis
1240 671 1415 718 possum,
1428 670 1543 708 vnde
1555 672 1600 708 in
1611 676 1701 708 tam
1712 673 1971 718 imperitam,

334 730 371 766 &
391 728 630 766 deformem
652 727 973 764 aberrationem
994 723 1220 772 prolapsus
1240 723 1297 767 fit,
1319 724 1525 771 quodque
1546 729 1636 762 tam
1652 722 1857 763 audaoer
1877 724 1973 762 haec

334 782 433 829 ipsa,
450 788 660 827 tanquam
677 780 856 817 Veritati
873 777 1175 820 consentanea,
1192 788 1438 824 proponere
1454 788 1546 814 non
1562 776 1848 815 abhorruerit.
2014 791 2044 816 10

387 834 517 880 Quod
534 833 562 870 fi
580 833 724 879 Caput
740 832 925 869 Nonum
942 831 1180 868 Dialexeos
1197 830 1250 867 D.
1263 829 1477 868 Thaddaei
1490 830 1671 878 Hagecij
1690 830 1896 877 sequutus
1912 830 1973 876 (vt

334 888 388 925 est
411 886 668 931 verosimile)
692 884 941 923 Parallaxin
965 883 1162 922 Cometae
1185 883 1268 920 hoc
1291 883 1424 920 modo
1447 882 1487 921 se
1511 884 1754 921 eruiturum
1773 882 1972 930 sperauit,

334 939 548 978 nonnulla
564 939 649 976 illic
666 939 720 976 ab
737 940 901 985 optimo
918 937 993 974 illo
1010 936 1127 979 Viro,
1144 947 1221 983 per
1236 938 1453 974 incuriam
1469 936 1694 983 quandam
1710 938 1856 974 minus
1872 947 1972 974 con—

334 993 510 1031 siderate
527 992 708 1039 prolata,
726 991 763 1029 8(
779 990 923 1038 postea
939 990 993 1028 ab
1010 989 1166 1027 eodem
1180 987 1383 1033 correcta,
1400 1001 1492 1027 non
1503 989 1642 1027 solum
1653 1000 1745 1027 non
1757 989 1972 1033 emendat,

333 1046 402 1083 sed
414 1046 541 1093 longe
554 1044 697 1083 adhuc
708 1044 806 1091 plus
817 1044 1041 1090 deprauat‚
1057 1042 1259 1086 distrahit,
1272 1042 1310 1080 &
1322 1041 1560 1086 confundit,
1573 1047 1782 1089 extraque
1794 1053 1973 1080 omnem
2014 1056 2044 1081 15

334 1101 548 1136 rationem
564 1099 694 1135 nimis
710 1097 924 1135 inerudite
940 1096 1025 1133 illis
1041 1096 1243 1134 abutitur.

387 1152 600 1190 Praeterea
616 1162 707 1188 non
723 1150 862 1188 solum
878 1152 924 1187 in
940 1149 1158 1187 Parallaxi
1174 1148 1307 1186 huius
1323 1148 1522 1186 Cometae
1543 1147 1851 1192 constituenda,
1873 1160 1974 1196 quae

334 1217 401 1243 res
418 1216 493 1252 per
508 1204 547 1242 se
564 1203 888 1241 difficultatibus
905 1201 1163 1250 quibusdam
1179 1202 1373 1239 obnoxia
1389 1201 1456 1245 est,
1472 1201 1542 1239 sed
1556 1203 1602 1239 in
1615 1201 1712 1249 ipfis
1723 1201 1973 1249 Longitudi-

335 1258 474 1301 nibus,
499 1269 607 1305 quas
629 1257 903 1304 postmodum
926 1268 949 1293 e
972 1255 1056 1293 suis
1079 1255 1338 1302 quibusdam
1361 1254 1750 1293 Obseruationibus
1773 1254 1973 1299 recenset,

334 1311 461 1358 supra
476 1311 657 1348 modum
674 1310 980 1348 hallucinatur.
999 1309 1117 1346 Nam
1134 1308 1218 1346 Die
1230 1308 1311 1346 XII
1324 1308 1592 1346 Nouembris
1608 1319 1710 1345 eum
1726 1309 1771 1345 in
1786 1313 1893 1355 part.
1906 1307 1931 1346 6
1946 1313 1970 1348 Z
2011 1321 2045 1346 20

335 1366 515 1411 reponit,
538 1375 638 1401 cum
659 1364 751 1401 esset
771 1362 1043 1409 sesquitribus
1063 1361 1267 1409 gradibus
1287 1363 1490 1399 anterior.
1512 1360 1596 1399 Die
1614 1360 1760 1398 XXIII
1778 1361 1973 1398 Nouem-

334 1418 432 1459 bris,
454 1418 552 1454 dicit
569 1428 671 1454 eum
687 1415 862 1453 distitisse
879 1416 933 1453 ab
950 1415 1114 1462 Aquila
1130 1415 1154 1452 2
1169 1414 1385 1462 gradibus,
1407 1425 1495 1461 quo
1516 1414 1584 1452 die
1600 1413 1654 1452 ab
1672 1414 1826 1452 eadem
1842 1413 1975 1452 Stella

335 1472 508 1517 integris
530 1470 561 1507 ll
582 1469 785 1517 gradibus
806 1468 1127 1506 remouebatur.
1150 1468 1267 1506 Facit
1284 1469 1534 1506 etiamtunc
1550 1467 1905 1505 Declinationem
1920 1467 1974 1505 ab

334 1523 587 1570 AEquatore,
611 1527 717 1570 part.
741 1522 776 1560 9.
800 1524 953 1559 minut.
977 1521 1039 1565 50,
1066 1532 1166 1568 quae
1190 1532 1347 1559 reuera
1368 1522 1547 1558 vnicum
1569 1520 1753 1568 gradum
1775 1520 1975 1558 nondum

335 1576 641 1622 compleuerat.
668 1575 753 1613 Die
778 1575 836 1612 VI
861 1575 1129 1617 Decembris,
1157 1586 1245 1621 quo
1271 1576 1402 1612 etiam
1427 1574 1496 1612 die
1520 1573 1771 1611 Parallaxin
1796 1575 1889 1611 eius
1915 1573 1975 1620 (vt
2012 1586 2046 1611 25

335 1628 798 1674 commemorauimus)
822 1628 1031 1666 scrutatus
1054 1627 1121 1671 est,
1144 1627 1284 1665 statuit
1305 1626 1642 1675 Longitudinem
1663 1625 1861 1665 Cometae
1883 1628 1930 1664 in
1951 1626 1975 1664 3

335 1683 470 1730 gradu
499 1684 555 1726 )(,
579 1693 667 1729 quo
690 1687 885 1728 tempore
908 1681 958 1718 22
981 1681 1165 1729 gradum
1190 1690 1231 1717 m
1258 1692 1350 1718 non
1372 1680 1561 1718 multum
1585 1680 1820 1718 excesserat.
1846 1679 1976 1717 Error

335 1738 480 1782 itaque
507 1735 561 1772 est
585 1737 631 1772 in
655 1734 745 1782 ipsa
767 1735 1057 1782 Longitudine
1083 1734 1114 1771 11
1139 1734 1372 1781 graduum;
1399 1733 1437 1771 &
1462 1735 1538 1780 qui
1560 1732 1706 1780 quaeso
1726 1732 1977 1771 Parallaxin

335 1800 485 1826 veram
506 1790 735 1831 inueniret,
758 1799 810 1825 ex
831 1799 919 1835 quo
940 1793 1029 1825 tam
1050 1787 1284 1825 immodice
1304 1789 1350 1824 in
1370 1786 1460 1834 ipsa
1476 1786 1766 1834 Longitudine
1787 1785 1975 1834 praefini-

337 1842 450 1879 enda
470 1840 719 1888 impegerit?
740 1840 784 1879 Si
804 1852 908 1878 vero
928 1840 1046 1878 hunc
1067 1840 1213 1878 locum
1234 1836 1249 1890 ss
1269 1840 1480 1884 Cometae,
1501 1839 1556 1878 ab
1577 1839 1666 1886 ipso
1687 1841 1732 1877 in
1752 1839 1868 1886 grad.
1886 1839 1909 1877 3
1932 1840 1970 1883 )(
1999 1845 2064 1877 447

336 1895 446 1932 adeo
463 1896 823 1931 inconuenienter
842 1893 1086 1941 repofitum,
1108 1905 1209 1931 cum
1224 1893 1303 1931 fitu
1318 1892 1508 1940 Aquilae,
1529 1898 1572 1930 vt
1593 1894 1725 1939 prius,
1747 1891 1975 1930 contuleri-

336 1959 446 1990 mus,
464 1947 699 1984 deducetur
715 1958 782 1984 res
798 1947 943 1984 adhuc
958 1949 1004 1984 in
1020 1947 1148 1994 longe
1164 1948 1308 1984 maius
1319 1945 1566 1984 absurdum.
1583 1945 1735 1983 Fuisset
1746 1947 1865 1983 enim
1875 1950 1977 1983 tunc

337 2000 522 2037 Cometa
547 2000 675 2037 Hora
698 2001 721 2038 5
747 2011 773 2037 a
799 2000 985 2038 Meridie
1009 2001 1054 2037 in
1077 1999 1319 2037 Azimutho
1343 1999 1460 2047 grad.
1483 1999 1557 2038 251ᾼ
1581 1998 1727 2036 versus
1751 1997 1976 2042 Occasum,

336 2053 522 2099 ideoque
535 2052 726 2090 distitisset
738 2064 764 2090 a
775 2053 968 2090 verticali
980 2064 1055 2100 per
1067 2052 1278 2100 Aquilam
1292 2052 1551 2096 transeunte,
1568 2051 1713 2090 adhuc
1728 2051 1826 2099 plus
1843 2062 1978 2098 quam

337 2111 478 2149 antea,
500 2111 644 2152 vtpote
661 2111 767 2152 part.
785 2106 868 2149 34³2,
891 2105 1184 2152 habuissetque
1201 2106 1491 2143 Altitudinern
1506 2105 1622 2153 grad.
1639 2105 1725 2148 544,
1747 2104 1864 2152 quod
1880 2104 1978 2151 plus
2015 2116 2049 2141 35

338 2157 503 2196 octonis
514 2158 717 2205 gradibus
729 2161 822 2196 eius
834 2159 1159 2206 assignationem
1171 2159 1349 2196 excedit.
1367 2158 1452 2196 Die
1464 2158 1563 2196 VIII
1576 2157 1843 2201 Decembris,
1856 2159 1979 2205 ponit

339 2211 570 2249 Cometam
586 2213 631 2248 in
647 2217 753 2258 part.
770 2212 794 2249 5
817 2214 853 2255 )(
865 2242 873 2254 ,
891 2212 1069 2258 quando
1085 2212 1135 2249 24
1151 2212 1335 2259 gradum
1355 2221 1397 2248 m
1417 2213 1616 2258 proxime
1632 2210 1888 2254 absoluerat‚
1905 2210 1978 2248 ad-

338 2264 423 2302 huc
438 2264 621 2301 vndenis
637 2264 839 2311 gradibus
851 2264 1112 2308 vlteriorem,
1130 2276 1263 2311 quam
1275 2276 1431 2302 reuera
1444 2269 1546 2302 erat.
1564 2263 1648 2302 Die
1659 2263 1783 2301 XIIII
1795 2263 1978 2301 Decem-

338 2317 424 2354 bris
441 2319 485 2354 in
501 2322 607 2363 part.
621 2318 644 2354 7
663 2319 699 2360 )(
722 2317 873 2360 statuit,
891 2329 991 2355 cum
1008 2318 1100 2355 esset
1116 2320 1161 2355 in
1175 2318 1226 2356 29
1242 2327 1300 2362 m,
1318 2316 1413 2356 ocio
1429 2317 1632 2365 gradibus
1648 2316 1756 2354 iusto
1771 2316 1870 2364 plus
1886 2318 1980 2354 eius

337 2370 483 2407 locum
499 2370 756 2416 producens.
2016 2380 2050 2406 40

391 2422 474 2460 Die
495 2434 599 2460 vero
615 2422 801 2460 XXVIII
823 2422 1077 2461 Decembris
1098 2424 1153 2461 ad
1174 2423 1365 2471 Scopum
1385 2425 1566 2470 propius
1586 2424 1827 2466 reuertitur,
1850 2421 1979 2460 collo-

339 2487 442 2513 cans
456 2477 614 2513 eumin
626 2476 650 2513 9
661 2476 777 2522 grad.
797 2477 851 2519 )(.
870 2476 1014 2522 Atque
1031 2476 1114 2513 hoc
1130 2476 1220 2514 solo
1236 2477 1318 2520 die,
1335 2487 1427 2514 non
1442 2476 1632 2514 multum
1643 2487 1670 2513 a
1680 2486 1785 2513 vero
1796 2474 1875 2513 fitu
1886 2476 1980 2513 eius

1807 2527 1974 2565 recessit.
