2209 3213
116 793 146 818 10

114 1059 143 1084 15

109 1325 142 1349 20

109 1591 141 1615 25

109 1857 141 1881 30

107 2122 139 2147 35

107 2386 140 2411 40

436 196 526 233 AD
549 196 859 234 CRAIGUM
882 196 1153 234 SCOTUM
1176 196 1260 234 DE
1281 195 1572 234 COMETIS
1748 197 1824 234 427

185 303 377 341 Cernere
388 304 519 340 etiam
529 301 638 339 estin
648 301 745 349 alijs
756 303 899 349 ignitis
911 302 1133 345 Meteoris,
1148 314 1278 349 qvam
1291 313 1447 349 parum
1457 302 1526 339 vel
1539 302 1649 339 nihil
1661 304 1825 350 magni-

184 356 302 399 tudo,
320 360 395 393 aut
410 357 602 403 parvitas
619 366 774 392 eorum
790 360 961 392 motum
977 357 1126 393 variet.

237 409 321 447 Sed
333 408 428 446 haec
441 408 479 446 81
491 407 681 445 [imiliter
692 419 719 445 a
730 413 770 445 te
782 408 932 445 saltem
945 409 1234 455 opinabiliter,
1251 414 1296 446 ut
1308 408 1547 446 Aristotelis
1560 408 1826 447 fumositates

183 464 357 505 tuearis,
375 461 557 508 prolata.
574 461 691 508 Piget
703 460 901 508 pluribus
913 461 1133 505 discutere,
1151 473 1253 499 cum
1264 461 1386 499 nulla
1399 467 1514 499 certa
1526 462 1826 500 observatione

185 515 223 552 &
243 515 608 553 demonstratione
630 513 956 558 confirmentur,
979 526 1059 552 nec
1080 517 1212 552 etiam
1231 517 1276 552 in
1295 517 1357 552 rei
1373 517 1554 552 veritate
1573 517 1632 553 ita
1648 515 1731 553 sese
1749 515 1824 553 ha-

183 568 367 606 buerint.
390 568 509 605 Nam
528 567 726 605 Cometae
748 572 893 604 motus
914 569 959 604 in
980 567 1056 605 suo
1077 570 1254 615 proprio
1275 568 1454 611 ambitu,
1475 580 1603 615 qvem
1621 571 1734 607 circa
1751 569 1825 607 So-

183 621 282 665 lem,
301 621 436 658 veluti
453 632 544 658 non
560 620 700 658 solum
716 632 742 658 a
758 632 828 658 me
846 623 985 667 capite
1002 621 1101 658 VIII
1119 621 1458 659 demonstratum
1476 621 1542 665 est,
1565 621 1634 659 sed
1652 624 1783 660 etiam
1800 634 1827 660 a

184 674 560 712 MAESTHLINO
591 673 817 721 diligenter
842 674 1208 717 animadversum,
1240 674 1540 712 orbiculariter
1565 674 1825 722 defignabat,

183 727 319 765 ferme
340 727 556 774 aeqvalem
576 732 747 764 motum
768 727 992 770 retinebat,
1015 727 1126 765 adeo
1144 733 1189 765 ut
1204 732 1294 765 toto
1312 727 1546 765 Decembri
1563 728 1600 765 &
1613 729 1825 773 Januario

183 783 256 818 vix
270 782 293 819 5
307 783 580 818 minutorum
597 779 888 818 differentiam
905 780 1048 827 qvoad
1065 786 1210 818 motus
1227 781 1570 827 inaeqvalitatem
1586 781 1824 819 inlinuarit.

182 834 252 871 Ab
264 835 387 871 initio
399 845 504 871 vero
517 835 562 871 in
575 833 818 871 Novembri
830 835 974 880 potius
986 834 1149 871 tardior
1162 839 1264 876 erat,
1278 845 1409 880 qvam
1422 836 1687 878 concitatior,
1703 840 1826 872 motu

184 889 373 934 proprio,
395 887 437 924 id
459 887 574 934 qvod
591 889 721 924 etiam
740 886 1149 924 MAESTHLINUS
1166 887 1462 934 deprehendit.
1484 888 1626 934 Atqve
1646 888 1729 925 hoc
1747 900 1826 936 ego

183 941 363 978 evenisse
380 940 586 983 existimo,
604 941 705 987 qvia
721 945 866 977 motus
878 939 1008 986 ipfius
1021 942 1134 978 circa
1149 942 1229 984 &m
1244 945 1335 978 erat
1346 940 1591 987 [impliciter
1603 941 1824 979 circularis

182 993 255 1031 seu
266 995 411 1041 potius
423 1004 446 1031 e
458 993 741 1031 circularibus
754 993 1026 1040 compolitus.
1045 993 1166 1039 Qvas
1177 999 1326 1031 tamen
1337 994 1689 1041 particulariores
1702 994 1821 1032 diffe-

181 1048 342 1084 rentias
359 1048 404 1084 in
421 1058 552 1094 opere
572 1046 674 1093 ipso,
697 1058 797 1084 cum
814 1058 905 1083 non
921 1049 1069 1094 magni
1087 1047 1211 1084 essent
1232 1049 1457 1090 momenti,
1480 1047 1663 1085 enodari
1679 1047 1820 1094 super-

179 1099 394 1143 sedebam,
411 1111 466 1137 ne
482 1111 563 1143 res,
580 1111 657 1146 per
672 1099 712 1137 se
729 1111 820 1137 non
835 1100 1040 1137 omnibus
1053 1100 1194 1144 obvia,
1213 1102 1399 1137 nimium
1413 1102 1612 1138 intricata
1624 1101 1821 1138 reddere-

179 1158 260 1195 tur,
277 1153 629 1200 intelligentibus,
647 1158 687 1190 et
704 1164 726 1190 e
742 1153 1088 1200 generalioribus
1103 1153 1436 1200 particulariora
1447 1153 1572 1191 facile
1585 1154 1820 1201 colligenti-

178 1206 271 1250 bus,
284 1204 547 1244 satisfactum
560 1206 818 1244 existimans.
833 1207 890 1244 At
901 1207 1072 1244 medius
1083 1212 1122 1244 et
1132 1206 1310 1253 simplex
1322 1212 1466 1244 motus
1478 1206 1611 1254 huJus
1622 1207 1821 1245 Cometae

178 1259 257 1297 fuit
273 1264 483 1307 perpetuo
500 1259 617 1297 idem
633 1271 733 1297 cum
751 1258 829 1303 Ole
845 1271 937 1297 non
953 1259 1077 1297 aliter
1094 1272 1225 1307 qvam
1241 1262 1287 1297 in
1302 1263 1365 1303 9oe
1380 1260 1417 1297 &
1435 1258 1509 1304 Ψῑῑῡ
1522 1260 1585 1306 (ut
1601 1260 1654 1297 de
1671 1262 1821 1298 ceteris

179 1325 296 1350 nunc
313 1324 404 1350 non
420 1313 576 1357 dicam,
593 1324 781 1360 qvorum
793 1314 1052 1351 circuituum
1065 1318 1213 1351 centra
1228 1315 1307 1357 Θῐῃ
1323 1316 1455 1351 etiam
1467 1324 1519 1350 ex
1532 1313 1673 1351 nostra
1685 1313 1820 1361 hypo-

179 1366 284 1404 theli
310 1366 676 1412 concomitantur)
707 1366 802 1404 fieri
827 1367 1039 1404 videmuS.
1071 1367 1298 1413 Praecipua
1323 1368 1451 1414 igitur
1476 1367 1750 1414 inaeqvalitas
1776 1369 1821 1404 in

133 1432 144 1444 r
182 1419 381 1458 Cometae
398 1421 665 1467 apparentijs
681 1420 784 1457 inde
801 1420 1041 1463 eveniebat,
1059 1416 1073 1469 ΙΙ
1091 1420 1205 1467 qvod
1222 1420 1277 1458 ad
1294 1431 1498 1458 normam
1516 1420 1821 1467 Epicyclorum

177 1472 261 1510 sese
285 1474 330 1510 in
353 1472 492 1510 altum
515 1472 795 1510 convolverit.
824 1472 1012 1520 Ideoqve
1036 1478 1180 1511 motus
1205 1475 1311 1521 ejus,
1338 1473 1443 1511 dum
1466 1473 1614 1511 Terrae
1638 1475 1821 1511 vicinior

179 1531 281 1569 erat,
306 1527 561 1564 concitatior
584 1528 799 1573 apparuit,
826 1528 871 1563 in
894 1526 1094 1564 sublimia
1117 1538 1222 1564 vero
1245 1525 1478 1573 perdutftus
1501 1526 1629 1569 idem,
1656 1526 1753 1564 licet
1775 1528 1821 1564 in

178 1579 267 1626 ipso
288 1579 401 1617 coelo
423 1591 449 1616 a
469 1581 603 1626 priori
624 1581 697 1617 vix
718 1579 956 1622 differebat,
980 1579 1106 1617 nobis
1127 1585 1275 1617 tamen
1296 1580 1460 1617 tardior
1482 1582 1696 1626 apparuit.
1720 1580 1820 1617 Pro-

178 1633 278 1671 inde
299 1632 375 1670 tibi
395 1644 487 1670 non
507 1633 678 1677 arridet,
701 1633 816 1680 qvod
837 1635 1061 1680 propriam
1081 1638 1227 1670 motus
1247 1632 1469 1671 scientiam
1487 1633 1684 1671 Cometae
1705 1635 1820 1671 attri-

177 1685 372 1729 bueram,
390 1697 475 1732 qva
491 1690 581 1724 tam
597 1690 713 1723 certa
728 1686 821 1733 lege
842 1688 921 1730 ΘΜ
941 1686 1206 1724 circulariter
1222 1686 1469 1729 ambiendo,
1489 1686 1615 1723 suum
1632 1688 1820 1724 curricu—

178 1739 270 1776 lum
282 1739 501 1777 ordinarie
515 1739 643 1777 instar
654 1739 1012 1786 Pseudoplanetae
1025 1740 1211 1787 alicujus
1225 1739 1467 1783 absolverit,
1484 1751 1640 1787 meqve
1655 1739 1820 1777 animal

178 1792 366 1840 logicum
382 1792 483 1830 inde
499 1792 682 1830 statuere
698 1792 934 1830 infimulas.
953 1793 1042 1840 Ego
1054 1793 1151 1830 licet
1162 1792 1347 1840 idipsum
1359 1804 1450 1831 non
1462 1793 1658 1835 dixerim,
1676 1798 1820 1830 motus

177 1850 325 1883 tamen
341 1845 575 1888 scientiam,
592 1845 676 1883 live
691 1846 959 1888 naturaliter,
977 1846 1060 1884 live
1073 1846 1280 1884 divinitus
1293 1846 1488 1890 inditam,
1506 1846 1608 1883 huic
1621 1846 1820 1884 Cometae

177 1910 268 1937 non
292 1900 452 1942 minus,
478 1911 611 1946 qvam
635 1899 811 1946 reliqvis
833 1899 933 1937 coeli
956 1899 1223 1947 corporibus,
1250 1899 1413 1937 infuisse
1438 1899 1547 1936 mihi
1570 1899 1819 1946 persvadeo.

178 1951 301 1989 Nulli
319 1954 436 1990 enim
452 1952 547 1990 sunt
563 1954 609 1990 in
626 1952 739 1990 coelo
755 1952 895 1990 reales
912 1953 1050 1996 orbes,
1070 1953 1225 2000 qvibus
1242 1953 1351 1990 astra
1366 1958 1591 2000 tamqvam
1607 1952 1820 1990 vehiculis

177 2005 456 2053 agglutinata,
478 2011 523 2043 ut
543 2005 695 2043 frustra
711 2017 792 2043 nos
809 2006 955 2043 docuit
970 2006 1240 2044 Aristotelica
1257 2006 1428 2049 Schola,
1451 2008 1819 2053 circumagantur;

177 2058 247 2096 sed
266 2058 403 2096 libera
421 2058 553 2097 nullis
569 2059 716 2096 fulcris
733 2059 926 2102 stabilita,
948 2071 1033 2106 qvo
1054 2064 1199 2097 motus
1221 2059 1396 2097 scientia
1417 2059 1625 2097 divinitus
1645 2059 1820 2107 fingulis

177 2111 380 2149 attributa
400 2112 595 2160 impellit,
618 2112 829 2150 feruntur.
854 2112 982 2158 Qvod
1002 2112 1099 2150 licet
1119 2113 1243 2150 vobis
1264 2113 1463 2150 videatur
1484 2112 1731 2156 absurdum,
1756 2118 1819 2150 ut-

176 2170 275 2211 pote
296 2167 367 2212 qvi
388 2165 442 2203 ab
459 2165 739 2203 Aristotelicis
760 2166 1035 2213 dogmatibus
1056 2178 1111 2204 ne
1131 2166 1270 2203 latum
1290 2166 1465 2213 qvidem
1484 2177 1675 2213 ungvem
1691 2165 1819 2203 disce-

177 2218 369 2256 dendum
389 2218 676 2257 arbitremini:
697 2225 846 2257 tamen
866 2231 1020 2257 revera
1039 2221 1098 2257 ita
1116 2219 1156 2256 se
1177 2219 1320 2262 habet,
1342 2224 1388 2256 ut
1408 2231 1501 2257 non
1516 2218 1666 2256 saltem
1682 2231 1708 2256 a
1725 2218 1818 2256 Pla-

176 2276 377 2309 netarum
402 2274 630 2319 apparenti
655 2278 779 2309 motu
803 2272 1063 2319 diligentius,
1090 2284 1222 2319 qvam
1247 2271 1459 2310 hadienus
1484 2271 1725 2310 factitatum
1751 2272 1818 2313 est.

176 2324 468 2372 pervestigato‚
490 2325 559 2363 sed
576 2327 708 2363 etiam
725 2337 777 2363 ex
794 2325 890 2372 ipIis
909 2325 1116 2369 Cometis,
1138 2328 1209 2373 qvi
1226 2326 1456 2363 necessario
1474 2337 1627 2363 omnes
1644 2327 1689 2363 in
1706 2325 1819 2363 coelo

176 2376 303 2424 supra
325 2378 498 2416 Lunam
521 2378 757 2422 versantur,
783 2378 1043 2416 sufficienter
1068 2378 1351 2417 demonstrari
1376 2379 1521 2426 potest,
1548 2384 1587 2416 et
1612 2378 1688 2416 suo
1714 2384 1817 2415 tem-

176 2441 280 2477 pore
292 2442 318 2468 a
330 2431 455 2469 nobis
471 2433 531 2469 ita
547 2431 803 2473 ostendetur,
820 2443 875 2469 ne
889 2430 1220 2470 contradietioni
1232 2432 1349 2479 apud
1361 2432 1648 2479 intelligentes
1661 2431 1698 2469 &
1710 2433 1818 2469 veri-

175 2485 250 2521 tati
265 2483 352 2522 fine
368 2485 624 2532 praejudicio
641 2485 969 2532 acqviescentes,
987 2485 1091 2523 ansa
1107 2485 1388 2532 relinqvatur.
1407 2485 1535 2531 Qvod
1551 2485 1580 2522 s1
1595 2487 1818 2532 propriam

282 2545 331 2570 54*
1674 2543 1818 2575 motus
