2209 3213
89 802 118 827 lo

91 1068 120 1092 15

87 1333 120 1358 20

89 1599 122 1623 25

91 1864 124 1889 30

78 1965 136 1996 21r

92 2131 125 2156 35

94 2397 127 2422 40

404 206 494 243 AD
517 206 825 245 CRAIGUM
847 206 1118 245 SCOTUM
1141 207 1224 244 DE
1246 206 1534 245 COMETIS
1716 206 1792 244 445

154 311 556 355 demonstravimus,
573 310 686 350 recte
697 313 737 350 se
749 313 911 351 habere
924 318 962 351 et
974 313 1042 350 his
1057 313 1165 361 ipsis,
1183 325 1280 360 qvae
1293 311 1496 351 odtavum
1509 318 1637 359 caput
1649 312 1792 359 super-

154 365 282 408 addit,
306 366 511 412 aptissime
533 365 785 409 consentire,
807 368 867 404 ita
887 371 932 404 ut
954 378 1094 404 unum
1115 367 1292 404 alterius
1313 365 1616 404 certitudinem
1637 370 1792 403 mutuo

155 420 395 456 convincat.
889 446 898 456 .

206 471 274 509 De
290 472 354 518 ijs,
372 483 469 518 qvae
486 476 637 508 contra
653 471 842 509 nostram
856 472 1079 510 Mundani
1096 472 1327 520 systematis
1342 471 1616 519 Hypothefin
1633 471 1794 509 ibidem

154 524 346 566 adducis,
368 524 473 561 nolo
491 523 575 561 hoc
592 524 689 561 loco
707 525 808 571 qvid
824 524 1004 562 sentiam
1022 525 1227 572 proferre,
1249 525 1457 572 siqvidem
1473 530 1513 562 et
1529 527 1574 562 in
1590 525 1703 562 binis
1719 536 1793 571 po-

153 576 397 615 sterioribus
413 577 563 614 litteris
580 577 734 615 eadem
751 578 804 615 de
820 589 865 615 re
882 578 1063 616 ulterius
1080 580 1182 626 agis.
1199 579 1364 615 Verum
1381 578 1454 615 ubi
1471 580 1622 615 omnia
1638 578 1693 616 ad
1711 577 1794 616 Co-

153 635 314 668 metam
326 629 559 677 spectantia
572 629 666 667 &in
682 630 750 668 his
766 630 864 677 ipsis
880 632 1098 678 prioribus
1114 637 1317 669 contenta
1334 631 1567 674 discussero,
1584 631 1680 673 istis,
1697 642 1794 678 qvae

154 683 441 732 hypotyposin
461 695 488 721 a
507 694 578 721 me
598 685 770 721 noviter
790 684 1062 722 constitutam
1083 686 1310 732 attingunt,
1332 690 1460 731 prout
1480 684 1550 721 vel
1570 686 1616 721 in
1636 684 1704 721 his
1726 683 1795 721 vel

154 736 328 783 reliqvis
348 736 482 774 literis
498 748 525 774 a
540 741 580 774 te
596 736 768 783 prolata
783 736 890 780 sunt,
913 737 1194 784 respondebo.
1217 737 1286 775 Ad
1309 749 1361 774 ea
1382 739 1524 784 itaqve
1546 748 1676 780 nunc,
1698 748 1795 784 qvae

155 788 377 828 occafione
394 789 551 827 decimi
567 789 736 836 Capitis
752 789 925 836 insuper
941 790 1203 837 subjunxisti,
1220 802 1290 828 me
1307 790 1542 827 conferam.

207 842 251 880 Si
267 842 522 880 illustrissimi
537 843 747 889 Principis
765 843 1080 881 GUILIELMI
1097 844 1358 891 Landgravij
1378 843 1699 881 observationes
1720 842 1795 880 tibi

155 896 265 934 adeo
282 896 485 939 arrident,
502 901 548 938 ut
564 907 655 933 non
671 895 853 937 dubites,
871 899 975 943 qvin
991 898 1108 943 possit
1123 908 1175 934 ex
1191 898 1243 944 ijs
1260 896 1504 943 qvaestionis
1516 898 1675 933 veritas
1687 895 1795 939 elici,

155 949 341 997 agedum
353 948 396 986 id
405 948 588 995 praestes,
601 948 630 986 fi
642 949 861 986 meliori&
874 952 1044 988 certiori
1056 950 1261 997 indagine
1271 955 1345 987 ate
1358 949 1505 996 perfici
1518 950 1627 996 posse
1639 949 1795 996 speras,

156 1013 287 1050 qvam
302 1013 329 1039 a
344 1002 470 1039 nobis
486 1001 573 1039 illic
589 1001 828 1040 factitatum
846 1003 916 1046 est;
934 1015 1039 1041 nam
1056 1009 1095 1040 et
1110 1008 1260 1050 qvater
1271 1002 1521 1040 Parallaxin
1534 1002 1731 1040 Cometae
1744 1013 1796 1039 ex

155 1055 284 1104 ipsius
307 1055 668 1093 annotationibus
691 1067 743 1093 ea
766 1056 859 1103 lege
883 1056 1110 1104 diligenter
1131 1056 1372 1103 perqvisivi,
1396 1061 1442 1093 ut
1465 1060 1609 1092 motus
1632 1057 1793 1102 proprij

155 1120 246 1147 non
266 1108 555 1156 negligeretur
575 1108 826 1155 implicatio,
851 1115 891 1147 et
911 1121 1131 1156 nusqvam
1152 1110 1274 1147 illam
1295 1109 1436 1146 cursui
1458 1110 1551 1155 ejus
1573 1109 1796 1146 ordinario

156 1161 390 1209 qvidpiam‚
408 1161 522 1208 qvod
539 1161 726 1209 aliqu'us
742 1165 955 1200 momenti
972 1163 1076 1206 esset‚
1094 1162 1326 1200 distrahere
1341 1162 1632 1199 inveniebam.
1650 1161 1796 1208 Qvare

156 1215 277 1253 illam
292 1214 579 1252 insensibilem
595 1214 712 1252 fuisse
729 1216 884 1260 evadit,
907 1222 947 1254 et
967 1228 1043 1263 per
1060 1216 1338 1263 conseqvens,
1360 1217 1404 1252 in
1424 1214 1586 1252 aethere
1603 1214 1797 1252 altissimo

157 1268 328 1306 extitisse
341 1267 586 1306 Cometam.
604 1268 687 1306 Sed
700 1273 740 1306 et
752 1268 903 1315 septies
915 1269 1089 1317 insuper
1100 1269 1339 1307 secundum
1352 1268 1686 1315 Regiomontani
1700 1279 1796 1314 pro-

157 1322 322 1365 cessum,
344 1321 460 1359 idem
479 1333 501 1358 e
521 1321 868 1369 Landgravianis
890 1322 1263 1361 observationibus
1284 1321 1490 1369 expiscari
1512 1332 1602 1358 non
1622 1326 1796 1367 praeter-

156 1374 260 1418 mili,
284 1374 501 1421 seligendo
523 1386 596 1412 eas
617 1377 938 1420 annotationes,
963 1387 1060 1423 qvae
1083 1376 1307 1422 aliqvanto
1328 1376 1485 1421 majori
1506 1375 1714 1420 temporis
1734 1375 1797 1410 in-

156 1427 338 1466 tervallo
354 1427 567 1471 distarent,
585 1433 632 1465 ut
648 1440 700 1466 eo
718 1429 974 1473 evidentius,
991 1429 1019 1466 fi
1036 1429 1137 1476 qvid
1149 1429 1258 1466 foret
1271 1428 1550 1466 Parallaxeos
1562 1426 1796 1474 vestigium,

157 1481 239 1519 sese
262 1481 475 1528 proderet,
497 1481 535 1518 &
556 1493 582 1519 a
602 1483 829 1528 principio,
854 1482 1030 1529 qvando
1053 1482 1235 1520 celerior
1259 1487 1349 1519 erat
1371 1481 1569 1523 Cometa,
1593 1490 1729 1527 usqve
1752 1481 1798 1516 in

157 1534 321 1572 sextum
334 1533 541 1572 Decemb.
555 1546 655 1572 cum
666 1536 855 1573 tardiore
867 1541 990 1573 motu
1004 1537 1181 1583 proprio
1198 1536 1427 1577 incederet,
1445 1533 1622 1571 subinde
1639 1544 1799 1580 magna

158 1587 351 1626 adhibita
367 1587 589 1635 diligentia
605 1599 697 1625 rem
714 1600 894 1626 omnem
910 1591 1105 1626 numeris
1123 1588 1371 1635 expediens.
1393 1587 1585 1624 Tantum
1604 1585 1729 1628 abest,
1751 1590 1797 1623 ut

158 1641 294 1679 ullam
315 1640 417 1678 hinc
438 1640 639 1689 colligere
660 1641 829 1679 licuerit
845 1642 1108 1685 Parallaxin‚
1131 1641 1245 1689 qvod
1268 1643 1399 1679 etiam
1420 1639 1613 1677 calculus
1632 1639 1798 1686 semper

158 1696 203 1732 in
226 1696 493 1732 contrarium
516 1699 556 1732 et
578 1694 813 1733 absurdum
836 1695 1070 1733 devenerit.
1097 1695 1243 1741 Qvare
1268 1694 1295 1731 Γ]
1319 1699 1365 1731 tu
1388 1693 1569 1731 feliciori
1593 1692 1799 1729 Minerva

158 1748 258 1786 usus
269 1748 370 1785 hinc
382 1752 550 1785 tantam
560 1748 810 1786 Parallaxin
822 1760 974 1786 eruere
986 1750 1106 1796 petis,
1120 1754 1166 1786 ut
1178 1747 1422 1786 sublunaris
1434 1746 1590 1784 evadat
1600 1745 1798 1788 Cometa,

158 1801 249 1839 noli
267 1800 408 1839 labori
422 1803 469 1838 in
485 1813 774 1839 numerorum
790 1800 1044 1840 tractatione
1065 1813 1256 1849 parcere,
1277 1801 1347 1838 sed
1363 1800 1461 1837 vide
1478 1811 1536 1836 an
1553 1798 1798 1845 qvaestionis

159 1855 337 1898 nodum,
350 1866 441 1892 non
453 1854 565 1892 adeo
577 1857 639 1892 uti
651 1860 697 1892 tu
709 1855 935 1899 existimas,
954 1855 1186 1897 Gordium,
1204 1852 1360 1892 rectius
1372 1864 1503 1900 qvam
1515 1864 1541 1890 a
1552 1851 1678 1889 nobis
1690 1862 1798 1898 prae-

159 1908 299 1946 stitum
320 1907 386 1951 est,
408 1907 621 1945 resolvere
643 1920 787 1955 qveas.
811 1909 926 1947 Cum
944 1914 1091 1946 autem
1108 1913 1239 1946 antea
1254 1907 1451 1954 probaris
1467 1905 1655 1943 nostram
1672 1906 1799 1942 ratio-

160 1962 424 1999 cinationem
445 1960 656 1998 consimili
676 1962 886 1999 methodo
908 1973 931 1999 e
952 1963 1138 2009 proprijs
1155 1958 1169 2011 ΙΙ
1186 1959 1560 1999 observationibus
1578 1958 1703 2005 super
1722 1957 1799 1995 Re-

160 2015 430 2061 giomontani
447 2014 606 2061 placita
623 2014 875 2058 extrudtam,
897 2015 1081 2053 limitato
1099 2016 1230 2052 etiam
1248 2025 1311 2057 ea,
1332 2025 1428 2060 qvae
1446 2012 1501 2049 ob
1517 2016 1687 2049 motum
1703 2022 1799 2057 pro-

160 2069 303 2115 prium
323 2067 521 2105 Cometae
543 2068 740 2106 inciderit
762 2067 1065 2112 differentiola,
1086 2070 1222 2105 miror
1243 2066 1464 2114 qvomodo
1486 2076 1603 2102 nunc
1620 2076 1642 2101 e
1660 2063 1800 2101 Land-

161 2122 378 2168 gravianis
402 2120 787 2165 observationibus,
811 2127 850 2159 te
874 2123 1066 2159 veritatis
1088 2121 1276 2158 latebras
1299 2125 1553 2167 aperturum
1577 2117 1801 2160 existimes,

161 2174 396 2222 praesertim
416 2186 514 2212 cum
536 2176 582 2211 in
602 2174 699 2221 ipsis
715 2175 862 2219 literis,
884 2174 1014 2212 semel
1031 2180 1158 2221 atqve
1174 2176 1333 2211 iterum
1349 2174 1480 2215 dicas,
1502 2171 1617 2218 qvod
1633 2182 1709 2217 per
1724 2170 1801 2207 Pa-

162 2227 348 2265 rallaxin
367 2228 566 2275 indagari
587 2233 773 2274 neqveat
793 2228 992 2266 Cometae
1009 2240 1035 2265 a
1050 2229 1173 2265 terris
1195 2227 1403 2269 distantia,
1426 2225 1626 2272 qvodqve
1648 2234 1802 2261 eorum

163 2283 358 2324 remotio,
380 2280 409 2318 fi
429 2283 656 2328 proprium
677 2281 870 2319 habeant
890 2287 1072 2325 motum,
1094 2280 1304 2328 praefiniri
1325 2291 1417 2317 non
1437 2279 1567 2326 possit.
1589 2277 1678 2324 Ego
1700 2287 1801 2322 qvo-

162 2334 294 2372 modo
310 2333 385 2372 ista
400 2333 473 2372 sibi
490 2335 679 2372 invicem
696 2334 978 2378 consentiant,
995 2346 1086 2372 non
1098 2334 1238 2371 video.
1257 2333 1402 2370 Rudes
1413 2342 1545 2369 vocas
1557 2329 1802 2368 MAESTH-

163 2387 283 2424 LINI
304 2392 344 2425 et
365 2387 644 2433 CORNELI]
667 2390 990 2431 annotationes,
1015 2393 1054 2425 et
1075 2387 1224 2425 saltem
1248 2386 1303 2424 ad
1327 2389 1611 2433 apparentem
1634 2387 1803 2420 motum

163 2440 309 2487 aliqvo
320 2440 453 2478 modo
466 2440 620 2484 facere,
633 2440 703 2478 sed
715 2441 770 2479 ad
784 2441 982 2479 Cometae
995 2440 1132 2485 situm,
1145 2442 1190 2478 in
1203 2439 1400 2478 distantia
1411 2437 1611 2475 videlicet
1621 2435 1802 2477 aTerra,

164 2493 274 2532 nihil
294 2495 549 2532 conducere.
572 2494 623 2532 Et
643 2506 722 2542 ego
744 2494 919 2541 qvidem
936 2498 982 2531 ut
998 2498 1182 2540 utroqve
1199 2493 1343 2540 qvoad
1361 2491 1707 2529 observationem
1727 2499 1804 2534 per

1621 2543 1803 2579 certiora
