2209 3213
317 228 393 265 250
810 223 892 260 DE
914 221 1139 259 MUNDI
1160 221 1461 258 AETHEREI

370 331 542 369 Dehinc
564 330 773 376 triplicem
794 334 964 365 motum
985 327 1086 365 huic
1104 327 1301 365 Cometae
1319 328 1503 374 assignat‚
1521 338 1657 363 vnum
1675 324 1853 364 Rectum
1870 326 1955 363 sur-

316 385 419 425 sum.
445 384 481 420 8(
505 383 659 420 deinde
684 382 821 419 alium
844 380 1129 423 Circularem,
1155 380 1209 418 ab
1233 391 1321 417 vno
1337 379 1524 426 Tropico
1547 381 1592 416 in
1615 379 1814 423 alterum,
1838 379 1956 417 velut

315 439 490 484 proprio
513 441 587 473 aut
611 435 789 472 alterius
812 434 1078 471 dominantis
1100 433 1211 470 Astri
1234 432 1438 480 impulsu;
1463 434 1638 470 tertium
1662 433 1802 479 Raptu
1825 433 1956 470 totius

316 491 442 537 primi
458 488 631 525 mobilis
648 489 982 534 contingentem,
1000 497 1281 524 communem
1299 485 1504 523 omnibus
1520 485 1617 523 aliis
1628 485 1773 523 Astris.
1791 485 1957 522 Verum

315 545 479 589 priores
505 542 615 578 duos
638 540 735 577 satis
760 539 986 577 excusasset
1011 542 1056 576 in
1079 541 1207 576 vnico
1232 538 1478 577 Orbiculari
1504 536 1635 576 ductu
1660 540 1773 576 circa
1796 537 1955 581 Solem,

314 596 343 632 fi
366 594 740 636 animaduertisset,
762 593 995 630 Cometam
1018 592 1135 630 hunc
1159 592 1214 630 ad
1238 592 1421 629 modum
1444 591 1761 639 Epicyclorum,
1786 590 1957 628 cursum

315 648 450 689 suum,
472 653 561 685 tam
579 649 623 683 in
640 644 862 690 directum,
884 657 1019 692 quam
1039 645 1204 683 sursum
1221 645 1367 683 eundo
1384 644 1620 687 absoluisse;
1641 644 1695 682 de
1710 646 1835 682 tertio
1853 644 1957 691 quid

314 701 506 743 sentiam,
524 700 633 737 alias
649 699 863 737 indicabo.

367 754 581 791 Praeterea
604 753 769 799 aliquid
792 752 1029 790 inordinati
1051 754 1097 789 in
1120 751 1237 789 linea
1259 751 1321 789 sui
1345 749 1497 789 ductus
1521 750 1575 788 ab
1596 762 1684 788 vno
1704 750 1891 797 Tropico
1912 752 1957 787 in

315 807 512 850 alterum,
535 807 705 843 extitisse
727 807 944 852 opinatur,
967 806 1085 852 quod
1105 817 1132 842 a
1153 805 1290 848 nobis,
1313 806 1387 851 qui
1409 804 1463 842 ad
1480 803 1702 841 verificata
1722 803 1957 841 affixarum

315 860 411 897 loca
428 861 520 897 eius
536 864 705 896 motum
722 858 870 896 sedulo
887 859 1187 905 expendimus,
1209 868 1494 904 nequaquam
1510 859 1569 894 ita
1584 856 1624 894 se
1641 856 1802 894 habere
1819 858 1957 894 anim-

315 912 547 950 aduersum
568 912 639 956 est;
663 912 732 949 sed
755 911 965 959 regularis
986 913 1209 958 proportio
1230 922 1256 948 a
1277 910 1474 948 celeriori
1496 911 1647 947 itinere
1668 909 1891 947 successiue
1912 911 1958 946 in

315 966 550 1003 tardiorem
557 966 716 1012 vbique
724 965 989 1002 seruabatur.
999 964 1129 1010 Quod
1140 969 1287 1002 autern
1295 963 1745 1011 aliquairregularitas
1754 962 1958 1000 Gemmae

318 1021 579 1066 apparuerit,
603 1019 645 1056 id
668 1018 793 1056 facile
816 1018 917 1056 inde
940 1017 1183 1061 eueniebat‚
1207 1019 1311 1064 quia
1333 1017 1439 1054 locis
1460 1016 1695 1054 affixarum
1712 1015 1957 1058 Stellarum,

318 1072 446 1109 Coelo
463 1071 552 1119 ipso
568 1083 659 1109 non
676 1070 822 1109 exacte
839 1071 1285 1118 correspondentibus,
1302 1070 1399 1107 vsus
1415 1069 1512 1113 fuit;
1529 1069 1765 1116 praesertim
1777 1080 1877 1106 cum
1889 1080 1957 1106 ru-

318 1125 428 1162 diori
448 1125 596 1162 saltem
613 1124 833 1166 Minerua.
855 1126 900 1161 in
918 1124 1051 1162 Globi
1071 1123 1307 1171 superficie,
1330 1123 1368 1161 8(
1387 1123 1463 1160 1110
1480 1125 1611 1160 etiam
1627 1122 1736 1160 forte
1753 1133 1843 1159 non
1861 1121 1958 1159 satis

318 1178 571 1215 adamussim
587 1178 822 1220 elaborato,
839 1179 1063 1225 negotium
1075 1177 1158 1214 hoc
1171 1177 1432 1214 Mechanice
1446 1175 1694 1219 absoluerit;
1710 1180 1958 1222 propterea-

319 1242 403 1277 que
424 1231 599 1277 ipsemet
620 1231 672 1268 de
693 1230 777 1268 suis
798 1232 1001 1274 inuentis,
1023 1230 1105 1268 hac
1126 1232 1171 1267 in
1191 1235 1324 1277 parte,
1346 1241 1437 1266 non
1455 1231 1674 1266 immerito
1691 1228 1868 1266 dubitat.
1891 1227 1959 1266 Sic

319 1286 436 1321 enim
453 1281 467 1333 ΙΙ
483 1283 721 1321 haefitando
742 1285 817 1321 ait:
841 1281 1015 1331 Forsan
1039 1285 1089 1321 vt
1106 1282 1242 1321 nobis
1262 1281 1489 1331 apparuit,
1507 1280 1768 1331 praesertim
1789 1280 1958 1319 intuitu

320 1336 533 1375 Siderum
551 1336 759 1375 aliorum.

370 1389 568 1427 Tandem
585 1401 638 1427 ex
654 1389 954 1427 Parallaxibus
973 1389 1163 1427 aliorum
1179 1389 1472 1432 Planetarum‚
1494 1388 1532 1426 &
1552 1387 1789 1435 praesertim
1806 1387 1957 1430 Lunae,

318 1443 547 1485 concludit,
571 1443 720 1480 Huius
741 1442 939 1480 Cometae
960 1447 1129 1480 motum
1151 1442 1398 1480 Lunaribus
1419 1441 1547 1489 longe
1567 1441 1834 1488 superiorem
1854 1440 1958 1478 sedi-

317 1496 396 1533 bus
414 1496 598 1539 extitisse,
620 1507 810 1542 eumque
826 1497 872 1532 in
889 1495 1054 1533 Orbem
1070 1495 1278 1543 Mercurij
1297 1496 1480 1542 reponit,
1503 1505 1555 1531 eo
1574 1494 1692 1541 quod
1709 1493 1959 1531 Parallaxin

317 1549 530 1593 habuerit,
547 1548 676 1596 ipsius
694 1549 928 1595 Opinione,
946 1560 1045 1595 quae
1062 1548 1302 1595 aliquando
1318 1548 1370 1585 40
1384 1550 1555 1585 minuta
1571 1547 1838 1594 adaequarat.
1861 1546 1958 1584 Exi-

317 1601 454 1639 stimat
475 1603 605 1645 enim,
630 1604 750 1639 iuxta
773 1607 992 1648 receptam
1012 1602 1113 1639 inde
1135 1613 1161 1639 a
1182 1601 1419 1639 Ptolemaeo
1441 1600 1723 1648 Opinionem,
1747 1600 1959 1637 Mercurii

319 1654 482 1692 Orbem
505 1657 703 1701 proxime
726 1654 853 1702 supra
876 1655 1050 1692 Lunam
1073 1654 1295 1699 conuolui‚
1320 1654 1358 1691 8(
1381 1656 1493 1692 intra
1516 1653 1634 1691 hunc
1657 1658 1788 1700 atque
1811 1652 1959 1691 Solem

318 1707 547 1755 Sphaeram
565 1710 777 1745 contineri
793 1708 988 1746 Veneris.
1011 1707 1094 1746 Sed
1114 1719 1195 1745 nos
1212 1708 1421 1755 Mercurij
1444 1706 1744 1744 reuolutiones
1765 1708 1878 1744 circa
1898 1707 1958 1752 ip-

316 1761 409 1798 sum
426 1761 585 1805 Solem,
603 1761 640 1798 &
657 1766 778 1799 extra
793 1760 874 1799 has
890 1763 1022 1799 etiam
1038 1761 1221 1798 Veneris
1236 1762 1485 1809 gyrationes
1501 1759 1678 1803 absolui,
1696 1759 1807 1797 adeo
1823 1764 1867 1797 vt
1883 1759 1958 1797 ali-

318 1815 496 1861 quando
517 1814 554 1851 &
579 1818 604 1857 Q
629 1814 666 1851 8(
693 1816 716 1858 Ψ
741 1826 767 1852 a
782 1814 927 1852 Terris
948 1816 1204 1852 remotiores
1225 1825 1360 1861 quam
1380 1813 1466 1860 ipse
1487 1813 1573 1857 Sol,
1595 1813 1798 1856 euadant,
1819 1811 1958 1850 multo

317 1866 472 1905 rectius
488 1867 526 1905 8(
542 1869 877 1905 conuenientius
893 1867 1167 1905 statuendum
1186 1868 1274 1911 esse,
1294 1867 1370 1905 suo
1388 1873 1584 1914 tempore
1602 1865 1639 1903 8(
1654 1865 1765 1909 1060,
1784 1865 1960 1903 fauente

318 1920 526 1964 Numine,
544 1923 589 1957 in
602 1920 746 1967 Opere
758 1920 900 1958 nostro
913 1921 965 1958 de
977 1919 1256 1958 Astronomia
1271 1920 1563 1963 instauranda,
1582 1919 1807 1957 euidenter
1822 1920 1961 1956 mani-

317 1972 579 2017 festabimus;
603 1974 674 2011 vbi
697 1985 773 2020 per
790 1974 974 2011 Veneris
995 1973 1187 2018 Stellam,
1211 1985 1264 2011 ex
1287 1973 1416 2020 ipfius
1439 1972 1753 2016 Parallaxibus,
1776 1971 1961 2019 idipsum

316 2025 530 2063 beneficio
547 2032 762 2064 certarum
775 2026 1156 2071 Obseruationum‚
1172 2026 1455 2065 infallibiliter
1469 2025 1759 2064 Geometricis
1770 2025 1961 2062 Rationi-

318 2079 397 2116 bus
414 2079 830 2117 Demonstrabimus.

371 2132 482 2169 Haec
503 2144 607 2169 vero
628 2132 734 2176 sunt,
757 2144 857 2179 quae
878 2133 930 2170 de
951 2134 1015 2177 iis,
1038 2133 1196 2180 quibus
1213 2131 1544 2171 CORNELIVS
1562 2131 1794 2170 GEMMA
1815 2130 1961 2168 secun-

318 2184 423 2221 dum
441 2185 586 2232 Caput
601 2185 664 2222 sui
681 2185 833 2223 Libelli
850 2185 1044 2229 absoluit,
1066 2186 1251 2224 dicenda
1267 2186 1393 2223 nobis
1409 2185 1493 2223 hoc
1509 2190 1705 2232 tempore
1723 2186 1769 2221 in
1786 2188 1962 2231 promtu

319 2243 452 2275 erant.

371 2290 485 2336 Quae
502 2296 649 2328 autem
665 2291 877 2329 TERTIO
895 2291 932 2328 8(
948 2291 1100 2329 vltimo
1118 2291 1340 2337 CAPITE,
1362 2291 1430 2329 De
1448 2291 1632 2335 Natura,
1656 2290 1821 2333 Caufis,
1842 2289 1961 2327 Prin-

318 2345 451 2390 cipiis,
474 2343 512 2380 8(
531 2344 717 2385 Viribus,
740 2350 869 2391 atque
887 2345 1083 2382 Decretis
1103 2345 1236 2383 huius
1253 2345 1464 2388 Cometae‚
1486 2343 1656 2391 copiose
1674 2343 1711 2380 8(
1728 2343 1895 2381 erudite
1916 2344 1962 2379 in

318 2397 513 2434 medium
539 2397 725 2441 adducit,
750 2397 833 2434 1106
859 2397 956 2435 1060
981 2400 1026 2435 111
1050 2398 1439 2436 considerationem
1462 2397 1712 2435 vlteriorem
1735 2396 1962 2439 deducere,

318 2461 408 2486 non
430 2449 484 2487 est
505 2451 697 2493 animus;
719 2450 928 2497 siquidem
948 2450 1044 2488 haec
1065 2453 1223 2498 partim
1243 2450 1421 2499 Phyfica
1441 2450 1548 2493 sunt,
1570 2451 1728 2498 partim
1749 2449 1804 2487 ad
1820 2448 1962 2486 Astro-

316 2502 503 2550 logicam
519 2503 877 2550 dijudicationem
897 2505 1070 2551 proprie
1091 2506 1318 2551 pertinent.
1341 2504 1409 2541 De
1426 2503 1584 2550 quibus
1605 2502 1689 2540 hoc
1705 2502 1835 2540 Libro
1852 2501 1962 2539 nihil

1763 2553 1960 2597 tractare,

1999 816 2029 841 10

1999 1081 2029 1106 15

1983 1288 2047 1320 305

1996 1347 2030 1372 20

1996 1613 2029 1637 25

1998 1878 2032 1903 30

2000 2144 2033 2168 35

2001 2408 2034 2433 40

2000 2505 2020 2536 ἦ,
