2209 3213
424 208 499 245 434
821 203 1289 242 APOLOGETICA
1312 202 1666 241 RESPONSIO

423 314 495 350 ubi
511 314 691 349 minime
706 323 816 357 opus
830 316 931 353 erat,
949 321 1113 353 moves,
1131 309 1400 356 respondebo
1413 314 1453 346 et
1464 309 1566 346 huic
1578 309 1849 347 haefitationi.
1867 309 1957 356 Ego
1969 321 2060 346 mo-

421 372 568 403 menta
578 371 837 410 temporum,
850 364 924 400 ubi
937 374 989 400 ea
1000 363 1241 400 admodum
1253 362 1496 410 scrupulose
1508 364 1799 409 reqviruntur,
1811 374 1891 400 nec
1904 373 1957 400 ex
1968 362 2060 400 alti-

421 418 641 456 tudinibus
654 417 854 459 fixarum,
868 427 1126 463 qvocunqve
1138 416 1271 453 modo
1284 417 1482 463 acceptis,
1495 427 1574 452 nec
1586 427 1662 462 per
1672 415 1918 463 Horologia
1929 418 2061 453 etiam

420 471 618 518 scrupula
642 472 782 516 prima
804 475 843 506 et
863 469 1051 506 secunda
1075 469 1325 513 indicantia,
1350 469 1497 516 qvalia
1517 480 1608 506 non
1628 480 1771 516 pauca
1790 470 1835 506 in
1856 474 2061 516 promptu

421 524 574 565 habeo,
598 522 804 569 expiscari
825 522 953 559 soleo.
978 522 1171 569 Utraqve
1193 524 1311 560 enirn
1332 524 1442 560 ratio
1460 533 1638 559 omnem
1657 522 1981 560 minutissimam
1997 533 2059 559 er-

420 579 528 614 roris
550 576 833 622 suspicionem
854 575 1115 612 sufficienter
1136 587 1227 612 non
1249 575 1449 618 excludit,
1474 580 1519 612 ut
1543 575 1645 613 alibi
1667 575 1797 613 latius
1818 575 2060 612 ostensurus

420 631 523 667 sum.
547 629 645 675 Qvo
662 627 787 675 pacto
805 631 932 675 igitur
949 631 1118 675 qvaeris‚
1140 629 1183 666 id
1199 628 1293 666 fieri
1310 629 1427 675 possit
1443 640 1520 675 per
1535 628 1822 675 AEqvatorem
1837 628 2059 666 mechani-

420 694 519 721 cum
540 682 623 719 five
645 681 970 719 convolubilem
991 681 1075 719 five
1096 681 1235 719 fixum
1251 682 1480 729 AEqvatori
1497 681 1668 725 coelesti,
1689 687 1783 719 turn
1801 681 1945 728 qvoad
1963 693 2059 728 pro-

419 738 559 783 priam
580 735 911 781 dispositionem,
932 740 1025 772 tum
1047 737 1179 772 etiam
1196 735 1314 772 Axin
1331 735 1582 782 analogum,
1605 736 1677 782 qvi
1698 734 1909 772 circulum
1927 739 2059 772 tantae

419 788 729 836 magnitudinis
746 788 1116 835 compraehendat,
1138 793 1183 825 ut
1202 787 1353 836 singuli
1369 788 1529 836 gradus
1545 788 1711 835 fingula
1726 787 1940 835 sexagena
1955 789 2059 825 reci-

419 845 539 889 piant
562 843 743 879 minuta.
769 841 1048 888 Ejuscemodi
1070 841 1367 885 Instrumenta,
1393 853 1489 888 qvae
1511 846 1551 878 et
1571 846 1819 888 temporum
1842 841 2059 878 minutissi-

419 907 513 933 mas
529 894 763 942 particulas
780 893 1063 932 infallibiliter
1079 894 1325 937 exhibeant,
1343 900 1382 932 et
1399 894 1496 942 alijs
1513 895 1773 941 qvibusdam
1787 894 1973 931 siderum
1987 894 2059 932 ob-

419 948 733 986 servationibus
749 959 840 985 una
856 949 1053 994 apprime
1070 948 1230 985 idonea
1246 947 1335 990 sint,
1353 953 1477 985 terna
1492 948 1691 994 possideo,
1709 959 1895 994 qvorum
1907 958 2060 990 unum,

419 1004 463 1039 in
481 1013 565 1048 qvo
581 1001 794 1048 AEqvator
812 1000 1122 1045 Orichalcicus,
1145 1000 1361 1038 columnis
1383 1001 1566 1047 lapideis
1583 1006 1622 1038 et
1637 1000 1787 1038 ferreis
1804 999 2060 1047 qviescendo

419 1057 621 1097 innitens,
639 1056 683 1091 in
698 1053 1017 1091 semidiametro
1030 1054 1070 1090 14
1083 1054 1214 1101 pedes
1226 1054 1440 1100 adaeqvat.
1458 1056 1530 1091 An
1547 1059 1586 1091 et
1603 1054 1655 1092 fic
1671 1060 1920 1101 temporum
1935 1055 2061 1091 mini-

417 1119 512 1146 mas
521 1107 756 1154 particulas
765 1107 940 1154 praecise
950 1106 1147 1154 indagari
1157 1108 1267 1154 posse
1275 1106 1471 1145 dubitas?
1480 1107 1646 1145 Verum
1653 1107 1909 1145 utbrevibus
1919 1107 2061 1145 dicam

418 1161 532 1208 qvod
553 1172 620 1198 res
641 1160 712 1197 est:
736 1160 785 1197 In
801 1162 853 1207 iJ's
871 1171 967 1207 qvae
985 1160 1255 1198 observando
1273 1160 1471 1198 Cometae
1488 1172 1514 1198 a
1530 1162 1654 1198 certis
1671 1159 1769 1197 fixis
1789 1159 2060 1207 [inter]cape-

417 1215 539 1252 dines
560 1215 771 1251 annotavi
791 1219 1040 1260 temporum
1061 1216 1308 1257 momentis,
1330 1225 1421 1251 non
1443 1213 1497 1251 est
1519 1214 1749 1251 necessaria
1768 1213 2061 1260 pauculorum

418 1267 695 1314 qvorundam
720 1269 993 1304 minutorum
1020 1268 1220 1314 cognitio,
1247 1266 1454 1314 siqvidem
1480 1269 1613 1314 qvina
1637 1272 1713 1304 aut
1737 1266 1838 1304 sena
1861 1266 2062 1313 scrupula

418 1321 532 1367 (qvae
546 1326 694 1357 tamen
707 1320 908 1363 deviatio,
926 1322 971 1357 in
983 1322 1092 1357 meis
1105 1319 1476 1363 annotationibus,
1493 1320 1747 1358 nullatenus
1759 1320 1976 1357 commissa
1988 1318 2060 1365 est)

418 1376 461 1411 in
480 1374 634 1420 qvibus
650 1373 719 1410 vel
736 1384 812 1420 per
828 1372 917 1419 ipsa
933 1372 1164 1420 horologia
1180 1372 1357 1416 affabre,
1380 1378 1427 1410 ut
1447 1373 1612 1421 fingula
1632 1375 1803 1410 minuta
1824 1372 2060 1415 ostendant,

418 1426 653 1469 elaborata,
679 1428 862 1463 minime
885 1426 1078 1464 aberrari
1104 1426 1248 1473 potest,
1275 1426 1463 1464 nostram
1485 1428 1775 1474 pragmatiam
1798 1428 1843 1463 in
1867 1425 2061 1463 eruenda

417 1492 493 1527 per
516 1479 735 1517 distantias
757 1491 783 1517 a
806 1479 904 1516 fixis
926 1479 1124 1517 Cometae
1148 1479 1379 1523 Parallaxi,
1403 1479 1514 1517 nihil
1536 1479 1837 1517 interturbant.
1862 1479 1961 1525 Qvo
1984 1489 2060 1516 no-

418 1535 535 1570 mine
557 1535 688 1570 etiam
710 1543 808 1570 eam
828 1538 1038 1579 tanqvam
1059 1534 1241 1570 minime
1258 1534 1394 1570 errori
1411 1533 1650 1571 obnoxiam
1666 1538 1706 1570 et
1722 1532 2061 1580 probabiliorem

418 1588 580 1629 ceteris,
603 1597 699 1632 qvae
716 1591 964 1633 temporum
981 1585 1239 1623 exactissima
1254 1591 1480 1624 momenta
1496 1588 1720 1633 reqvirunt
1737 1587 1920 1633 cognita,
1942 1590 2060 1623 ante-

418 1639 642 1677 ferendam
663 1639 780 1676 duxi.
802 1639 968 1676 Verum
988 1639 1063 1676 ubi
1084 1651 1137 1676 ex
1157 1638 1407 1676 Azimuthis
1429 1639 1466 1676 &
1487 1639 1788 1677 altitudinibus
1810 1650 1887 1686 per
1909 1638 2061 1676 datum

417 1695 624 1739 temporis
645 1692 925 1729 intervallum
947 1692 1197 1730 Parallaxes
1218 1693 1352 1730 modo
1374 1692 1721 1740 Regiomontani‚
1745 1692 1815 1729 vel
1837 1693 1991 1739 qvovis
2014 1691 2059 1728 fi-

418 1746 510 1782 mili
532 1745 804 1792 inqvirendae
828 1747 1022 1787 veniunt,
1049 1745 1177 1793 longe
1201 1745 1289 1783 alia
1311 1747 1422 1783 ratio
1446 1745 1517 1789 est;
1543 1746 1629 1784 illic
1656 1747 1773 1783 enirn
1799 1756 1889 1782 non
1911 1744 2060 1782 saltem

419 1800 550 1835 unius
566 1800 723 1836 minuti
739 1800 958 1845 temporis,
980 1798 1049 1836 sed
1070 1810 1315 1846 paucorum
1334 1799 1623 1837 secundorum
1643 1799 1869 1842 frustratio,
1890 1799 2060 1835 veritati

419 1851 703 1889 enucleandae
726 1852 1040 1899 impedimento
1064 1851 1130 1889 est.
1154 1853 1297 1898 Atqve
1319 1863 1371 1890 ea
1391 1853 1443 1890 de
1465 1853 1603 1890 caussa
1623 1852 1720 1899 alijs
1741 1854 1787 1889 in
1809 1857 1899 1889 tam
1919 1850 2059 1888 subtili

419 1907 591 1952 negotio
613 1917 665 1942 ex
686 1904 985 1942 altitudinibus
1006 1904 1209 1947 fixarum,
1231 1910 1307 1942 aut
1328 1907 1459 1943 etiam
1476 1905 1732 1953 Horologijs
1748 1910 1947 1951 tempora
1962 1903 2060 1941 satis

419 1957 592 2004 praecise
608 1960 749 1995 metiri
766 1969 857 1995 non
874 1958 1078 1995 concedo.

472 2010 605 2047 Porro
626 2016 672 2048 ut
692 2011 879 2048 validius
901 2011 1089 2048 nostram
1110 2011 1523 2049 demonstrationem
1540 2008 1554 2061 ΙΙ
1570 2011 1793 2059 infringas,
1817 2011 1957 2048 asseris
1977 2009 2059 2048 sec·
2088 2015 2144 2046 14r

419 2065 549 2100 tionis
570 2064 780 2110 angulum
802 2064 930 2101 DCE
947 2076 1040 2111 pag.
1059 2065 1117 2101 114
1135 2076 1225 2102 non
1246 2070 1467 2111 repertum
1487 2076 1629 2112 neqve
1651 2076 1753 2102 eum
1774 2064 1964 2102 eundem
1985 2063 2060 2101 esse

421 2127 518 2153 cum
536 2117 697 2163 angulo
715 2116 850 2154 GCK
866 2128 960 2164 pag.
978 2118 1048 2161 112,
1071 2120 1172 2164 qvia
1189 2117 1317 2155 DCE
1334 2129 1461 2156 arcus
1482 2118 1643 2156 ibidem
1665 2122 1950 2165 apparentem
1968 2127 2059 2154 mo-

420 2174 511 2205 tum
531 2169 818 2216 repraesentat,
841 2170 967 2207 FCG
983 2182 1088 2207 vero
1104 2182 1198 2218 pag.
1217 2171 1276 2208 114
1292 2183 1447 2209 verum
1464 2171 1662 2209 Cometae
1679 2169 1856 2209 ductum
1874 2169 2060 2213 exhibet,

420 2221 603 2268 ideoqve
627 2222 755 2259 DCE
779 2234 872 2269 pag.
898 2223 968 2266 114,
996 2235 1080 2269 qvo
1104 2223 1355 2262 Parallaxin
1381 2226 1573 2272 exqviro,
1600 2235 1690 2262 non
1717 2224 1792 2261 esse
1818 2225 2059 2261 inventum.

421 2274 532 2311 Haec
549 2275 722 2321 qvidem
739 2275 835 2312 satis
852 2276 1036 2322 captiose
1053 2288 1079 2314 a
1095 2282 1135 2314 te
1151 2283 1470 2323 proponuntur,
1486 2289 1641 2315 verum
1653 2277 1682 2314 fi
1694 2278 1788 2324 qvis
1800 2277 1947 2314 dextre
1960 2287 2060 2313 con-

420 2327 569 2364 sideret
587 2339 650 2370 ea,
668 2339 764 2374 qvae
781 2340 806 2365 a
823 2340 916 2375 pag.
932 2329 982 2366 96
999 2341 1135 2375 usqve
1152 2332 1197 2366 in
1214 2331 1477 2378 completam
1493 2331 1561 2368 102
1569 2338 1618 2355 ³¹¹¹
1635 2342 1661 2368 a
1677 2330 1803 2368 nobis
1819 2329 2062 2367 luculenter

421 2380 709 2418 demonstrata
734 2380 840 2422 sunt,
868 2382 1099 2419 Cometam
1124 2383 1323 2421 videlicet
1347 2390 1437 2422 toto
1462 2384 1538 2422 suo
1564 2384 1806 2422 durationis
1832 2381 2059 2425 curriculo,

421 2433 610 2470 eundem
638 2433 803 2480 semper
831 2434 1041 2471 circulum
1069 2437 1315 2474 maximum
1343 2437 1580 2485 defignasse,
1609 2448 1690 2474 nec
1717 2437 1771 2474 ab
1799 2436 1882 2473 hoc
1907 2435 1991 2473 five
2015 2436 2062 2472 in

420 2485 562 2523 altiori
585 2486 669 2523 five
694 2487 915 2524 decliviori
939 2487 1016 2524 fitu
1039 2487 1286 2526 sensibiliter
1309 2502 1505 2537 unqvam
1529 2489 1790 2532 exorbitasse,
1814 2488 1939 2527 facile
1960 2499 2060 2526 con-

1928 2540 2059 2585 cedet,

2101 798 2131 823 10

2103 1065 2133 1089 15

2099 1330 2132 1355 20

2098 1596 2131 1621 25

2098 1861 2132 1886 30

2098 2127 2132 2152 35

2098 2392 2132 2417 40
