2209 3213
114 709 178 740 254

135 821 166 845 lo

135 1086 165 1111 15

132 1351 165 1376 20

132 1617 165 1642 25

133 1883 166 1908 30

133 2149 166 2174 35

115 2250 179 2281 255

133 2415 167 2440 40

522 227 1042 266 RECENTIORIBUS
1063 227 1521 265 PHAENOMENIS
1776 227 1844 264 213

203 335 350 371 minus
370 335 507 376 certis,
529 332 566 370 8(
588 333 1041 371 Demonstrationibus
1062 333 1117 371 ob
1138 333 1180 370 id
1201 345 1292 370 non
1315 333 1412 370 satis
1434 337 1527 370 tuto
1550 332 1617 370 his
1640 332 1844 374 fundatis,

203 387 565 428 asseuerauerunt‚
591 388 636 423 in
659 386 853 424 medium
877 387 1062 429 adducit,
1089 386 1292 433 equidem
1316 388 1499 423 omnino
1522 385 1561 423 se
1585 388 1644 423 ita
1668 385 1844 428 habere,

203 450 335 476 nemo
360 439 603 486 intelligens
627 441 688 476 ire
713 441 868 486 poterit
897 439 1078 477 inficias.
1109 439 1228 476 Nam
1252 438 1643 476 WINCKLERVS
1672 438 1845 485 prorsus

203 492 349 530 aliena
374 491 412 529 8(
437 491 621 529 absurda
646 493 878 539 proposuit.
905 492 1157 530 NOLTHII
1184 492 1522 530 Obseruationes
1547 494 1694 529 minus
1719 497 1846 529 certae

204 550 338 582 erant.
364 545 722 582 Aristoteleorum
747 546 801 583 ab
827 545 1017 592 ipsorum
1042 545 1324 591 Praeceptoris
1350 544 1640 588 Authoritate‚
1667 544 1704 581 &
1731 544 1847 583 Coeli

203 602 335 641 tanta,
357 602 400 635 vt
420 599 466 635 in
486 610 539 635 eo
560 597 670 635 nihil
691 600 799 636 noui
819 600 1017 646 generari
1037 599 1166 645 possit,
1190 597 1465 645 perfectione,
1489 598 1699 635 deriuatae
1722 609 1846 645 argu-

202 652 505 693 mentationes,
531 650 742 697 fiquidem
765 663 865 689 cum
888 651 977 698 ipsa
1000 653 1268 698 experientia
1291 663 1381 688 non
1405 651 1689 693 consentiunt,
1715 653 1846 688 irritae

203 704 454 741 redduntur.
472 700 486 753 ΙΙ
503 704 543 741 Α
560 704 747 742 sensibus
764 706 881 741 enim
898 706 1039 751 prima
1055 716 1202 741 rerum
1218 706 1418 751 cognitio,
1436 704 1504 741 vel
1521 704 1609 750 ipso
1622 703 1847 741 Aristotele

202 757 312 799 teste,
330 757 595 795 desumenda
608 759 738 795 venit.
756 758 887 795 Hanc
899 760 945 794 in
957 757 1244 795 Cometarum
1260 756 1626 804 generationibus
1644 759 1737 794 eius
1754 757 1846 794 sub-

202 809 348 847 tilibus
369 812 635 857 argumentis
656 810 753 848 satis
774 811 999 848 euidenter
1017 810 1236 857 refragari,
1258 810 1287 846 11
1308 815 1435 847 certae
1452 809 1744 847 adhibeantur
1761 810 1846 847 Ob-

202 862 481 906 seruationes,
507 863 683 910 illaeque
710 863 986 901 Geometrice
1012 863 1156 900 debito
1182 863 1315 900 modo
1341 863 1656 910 expendantur,
1683 864 1846 900 certissi-

202 927 325 953 mum
351 916 519 954 euadet.
547 916 665 963 Quia
686 928 791 953 vero
815 916 852 953 &
876 928 954 963 ego
978 928 1069 953 non
1091 915 1240 953 13116111
1265 915 1438 959 110111111,
1465 927 1576 962 quos
1599 915 1847 953 Moestlinus

202 968 375 1015 profert,
396 969 466 1006 sed
487 969 677 1006 aliorum
697 971 828 1007 etiam
849 969 1018 1016 placita,
1040 971 1115 1015 qui
1133 969 1365 1006 Cometam
1386 968 1503 1006 hunc
1526 968 1848 1006 Elementarem

202 1021 317 1059 fuisse
330 1024 496 1069 opinati
507 1022 614 1065 sunt,
630 1022 888 1069 expendere,
901 1022 939 1059 8(
951 1027 1168 1069 quatenus
1180 1033 1280 1059 cum
1293 1021 1381 1069 ipsa
1393 1022 1583 1059 Veritate
1596 1021 1848 1059 nullatenus

203 1074 483 1119 consentiant,
504 1075 652 1121 palam
673 1075 894 1112 ostendere
915 1075 1101 1117 decreui,
1123 1075 1228 1112 nolo
1245 1074 1328 1112 hoc
1344 1074 1441 1112 loco
1458 1075 1620 1112 diutius
1636 1074 1704 1111 his
1721 1086 1847 1122 exag-

201 1128 402 1175 gerandis
427 1130 665 1166 immorari.
692 1128 841 1165 Vnum
866 1128 1016 1166 saltem
1041 1128 1214 1170 addam,
1240 1127 1358 1165 velut
1384 1130 1515 1165 etiam
1540 1129 1660 1174 prius
1685 1128 1847 1171 asserui‚

202 1180 412 1225 videlicet,
429 1182 547 1228 quod
563 1181 811 1219 Moestlinus
828 1181 1039 1228 quosdam
1052 1181 1259 1219 Cometas
1276 1180 1524 1218 existimarit
1537 1181 1847 1224 Elementares‚

203 1234 413 1281 quosdam
429 1246 534 1272 vero
545 1234 790 1278 AEthereos,
807 1234 850 1272 id
866 1234 975 1272 mihi
989 1234 1189 1272 videatur
1204 1236 1348 1281 potius
1365 1234 1555 1271 aliorum
1566 1233 1848 1277 Authoritati‚

203 1287 241 1325 8(
256 1287 493 1334 praesertim
510 1288 845 1335 Regiomontani
862 1293 992 1334 atque
1004 1288 1205 1335 Vogelini
1219 1287 1608 1325 Obseruationibus
1626 1287 1753 1333 (quas
1770 1299 1849 1334 ego

203 1342 350 1378 minus
362 1346 499 1378 certas
511 1340 626 1378 fuisse
642 1341 800 1384 iudico,
818 1340 856 1378 8(
872 1341 948 1378 suo
964 1341 1061 1378 loco
1078 1341 1120 1378 id
1137 1343 1196 1378 ita
1212 1341 1288 1378 esse
1304 1340 1437 1378 fidem
1453 1340 1629 1386 faciam)
1646 1339 1847 1383 tribuere,

203 1405 338 1440 quam
357 1393 434 1440 ipfi
454 1394 624 1432 coelitus
645 1393 841 1432 dedudtae
858 1394 1162 1441 Experientiae.
1185 1394 1274 1441 Ego
1295 1396 1525 1431 materiam
1547 1395 1747 1431 omnium
1765 1393 1848 1431 Co-

202 1451 419 1485 metarum
440 1447 612 1494 prorsus
629 1447 861 1485 Coelestem
877 1448 953 1485 esse
970 1448 1127 1489 iudico,
1148 1447 1358 1494 siquidem
1378 1449 1508 1484 etiam
1526 1458 1680 1484 omnes
1696 1448 1743 1484 in
1758 1446 1848 1493 ipso

203 1500 333 1538 Coelo
349 1506 623 1547 generantur.
641 1501 766 1538 Vnde
782 1512 888 1538 vero
904 1500 1000 1538 haec
1016 1502 1200 1538 materia
1216 1500 1300 1537 illis
1316 1502 1361 1537 in
1373 1500 1583 1537 AEtherea
1596 1500 1756 1537 Mundi
1770 1500 1847 1537 Re-

203 1555 331 1600 gione
347 1553 554 1600 suppetat,
572 1553 610 1591 8(
627 1554 851 1600 quomodo
868 1553 954 1591 illic
970 1558 1264 1601 procreentur,
1285 1553 1361 1591 suo
1380 1553 1477 1590 1060
1494 1555 1539 1590 111
1556 1552 1848 1591 Conclufione

204 1606 242 1643 8(
254 1606 436 1654 Epilogo
447 1609 579 1644 totius
590 1606 722 1644 huius
735 1607 892 1654 Operis
903 1618 1049 1644 meam
1061 1607 1317 1645 sententiam
1334 1618 1566 1653 exponam.
1585 1606 1762 1643 Interim
1778 1608 1847 1652 pie

204 1659 242 1697 8(
257 1659 394 1697 sobrie
407 1660 680 1697 Moestlinum
696 1660 849 1698 sentire
866 1660 1024 1704 iudico,
1042 1662 1117 1707 qui
1133 1661 1464 1707 omnipotentiae
1477 1659 1657 1697 Diuinae
1674 1659 1754 1697 has
1770 1661 1848 1696 mi—

203 1712 422 1750 raculosas
444 1713 766 1751 Generationes
785 1714 1036 1751 immediate
1057 1713 1236 1757 ascribit,
1258 1713 1296 1750 8(
1316 1715 1361 1750 111
1382 1718 1552 1750 naturae
1573 1712 1741 1750 secretis
1763 1712 1847 1750 Co-

203 1770 342 1804 metas
360 1768 542 1813 reponit.
565 1766 954 1812 Quemadmodum
975 1766 1060 1814 ipse
1078 1768 1209 1804 etiam
1227 1766 1599 1813 Regiomontanus
1614 1765 1772 1803 senfisse
1788 1767 1848 1802 vi-

203 1819 340 1863 detur,
368 1819 474 1857 dum
499 1819 717 1857 concludit
741 1819 863 1857 suam
890 1819 1253 1858 Obseruationem
1278 1819 1476 1857 Cometae
1502 1820 1622 1856 Anni
1648 1819 1754 1861 1475,
1780 1818 1848 1856 1115

203 1872 362 1910 verbis:
385 1872 520 1910 Nulla
543 1873 753 1919 impressio
770 1874 915 1910 Aerea
934 1872 1066 1920 potest
1087 1884 1140 1910 ex
1160 1872 1434 1910 naturalibus
1455 1872 1591 1910 caufis
1608 1871 1847 1909 exhalatio-

203 1937 311 1963 num
332 1925 727 1969 flammiuorarum,
750 1925 945 1964 sufficere
965 1928 1196 1964 materiam
1218 1926 1416 1964 Cometae
1436 1925 1572 1972 spatio
1593 1927 1721 1963 vnius
1742 1927 1849 1963 anni

204 1978 364 2026 (qualis
379 1979 452 2016 ille
467 1984 569 2022 erat,
587 1991 719 2026 quern
730 1979 937 2026 Iosephus
950 1979 1168 2017 excidium
1180 1978 1632 2026 Hierosolymitanum
1643 1990 1848 2026 praenun-

204 2033 323 2070 ciasse
343 2032 532 2078 testatur)
553 2032 623 2069 sed
643 2034 826 2070 veniunt
843 2033 1042 2070 Cometae
1063 2044 1116 2070 ex
1137 2032 1315 2070 occultis
1336 2031 1472 2070 6311115
1493 2037 1676 2075 naturae‚
1697 2033 1742 2069 in
1761 2043 1849 2078 qua

204 2085 427 2123 Sententia
443 2085 498 2123 est
514 2085 694 2123 Messala
709 2086 864 2123 Arabs.
886 2086 999 2123 Haec
1014 2085 1103 2123 ille:
1121 2085 1205 2123 Sed
1221 2085 1274 2123 de
1290 2085 1358 2123 his
1374 2097 1492 2123 nunc
1508 2085 1592 2123 hoc
1608 2085 1705 2122 loco
1721 2084 1849 2132 plura

203 2149 295 2176 non
317 2139 490 2182 addam,
514 2138 723 2185 fiquidem
746 2141 792 2176 in
812 2139 963 2176 vltimo
986 2141 1117 2176 totius
1138 2139 1255 2177 Libri
1276 2139 1458 2186 Epilogo
1480 2138 1539 2185 (vt
1559 2138 1666 2184 dixi)
1690 2138 1742 2176 de
1765 2137 1849 2175 hoc

203 2193 378 2239 negotio
395 2203 447 2229 ex
463 2191 642 2239 professo
659 2191 851 2238 (fauente
868 2191 1068 2238 numine)
1085 2191 1260 2230 361111115
1276 2191 1381 2229 sum.
1399 2188 1413 2242 ΙΙ

257 2244 468 2282 CAPITE
480 2244 723 2291 QVINTO,
740 2245 923 2283 modum
935 2245 1158 2292 quendam
1169 2247 1374 2292 proponit
1385 2245 1646 2288 Moestlinus,
1659 2256 1747 2291 quo
1760 2244 1848 2282 abs-

204 2309 289 2345 que
302 2298 597 2336 Instrumentis
607 2298 881 2336 Mechanicis
891 2298 1093 2336 Siderum
1104 2298 1201 2336 loca
1212 2298 1433 2336 obseruari
1445 2299 1675 2336 commode
1687 2298 1848 2345 possint,

203 2350 353 2389 saltem
369 2351 452 2389 hac
468 2351 663 2389 adhibita
679 2351 1035 2396 confideratione,
1055 2357 1099 2389 vt
1115 2352 1243 2390 Sidus
1260 2351 1583 2390 obseruandum
1599 2353 1645 2388 in
1660 2351 1785 2389 binas
1802 2350 1848 2387 11-

204 2415 310 2442 11635
322 2403 458 2443 166135
470 2405 696 2449 coincidat,
709 2417 735 2442 a
747 2410 936 2452 quatuor
947 2405 1124 2443 diuersis
1136 2405 1232 2453 alijs
1244 2405 1386 2444 Stellis
1397 2404 1670 2443 transuerfim
1683 2403 1848 2445 ductas:

204 2457 322 2504 quod
342 2469 418 2505 per
438 2457 563 2496 filum
579 2460 625 2495 in
641 2457 851 2496 diredium
868 2458 1009 2496 Stellis
1024 2458 1183 2496 talibus
1199 2458 1452 2506 expositum,
1474 2458 1691 2505 oculoque
1713 2457 1848 2504 appli-

204 2515 361 2555 catum,
379 2513 761 2558 experimentatur.
779 2511 861 2549 Etfi
872 2523 977 2549 vero
989 2511 1084 2549 haec
1097 2511 1485 2550 Obseruandorum
1497 2511 1698 2549 Siderum
1711 2510 1848 2551 Ratio,

1758 2567 1850 2600 vtut
