2209 3213
100 815 129 840 10

88 915 142 947 13r

102 1081 131 1106 15

98 1346 130 1371 20

97 1612 129 1637 25

97 1878 130 1902 30

97 2143 129 2168 35

97 2408 130 2433 40

88 2509 146 2540 13ν

419 219 509 257 AD
532 218 845 258 CRAIGUM
866 217 1138 256 SCOTUM
1161 217 1244 255 DE
1266 215 1554 255 COMETIS
1730 215 1807 253 433

169 325 383 365 convellit.
406 325 496 363 Illic
513 327 631 362 enim
648 324 880 362 confundis
897 328 1067 361 motum
1083 328 1369 370 apparentem
1386 323 1627 369 utrobiqve,
1649 333 1746 369 qvae
1762 321 1808 359 fit

168 381 335 418 ratione
345 378 625 416 Parallaxeos
636 378 673 415 &
682 383 827 415 motus
836 378 996 424 proprij
1004 407 1012 420 ,
1025 388 1133 423 qvos
1143 388 1221 424 ego
1232 378 1420 414 invicem
1430 375 1636 419 discerne,
1650 386 1808 412 unum-

168 443 248 480 qve
270 432 323 470 ab
345 431 481 469 altero
502 430 678 478 singulis
699 429 1026 477 circumstantijs
1048 430 1159 467 bene
1180 430 1432 476 ponderatis
1452 428 1639 466 liberum
1661 428 1807 466 reddo.

167 486 321 532 Neqve
341 487 387 522 in
407 495 508 522 mea
528 482 782 522 collec‘tione
799 483 851 520 de
867 483 1003 520 tribus
1019 482 1088 520 vel
1105 488 1291 529 qvatuor
1306 482 1582 519 solummodo
1598 481 1809 528 scrupulis

167 538 222 577 est
238 537 425 585 qvaestio‚
443 548 540 584 qvae
554 542 601 574 tu
615 548 706 574 non
718 538 881 584 injuria
892 547 993 573 cum
1005 537 1171 573 caeteris
1183 535 1467 579 Astronomis,
1485 537 1556 582 qvi
1568 534 1808 581 puerilibus

166 596 347 629 utuntur
362 590 666 633 instrumentis,
688 588 947 627 insensibilia
964 589 1123 626 dixeris
1146 588 1277 635 (qvod
1294 594 1443 626 tamen
1459 599 1486 625 a
1501 588 1652 625 nostris
1669 587 1807 625 obser—

165 643 427 686 vationibus,
445 655 551 690 qvas
568 645 614 680 in
630 642 823 689 aliqvota
839 644 971 679 unius
987 643 1145 679 minuti
1158 647 1292 688 parte,
1310 640 1421 679 red‘te
1434 641 1473 679 se
1486 641 1647 679 habere
1661 641 1715 678 ob
1729 641 1808 679 Or-

165 708 381 745 ganorum
398 696 756 743 exqvifitissimam
773 693 1090 733 confectionem
1107 694 1459 741 divifionemqve,
1479 699 1572 732 tum
1589 696 1720 731 etiam
1737 705 1807 731 eo-

166 751 352 788 rundem
378 751 551 796 copiam
575 761 667 787 non
692 748 944 791 diffidimus,
970 747 1098 795 longe
1121 747 1241 793 abfit)
1265 747 1335 785 sed
1358 748 1410 785 de
1434 752 1586 794 qvarta
1610 749 1808 794 proxime

165 803 324 851 gradus
344 808 478 850 parte,
500 814 631 849 qvam
653 813 729 849 per
745 801 1032 838 Instrumenta
1052 812 1152 838 mea
1172 812 1263 838 non
1284 800 1523 838 discernere
1543 802 1808 837 caecutientis

165 859 309 904 potius
326 857 430 900 esset‚
448 867 580 902 qvam
597 855 784 893 coelestia
800 855 1020 897 intuentis,
1037 853 1245 900 fiqvidem
1256 856 1301 891 in
1313 853 1393 896 his,
1410 853 1644 900 neqvidem
1656 859 1808 900 qvarta

166 911 298 948 unius
309 911 466 947 minuti
476 905 491 958 ΙΙ
501 914 621 956 parte
633 909 826 946 aberrari
838 907 982 954 potest,
995 906 1190 944 adhibita
1202 911 1405 944 accurata
1417 906 1806 944 animadversione.

166 962 294 1010 Qvod
307 962 335 1000 fi
348 961 534 1000 Cometa
549 961 620 999 iste
637 961 881 999 sublunaris
899 960 1099 1004 extitisset,
1117 960 1228 997 adeo
1245 965 1291 997 ut
1303 961 1428 1007 juxta
1443 965 1519 997 tua
1533 959 1807 1006 aliorumqve

168 1015 445 1063 qvorundam
461 1014 618 1052 sinistre
629 1015 924 1062 judicantium
939 1013 1110 1060 placita,
1129 1015 1271 1060 prima
1287 1012 1587 1050 observatione
1604 1012 1809 1050 habuisset

168 1071 213 1107 in
230 1068 391 1106 circulo
407 1068 601 1106 verticali
617 1067 868 1106 Parallaxin
884 1068 1082 1114 proxime
1101 1077 1191 1113 par.
1208 1067 1245 1109 5,
1267 1068 1414 1112 utiqve
1432 1068 1476 1103 in
1493 1065 1692 1109 secunda,
1710 1077 1810 1103 cum

168 1122 386 1165 declivior,
399 1121 587 1160 eandem
596 1132 672 1168 per
686 1135 697 1160 3
710 1122 841 1158 unius
851 1120 1009 1167 gradus
1019 1120 1205 1163 auxisset‚
1216 1118 1403 1165 hincqve
1413 1119 1671 1165 seqveretur,
1682 1118 1809 1165 qvod.

168 1175 331 1213 etiamsi
350 1179 474 1212 motu
494 1176 671 1222 proprio
693 1174 748 1212 ad
765 1185 814 1211 os
830 1172 975 1220 Pegafi
995 1172 1227 1210 intervallo
1244 1172 1267 1209 3
1283 1171 1495 1209 horarum
1516 1183 1592 1219 per
1611 1177 1810 1218 qvartam

167 1229 325 1276 gradus
348 1233 516 1275 partem
539 1228 765 1269 accessisset‚
791 1226 1082 1264 nihilominus
1105 1225 1239 1272 paulo
1262 1225 1360 1272 plus
1386 1227 1552 1272 integro
1575 1225 1711 1272 gradu
1734 1236 1811 1271 per

167 1281 417 1320 Parallaxin
432 1283 478 1318 in
494 1280 796 1318 antecedentia
810 1279 1057 1326 retrograde
1080 1283 1340 1316 cerneretur.
1363 1278 1473 1323 Qvae
1495 1278 1595 1315 sane
1617 1278 1810 1325 regressio

167 1340 287 1373 tanta
307 1334 428 1378 foret,
452 1339 498 1372 ut
520 1334 610 1371 solo
632 1335 802 1377 intuitu,
827 1332 1060 1370 collatione
1082 1332 1137 1369 ad
1158 1333 1324 1369 vicinas
1347 1331 1457 1369 fixas
1480 1329 1604 1373 facta,
1629 1330 1809 1368 discerni

166 1388 304 1435 posset‚
321 1388 486 1425 nedum
497 1394 543 1425 ut
555 1386 851 1424 Instrumentis
864 1384 1130 1423 exactissimis
1144 1396 1235 1422 non
1251 1384 1683 1422 animadverteretur.
1701 1384 1810 1421 Vide

166 1443 322 1488 itaqve‚
343 1443 389 1479 in
410 1446 619 1488 qvantam
640 1439 949 1478 absurditatem
970 1443 1016 1476 tu
1038 1437 1075 1475 8(
1096 1438 1183 1485 alij.
1206 1440 1278 1485 qvi
1299 1437 1549 1475 Parallaxin
1570 1438 1593 1475 5
1614 1449 1704 1484 par.
1726 1437 1810 1474 Co-

166 1499 293 1532 metae
322 1505 553 1541 perperam
578 1493 811 1531 attribuere
839 1504 931 1530 non
956 1491 1187 1534 dubitastis,
1213 1493 1377 1528 incauti
1399 1490 1705 1538 prolabamini.
1732 1490 1810 1527 Re-

166 1547 372 1595 cognosce
398 1549 542 1594 itaqve
568 1547 815 1594 diligentius
842 1557 906 1588 ea,
933 1556 1030 1592 qvae
1055 1556 1082 1582 a
1106 1556 1176 1581 me
1202 1544 1373 1591 prolata
1397 1543 1508 1587 sunt;
1539 1543 1705 1581 videbis
1730 1545 1809 1580 uti-

167 1612 248 1648 qve
271 1600 459 1638 nostram
483 1598 798 1643 collectionem,
824 1610 909 1646 qva
932 1610 1025 1636 rem
1049 1609 1228 1635 omnem
1251 1600 1295 1635 in
1319 1597 1565 1640 absurdum,
1590 1596 1619 1633 fi
1641 1596 1711 1633 vel
1733 1596 1807 1633 sub

165 1653 254 1702 ipso
271 1665 466 1692 concavo
482 1653 664 1701 sphaerae
682 1653 868 1690 Lunaris
886 1652 1075 1689 extitisset
1092 1651 1290 1693 Cometa,
1308 1650 1473 1688 nedum
1489 1652 1535 1687 in
1551 1649 1648 1687 loco
1665 1649 1809 1687 adhuc

165 1707 303 1745 multo
324 1706 450 1744 nobis
470 1708 784 1754 propinqviori‚
808 1705 1084 1747 deduximus,
1105 1704 1203 1741 satis
1224 1703 1379 1741 validis
1401 1705 1479 1741 niti
1499 1702 1808 1746 fundamentis,

166 1765 206 1798 et
221 1772 285 1803 ea,
307 1772 404 1807 qvae
425 1759 493 1797 his
510 1759 843 1798 demonstrative
860 1769 1083 1805 opponere
1101 1757 1313 1800 elaboras,
1335 1756 1432 1794 licet
1449 1756 1716 1804 eJ'uscemodi
1733 1756 1808 1793 esse

165 1814 386 1860 praedices,
410 1818 456 1851 ut
479 1825 505 1851 a
528 1815 705 1850 nemine
728 1811 940 1850 hactenus
963 1810 1265 1848 animadversa
1288 1810 1376 1853 fint,
1403 1812 1550 1847 minus
1573 1808 1807 1851 consistere,

166 1866 404 1913 nostraeqve
420 1868 652 1904 intentioni
668 1865 706 1903 8(
722 1866 914 1902 veritatis
932 1862 1104 1902 invictae
1121 1864 1333 1901 assertioni
1349 1862 1460 1900 nihil
1476 1863 1696 1909 derogare.

218 1919 389 1967 Repetis
400 1919 545 1967 postea
556 1930 706 1956 meum
719 1917 908 1962 ductum,
927 1928 1055 1964 qvem
1068 1918 1144 1959 ais,
1162 1916 1403 1954 admodum
1416 1917 1706 1962 interruptum
1719 1915 1807 1957 esse‚

166 1973 208 2010 id
224 1973 338 2020 qvod
354 1973 430 2010 tibi
446 1972 673 2010 oscitanter
690 1971 798 2009 forte
816 1973 967 2008 omnia
983 1971 1264 2017 percurrenti,
1287 1975 1326 2007 et
1345 1980 1444 2006 earn
1461 1980 1593 2016 qvam
1609 1967 1808 2006 adhibui-

165 2037 263 2063 mus
281 2026 549 2074 diligentiam
565 2037 657 2063 non
673 2024 920 2073 agnoscenti
937 2023 989 2061 fic
1006 2023 1143 2061 videri
1165 2024 1331 2070 poterit,
1354 2022 1462 2060 forte
1484 2023 1615 2059 etiam
1637 2026 1677 2059 et
1698 2021 1807 2068 alijs,

165 2078 371 2126 fiqvidem
386 2079 688 2117 Phaenomeno
705 2078 852 2125 aliqvo
869 2083 1039 2114 motum
1055 2078 1282 2123 proprium
1299 2076 1533 2119 obtinente,
1552 2074 1676 2112 nulla
1692 2079 1808 2121 patet

166 2131 342 2179 fimplex
353 2132 423 2170 vel
434 2134 553 2180 regia
564 2133 619 2170 ad
631 2131 930 2169 Parallaxium
943 2130 1294 2168 enucleationem
1306 2131 1389 2172 via,
1406 2128 1477 2166 sed
1494 2128 1610 2175 qvas1
1626 2139 1702 2175 per
1718 2139 1807 2165 arn-

165 2184 294 2233 bages
310 2188 461 2223 omnia
478 2185 696 2223 obstacula
713 2190 838 2222 caute
855 2183 1117 2221 declinando
1135 2193 1187 2220 eo
1203 2182 1551 2229 perveniendum
1569 2183 1658 2218 erit.
1679 2180 1807 2227 Qvae-

166 2240 223 2275 ris
239 2241 369 2282 enim,
391 2239 507 2277 unde
525 2238 626 2276 data
642 2244 842 2285 tempora
858 2236 1065 2279 habeam;
1089 2247 1197 2273 num
1215 2247 1267 2273 ex
1284 2235 1511 2273 altitudine
1528 2234 1718 2272 fixarum
1734 2238 1808 2271 aut

167 2302 219 2328 ex
239 2290 505 2340 horologijs?
529 2292 580 2329 Et
600 2291 629 2328 s1
650 2291 715 2334 fic,
738 2302 814 2329 cur
834 2301 925 2327 non
946 2289 1043 2336 alijs
1065 2289 1108 2327 id
1129 2287 1395 2326 concedam?
1419 2288 1599 2325 Numne
1620 2289 1748 2334 igitur
1769 2293 1808 2324 et

165 2349 362 2391 tempora
374 2345 463 2392 ipsa
472 2357 499 2383 a
508 2345 634 2382 nobis
646 2349 870 2387 annotata,
884 2354 1071 2390 qvorum
1083 2344 1271 2389 cognitio
1285 2341 1340 2379 est
1351 2341 1555 2385 facilima,
1569 2343 1614 2378 in
1626 2340 1809 2378 dubium

166 2409 323 2435 vocare
339 2396 591 2445 praesumis?
609 2398 701 2436 Cur
716 2409 808 2435 non
824 2398 970 2444 potius
986 2396 1192 2433 omnibus
1207 2394 1579 2433 observationibus
1594 2393 1726 2431 fidem
1739 2404 1807 2430 ea-

166 2450 266 2488 dem
286 2462 419 2498 opera
440 2450 649 2498 derogas}>
670 2451 739 2488 Sic
761 2452 880 2488 enim
900 2449 998 2487 satis
1018 2454 1145 2486 tuum
1165 2447 1439 2486 Aristotelem
1461 2447 1668 2485 excusasse
1691 2445 1807 2493 apud

167 2505 389 2550 imperitos
410 2504 447 2542 &
468 2506 599 2541 nimis
620 2503 820 2541 credulos
842 2502 1013 2540 videris.
1035 2503 1092 2539 At
1111 2504 1321 2549 qvoniam
1342 2500 1412 2538 hic
1434 2502 1565 2538 etiam
1582 2496 1596 2549 ΙΙ
1613 2499 1807 2540 dubium,

271 2565 304 2590 55
1734 2552 1808 2588 ubi
