2209 3213
420 218 485 255 106
912 213 994 252 DE
1016 213 1241 252 MUNDI
1262 212 1563 252 AETHEREI

418 325 513 360 dern
532 325 698 359 ratione
716 322 769 358 ad
788 321 940 358 Stellas
958 321 1086 358 Fixas
1102 321 1268 367 aliquot
1285 319 1524 366 interlapsis
1541 319 1677 357 Horis
1694 319 1876 363 habitas,
1894 332 1946 357 ex
1963 323 2054 367 qui-

416 378 494 413 bus
508 377 560 417 id.
579 375 695 421 quod
708 386 824 411 nunc
837 372 1010 415 dictum.
1024 373 1466 419 Demonstratumque
1479 372 1546 415 est.
1559 372 1702 410 adhuc
1715 372 1927 420 copiosius
1940 385 2053 411 com-

414 424 716 527 prffiffiltffiiilelz
738 479 886 517 XX1X
908 479 1175 517 Nouembris
1196 479 1254 516 H.
1272 479 1307 517 6.
1325 479 1388 516 M.
1406 479 1468 522 40.
1490 479 1604 516 virus
1625 479 1679 517 est
1697 479 1881 517 Cometa
1902 479 2052 518 distare
2083 487 2137 518 121

412 546 437 571 a
461 534 615 571 Scheat
640 533 794 580 Pegasi,
819 545 894 579 per
918 532 1116 576 Radium,
1141 532 1183 569 P.
1205 532 1267 570 35.
1293 532 1355 569 M.
1378 533 1440 575 45,
1465 531 1502 569 8(
1525 532 1681 570 deinde
1706 532 1833 570 Hora
1853 533 1888 570 9.
1913 532 1976 570 M.
1999 533 2052 576 10,
2092 546 2106 570 5

412 589 541 623 etiam
565 598 640 633 per
665 586 863 627 Radium.
887 586 941 623 ab
965 585 1120 622 eadem
1144 585 1277 623 Stella
1299 585 1475 623 distabat
1499 585 1541 622 P.
1559 585 1620 623 35.
1644 586 1705 623 Μ.
1723 586 1785 623 36.
1811 585 2052 633 Interlapfis

410 642 556 686 itaque
574 640 708 676 Horis
725 639 783 681 21..
805 640 984 685 propius
1005 639 1166 676 accessit
1183 638 1369 676 Cometa
1385 638 1440 676 ad
1457 638 1612 676 Scheat
1629 638 1773 686 Pegafi
1790 638 2000 686 scrupulis
2015 639 2051 677 9.

410 692 474 729 Est
496 699 642 730 autem
663 698 807 729 motus
829 692 1011 729 diurnus
1029 691 1227 729 Cometae
1243 694 1289 729 in
1304 691 1380 729 suo
1398 691 1589 735 Circulo.
1610 703 1745 739 prope
1767 703 1898 738 quem
1920 693 2051 729 etiam

410 744 518 783 dic‘ta
538 746 643 783 Fixa
664 745 912 787 collocatur,
936 745 977 781 Ρ.
995 745 1021 781 1.
1040 744 1102 782 M.
1120 745 1182 788 20,
1204 750 1333 791 prout
1354 756 1406 782 ex
1427 744 1719 792 superioribus
1741 745 1882 792 colligi
1902 744 2049 791 potest;

408 798 518 835 adeo
541 805 583 835 vt
608 803 855 845 competant
878 798 997 835 horis
1020 797 1306 844 sesquitribus,
1331 800 1376 835 in
1399 803 1522 835 motu
1545 798 1792 845 accessuque
1816 798 1870 836 ad
1894 797 2050 836 Scheat
2092 811 2121 836 ιο

407 851 562 898 Pegasi,
584 854 687 888 min.
705 852 747 890 83
768 850 1012 888 differentia
1029 863 1055 888 a
1071 851 1287 898 prioribus
1303 863 1394 888 non
1410 850 1539 898 plene
1556 862 1643 888 vno
1659 851 1872 898 scrupulo,
1894 853 1939 888 in
1959 850 2048 889 sen—

406 904 474 941 sus
496 916 585 941 non
607 907 866 947 incurrente,
890 906 949 942 ita
969 910 1012 941 vt
1034 904 1273 942 Parallaxis
1296 903 1407 941 nihil
1429 915 1540 951 pene
1562 904 1614 942 de
1635 910 1758 942 motu
1780 905 1957 951 proprio
1978 904 2047 942 de-

406 958 569 995 traxisse
594 958 803 995 videatur.
830 957 956 994 Vnde
983 957 1168 995 Cometa
1193 959 1238 994 in
1263 962 1384 995 tanta
1409 957 1605 995 distantia
1628 969 1655 995 a
1676 957 1811 995 Terra
1835 959 1981 1001 extitit,
2005 963 2048 995 vt

406 1010 735 1048 Semidiameter
750 1010 910 1053 Terrae,
933 1010 987 1048 ad
1008 1010 1137 1057 ipsius
1154 1012 1456 1054 remotionem,
1478 1022 1569 1048 non
1590 1010 1791 1048 habuerit
1806 1012 2046 1058 proportio-

405 1066 563 1101 nemin
575 1063 718 1101 sensus
730 1066 1035 1107 incurrentem,
1047 1064 1234 1111 ideoque
1247 1063 1374 1111 longe
1386 1063 1513 1111 supra
1524 1063 1697 1102 Lunam
1709 1065 1754 1101 in
1766 1063 1855 1110 ipso
1867 1063 2046 1101 AEthere
2088 1077 2117 1101 15

407 1116 538 1154 huius
556 1117 753 1154 Cornetae
770 1116 915 1154 cursus
932 1116 1249 1154 absoluebatur.

458 1170 554 1207 Pari
571 1172 738 1208 ratione
755 1170 823 1207 die
840 1170 1055 1217 sequente,
1073 1181 1173 1207 cum
1186 1172 1308 1208 iuxta
1320 1170 1493 1208 Horam
1505 1169 1667 1208 sextam
1680 1170 1847 1208 distaret
1860 1170 2046 1208 Cometa

404 1223 458 1260 ab
481 1223 567 1261 Ore
589 1223 744 1271 Pegasi,
766 1224 807 1260 P.
831 1223 883 1260 10.
906 1223 968 1260 M.
990 1223 1052 1265 25,
1075 1223 1112 1261 &
1133 1223 1290 1261 deinde
1311 1223 1439 1261 Hora
1461 1224 1497 1261 9.
1519 1223 1582 1261 M.
1605 1224 1658 1267 15,
1680 1223 1734 1261 ab
1756 1223 1910 1261 eadem
1930 1223 1972 1260 P.
1990 1223 2043 1261 10.

404 1275 465 1312 M.
485 1277 537 1317 14,
559 1276 797 1323 interlapsis
817 1276 952 1314 tribus
969 1276 1105 1314 Horis
1127 1288 1227 1314 cum
1243 1276 1512 1322 Quadrante.
1534 1279 1714 1324 propius
1735 1277 1895 1314 accessit
1911 1276 1967 1314 ad
1983 1278 2042 1324 ip-

403 1328 492 1366 sam
518 1329 696 1367 Stellam
721 1329 930 1376 scrupulis
955 1330 999 1367 ll.
1031 1329 1147 1367 Cum
1172 1335 1320 1367 autem
1344 1330 1607 1376 praecedenti
1632 1329 1713 1373 die,
1741 1332 1862 1368 iuxta
1887 1329 2044 1368 horam
2081 1341 2115 1366 20

402 1381 576 1424 sextam.
594 1382 782 1420 distiterit
798 1383 851 1420 ab
870 1383 957 1420 Ore
974 1382 1130 1430 Pegasi.
1148 1383 1190 1420 P.
1208 1383 1252 1420 ll.
1270 1382 1333 1420 M.
1350 1382 1413 1426 33,
1434 1388 1550 1430 patet
1567 1383 1684 1430 quod
1700 1388 1844 1421 motus
1861 1383 2044 1420 diurnus

401 1435 546 1472 versus
571 1435 631 1473 Os
656 1435 810 1483 Pegasi,
835 1435 880 1473 sit
901 1436 1037 1473 Partis
1060 1438 1200 1479 vnius,
1224 1438 1328 1473 min.
1350 1436 1386 1474 8.
1408 1436 1533 1474 Vnde
1556 1436 1795 1483 interlapsis
1817 1436 1901 1473 illis
1924 1435 2043 1473 horis

401 1488 581 1526 debebat
605 1491 856 1536 promoueri
880 1489 1089 1536 scrupulis
1111 1489 1170 1531 921»,
1195 1489 1312 1536 quod
1335 1488 1611 1536 sesquialtero
1634 1491 1805 1527 minuto
1828 1489 1958 1536 plane
1979 1490 2041 1526 in-

400 1540 580 1579 sensibili
597 1543 650 1579 ab
669 1542 983 1580 Obseruatione
1001 1541 1153 1580 differt.
1172 1541 1321 1588 Quare
1337 1542 1375 1580 &
1391 1542 1462 1580 hic
1478 1548 1606 1589 patet,
1625 1542 1857 1581 Cometam
1873 1544 2041 1580 ratione

399 1594 691 1637 Parallaxeos.
709 1595 819 1632 nihil
834 1595 923 1633 fere
940 1595 1058 1642 quod
1074 1597 1119 1632 in
1135 1595 1279 1633 sensus
1296 1595 1432 1637 cadat.
1450 1596 1669 1633 detraxisse
1686 1598 1824 1633 motui
1840 1595 1916 1633 suo
1929 1595 2039 1633 ordi·
2079 1607 2111 1631 25

399 1649 537 1691 nario,
550 1646 741 1695 respectu
754 1650 886 1686 centri
896 1648 1096 1692 vniuerli,
1109 1648 1178 1686 sed
1191 1648 1246 1686 ob
1257 1648 1300 1686 id
1311 1650 1357 1686 in
1368 1654 1489 1686 tanta
1497 1648 1612 1686 fuisse
1622 1648 1830 1690 distantia.
1841 1654 1883 1686 vt
1893 1648 2039 1691 Terra,

399 1702 491 1737 eius
508 1700 710 1747 respectu.
728 1703 799 1738 vix
816 1702 1139 1748 perceptibilem
1156 1701 1356 1739 habuerit
1372 1704 1713 1749 proportionem.

452 1753 839 1799 Quemadmodum
850 1757 981 1792 etiarn
991 1755 1059 1792 die
1069 1754 1272 1802 sequente
1283 1755 1410 1792 Hora
1420 1755 1477 1799 71¹..
1491 1754 1669 1793 distabat
1679 1754 1733 1792 ab
1744 1755 1898 1793 eadem
1908 1754 2040 1793 Stella

398 1808 442 1842 in
460 1806 547 1844 Ore
564 1807 719 1854 Pegasi.
737 1807 778 1844 P.
796 1808 831 1845 9.
850 1807 912 1845 M.
931 1808 984 1851 17,
1002 1808 1129 1845 Hora
1145 1819 1250 1845 vero
1266 1808 1312 1847 9}
1328 1808 1382 1845 ab
1400 1808 1566 1852 eadem,
1583 1808 1625 1845 P.
1643 1808 1678 1846 9.
1697 1808 1759 1845 M.
1778 1808 1821 1845 ll.
1840 1808 1901 1845 Ita
1917 1813 1960 1845 vt
1976 1810 2037 1845 in-

397 1859 581 1897 teruallo
598 1860 809 1897 horarum
825 1861 867 1899 2¹.
887 1866 1114 1907 promotus
1130 1860 1175 1898 sit
1191 1860 1400 1908 scrupulis
1416 1861 1451 1899 6.
1475 1861 1678 1908 Cumque
1694 1866 1839 1898 motus
1856 1861 2038 1899 diurnus
2076 1872 2109 1897 30

398 1912 452 1948 ad
469 1913 653 1950 eandem
670 1915 715 1949 in
732 1913 820 1951 Ore
837 1913 992 1961 Pegasi,
1011 1913 1169 1957 existat,
1186 1919 1230 1952 vt
1247 1925 1299 1951 ex
1316 1913 1521 1962 distantijs
1537 1914 1799 1961 praecedenti
1816 1913 1853 1951 &
1869 1913 1953 1951 hoc
1969 1914 2037 1952 die

398 1964 646 2002 Obseruatis
662 1966 828 2012 liquido
845 1972 972 2013 patet,
988 1969 1121 2013 partis
1139 1967 1343 2014 exquisite
1356 1969 1496 2010 vnius,
1514 1969 1729 2014 competit,
1746 1972 1789 2005 vt
1804 1966 2037 2005 interuallo

397 2015 494 2054 dicti
511 2021 717 2065 temporis
733 2025 966 2057 moueatur
982 2020 1190 2067 scrupulis
1207 2022 1405 2067 proxime
1422 2020 1457 2063 6,
1478 2020 1595 2067 quod
1613 2020 1817 2067 exquifite
1835 2031 1934 2058 cum
1951 2019 2036 2058 Ob-

395 2070 638 2108 seruatione
662 2072 750 2118 ipsa
774 2072 991 2114 consentit.
1016 2073 1129 2110 vnde
1153 2085 1203 2111 ea
1228 2069 1242 2123 ΙΙ
1266 2085 1366 2120 quae
1389 2075 1508 2120 prius
1531 2074 1733 2117 diximus,
1757 2075 1869 2111 circa
1893 2073 2036 2111 Paral-
2065 2079 2125 2111 122

395 2123 544 2161 laxeos
562 2124 936 2167 insensibilitatem,
954 2126 1132 2163 vlterius
1149 2127 1498 2164 corroborantur.
2074 2138 2107 2163 35

449 2176 541 2214 Nec
554 2177 677 2214 aliter
689 2178 757 2214 die
769 2178 870 2215 XIII
884 2178 1150 2221 Decembris,
1169 2179 1296 2217 Hora
1308 2179 1342 2217 7.
1356 2181 1460 2217 min.
1472 2179 1535 2223 40,
1554 2191 1653 2217 cum
1670 2179 1838 2217 distaret
1851 2179 2035 2217 Cometa

395 2240 420 2265 a
437 2229 592 2267 Scheat
610 2230 764 2277 Pegasi,
782 2231 823 2267 P.
841 2231 902 2268 22.
921 2231 983 2268 M.
1002 2232 1055 2273 18,
1073 2231 1110 2269 8(
1126 2232 1283 2269 deinde
1300 2232 1428 2270 Hora
1443 2232 1501 2276 9235,
1519 2232 1573 2270 ab
1590 2232 1744 2270 eadem
1760 2232 1802 2269 P.
1820 2232 1882 2270 22.
1900 2232 1963 2269 M.
1981 2232 2034 2275 14,

394 2282 624 2329 interlapsa
637 2283 763 2321 Hora
775 2295 861 2321 vna
874 2295 973 2321 cum
986 2287 1303 2332 quinquaginta
1318 2285 1540 2332 scrupulis,
1557 2287 1737 2332 propius
1753 2285 1913 2322 accessit
1924 2284 2034 2323 scru-

393 2334 506 2380 pulis
527 2336 563 2372 4.
586 2335 790 2383 Cumque
810 2342 955 2374 motus
976 2338 1158 2375 diurnus
1179 2337 1224 2375 fit
1245 2337 1364 2384 quasi
1380 2338 1431 2375 42
1448 2337 1761 2385 scrupulorum,
1784 2342 2035 2385 competunt

392 2390 576 2434 tempori
592 2389 851 2426 intermedio
867 2389 1067 2436 scrupula
1082 2390 1141 2433 33,
1159 2391 1277 2437 quod
1294 2402 1394 2428 cum
1411 2390 1727 2428 Obseruatione
1743 2390 1833 2438 ipsa
1849 2393 1894 2428 in
1910 2391 2033 2428 dimi·
2071 2402 2105 2427 4⁰

392 2440 464 2477 dio
487 2440 686 2488 scrupulo
709 2441 877 2479 sensum
902 2454 1079 2479 omnem
1102 2443 1232 2490 plane
1256 2443 1500 2491 effugiente.
1525 2443 1744 2485 consentit.
1768 2444 1881 2482 vnde
1903 2443 1940 2481 &
1961 2443 2033 2481 hic

391 2492 670 2532 Parallaxeos
682 2496 878 2537 variatio,
896 2495 1065 2533 nullam
1079 2497 1124 2533 in
1137 2501 1260 2533 motu
1272 2496 1495 2534 ordinario
1507 2496 1676 2534 induxit
1688 2496 2030 2595 discrepathiam.

1926 2560 2031 2587 uare
