2209 3213
559 206 1081 245 RECENTIORIBUS
1102 206 1560 244 PHAENOMENIS
1807 207 1884 245 259

150 330 214 361 317
257 310 577 366 CAPITIS
611 311 922 365 DECIMI
957 310 1061 365 ET
1088 310 1388 364 VLTIMI
1423 311 1868 364 MEMBRVM

304 391 709 443 SECVNDVM,
728 391 809 444 JN
833 391 984 445 QUO
1007 391 1100 436 DE
1122 391 1373 436 EORUM
1397 391 1820 443 SENTENTIIS,

349 459 455 506 QUI
471 459 776 497 COMETAM
794 460 973 498 HUNC
989 460 1169 498 INFRA
1185 460 1408 498 LUNAM
1425 460 1487 497 IN
1506 459 1772 498 REGIONE

428 521 810 560 ELEMENTARI
831 522 1125 561 EXTITISSE
1148 521 1385 561 ΟΡΙΝΑΤΙ
1406 521 1576 565 SUNT,
1598 522 1695 559 DE-

185 596 200 621 5
484 583 607 630 QUE
629 584 974 623 OCCASIONE
995 584 1213 623 LAPSUS
1234 584 1461 628 EORUM,
1483 584 1520 622 &
1542 584 1639 622 DE-

568 645 1102 686 MONSTRATIONUM
1123 646 1556 686 ADDUCTARUM

685 709 1176 754 INSUFFICIENTIA,
1198 709 1439 749 AGITUR.

323 794 578 832 ECENSUI
598 793 823 839 hactenus,
844 801 1134 842 accurateque
1154 796 1342 842 expendi
1359 807 1513 833 eorum
1531 795 1882 840 obseruationes,

340 849 378 886 &
394 848 462 886 his
477 849 682 887 fundatas
699 849 947 892 decifiones,
965 860 1156 896 quorum
1173 849 1342 886 erudita
1358 849 1525 896 Scripta
1541 849 1595 887 ad
1612 849 1776 887 nostras
1793 861 1883 887 ma-

168 912 198 937 lo
236 914 319 940 nus
330 907 639 950 peruenerunt,
653 914 706 940 ex
718 902 888 949 quibus,
902 902 1135 940 Cometam
1146 902 1265 940 hunc
1275 914 1367 940 non
1376 905 1422 940 in
1432 902 1698 941 Elementari
1709 904 1883 941 Mundo

236 955 350 994 infra
370 957 556 999 Lunam,
577 955 647 994 sed
668 958 714 993 in
734 956 824 1002 ipso
845 956 1121 994 remotissimo
1137 955 1318 993 AEthere
1336 955 1648 994 Generationis
1665 956 1703 994 8(
1720 957 1884 995 Cursus

235 1009 298 1048 [ui
318 1009 461 1048 sedem
481 1009 715 1053 obtinuisse,
738 1010 963 1047 euidenter
979 1008 1306 1056 comprobatur:
1329 1009 1418 1055 Qui
1439 1011 1571 1047 etiam
1592 1021 1779 1053 mecum,
1800 1010 1883 1048 hac

235 1066 281 1101 in
305 1068 439 1110 parte,
465 1065 663 1110 apprime
689 1063 974 1105 consentiunt,
999 1062 1278 1109 nostramque
1302 1062 1572 1100 Sententiam
1597 1063 1650 1100 de
1674 1063 1883 1101 AEthereo

235 1116 368 1155 huius
381 1116 580 1155 Cometae
596 1116 686 1160 fitu,
702 1116 779 1154 suo
795 1116 999 1164 suffragio
1016 1115 1290 1154 confirmant.
1308 1116 1392 1154 Sed
1409 1118 1514 1163 quia
1529 1128 1621 1154 non
1634 1116 1779 1154 adhuc
1792 1128 1882 1154 orn-

168 1179 198 1204 15
235 1170 364 1208 nibus
385 1168 649 1208 satisfactum
669 1171 760 1212 erit,
782 1169 859 1207 nifi
876 1170 914 1207 &
931 1181 1086 1207 eorum
1102 1169 1360 1217 Opiniones‚
1382 1172 1458 1216 qui
1478 1169 1617 1216 ipsum
1636 1170 1882 1208 Elementa-

235 1235 327 1261 rem
343 1223 471 1266 fuisse‚
493 1223 579 1261 suis
595 1223 854 1270 quibusdam
870 1223 1113 1261 rationibus
1128 1223 1327 1270 persuasi,
1349 1223 1636 1267 crediderunt,
1657 1223 1789 1270 idque
1805 1236 1881 1271 pu-

233 1277 356 1315 blicis
376 1276 551 1323 Scriptis
571 1276 705 1314 teftati
725 1276 833 1321 sunt,
854 1277 910 1315 ad
927 1277 1130 1315 Veritatis
1151 1276 1343 1323 lapidem
1360 1276 1547 1324 Lydium
1568 1277 1818 1324 probentur,
1839 1282 1882 1314 vt

235 1335 453 1378 quatenus
465 1330 631 1377 ascopo
647 1330 914 1374 deflexerint,
931 1329 1208 1368 manifestum
1224 1330 1445 1373 reddatur:
1462 1330 1622 1368 idcirco
1639 1342 1756 1368 nunc
1773 1342 1881 1377 prae-

235 1386 466 1431 cipuorum
478 1383 809 1430 Propofitiones,
827 1383 865 1421 8(
879 1384 1296 1431 Argumentationes
1312 1383 1528 1425 indicabo,
1546 1395 1599 1421 ex
1616 1385 1680 1431 ijs,
1698 1386 1773 1430 qui
1789 1384 1881 1422 sub-

164 1447 197 1472 20
234 1437 437 1475 lunarem
446 1437 562 1475 fuisse
572 1436 690 1475 hunc
698 1437 931 1475 Cometam
941 1437 1274 1481 contendebant,
1283 1436 1440 1484 easque
1448 1437 1503 1475 ad
1512 1436 1882 1475 Obseruationum

234 1491 272 1529 &
284 1490 719 1528 Demonstrationum
735 1492 964 1528 certiorem
979 1502 1183 1528 normam
1201 1490 1426 1537 diligenter
1441 1490 1709 1537 ponderabo,
1726 1502 1781 1528 ne
1794 1503 1882 1538 qua

233 1543 493 1582 haefitationi
510 1543 679 1581 refidua
690 1543 735 1581 fit
747 1543 929 1587 occafio;
947 1549 1078 1591 vtque
1090 1543 1160 1581 vel
1171 1543 1274 1581 hinc
1286 1543 1508 1587 elucescat,
1527 1555 1661 1590 quarn
1673 1544 1881 1590 procliuis

233 1597 279 1635 fit
295 1609 495 1635 errorum
510 1598 594 1641 via,
612 1596 650 1634 8(
666 1609 801 1644 quam
817 1596 943 1635 facile
959 1596 1173 1634 Mortales
1189 1598 1235 1634 in
1251 1597 1383 1634 deuia
1403 1597 1687 1639 abducantur,
1710 1597 1821 1635 adeo
1838 1602 1880 1635 vt

233 1651 436 1688 Veritatis
452 1650 689 1688 abstrusum
705 1652 936 1694 tramitem,
953 1652 1085 1688 etiam
1101 1655 1195 1688 tum
1211 1662 1311 1688 cum
1327 1650 1367 1688 se
1383 1661 1436 1687 eo
1448 1651 1667 1688 certissime
1679 1650 1880 1688 incedere

161 1714 195 1739 25
232 1703 482 1752 persuasum
498 1703 673 1747 habent,
690 1703 810 1741 haud
824 1704 984 1750 vbique
1000 1704 1287 1750 assequantur.
1305 1703 1418 1749 Quis
1430 1703 1634 1750 equidem
1646 1716 1737 1741 non
1750 1705 1879 1741 assen-

232 1759 395 1801 tiretur,
425 1757 658 1795 Cometam
683 1757 802 1794 hunc
826 1758 873 1794 in
898 1757 1164 1795 Elementari
1190 1757 1352 1794 Mundi
1378 1757 1581 1804 Regione‚
1612 1756 1740 1804 longe
1766 1757 1880 1795 infra

233 1811 407 1849 Lunam
423 1815 680 1857 generatum
695 1810 823 1854 fuisse‚
844 1822 944 1848 cum
960 1821 1052 1848 non
1067 1810 1217 1848 saltem
1232 1815 1294 1847 tot
1309 1810 1476 1847 saeculis
1492 1810 1879 1857 Peripateticorum

233 1869 405 1911 recepta
421 1864 458 1901 8(
475 1863 736 1901 confirmata
753 1863 929 1910 Opinio,
949 1865 1101 1901 omnia
1116 1863 1287 1901 Crinita
1303 1863 1455 1901 Sidera
1470 1865 1516 1901 in
1531 1863 1733 1910 supremo
1750 1865 1878 1908 A'ere,

143 1921 208 1953 318
233 1917 287 1956 ab
305 1917 659 1955 exhalationibus
674 1916 961 1954 Terrestribus
977 1916 1142 1954 sursum
1159 1916 1341 1954 eleuatis
1357 1913 1626 1966 pro-Hereari,
1648 1917 1766 1964 apud
1784 1929 1878 1955 eru-

161 1981 195 2006 30
233 1971 344 2009 ditos
363 1982 476 2018 pene
497 1982 652 2008 omnes
672 1972 731 2008 ita
751 1970 1000 2013 inualuerit,
1021 1975 1064 2008 vt
1085 1969 1208 2007 nefas
1229 1970 1275 2007 fit
1295 1972 1340 2007 in
1361 1972 1630 2008 contrarium
1651 1971 1877 2017 quidpiam

232 2024 398 2068 sentire,
415 2024 485 2061 sed
501 2035 589 2061 vna
605 2025 737 2061 etiam
753 2023 1072 2061 euidentiorem
1088 2023 1410 2070 persuafionem
1425 2023 1647 2066 inducant,
1663 2026 1796 2061 trium
1810 2024 1879 2061 vel

232 2082 422 2125 quatuor
436 2077 733 2124 praestantium
750 2076 1172 2114 Mathematicorum
1188 2076 1372 2120 decreta,
1394 2088 1417 2114 e
1438 2079 1563 2115 certis
1585 2076 1644 2123 (vt
1664 2077 1727 2114 illi
1744 2077 1878 2114 existi-

231 2130 370 2177 mant)
388 2130 779 2169 Obseruationibus
794 2130 1034 2177 depromta,
1053 2129 1419 2176 Geometriceque
1436 2130 1754 2173 Demonstrata,
1778 2142 1878 2176 quae

232 2183 352 2231 quafi
367 2186 413 2221 in
428 2195 566 2221 vnum
583 2183 842 2230 conspirant,
859 2183 1092 2221 Cometam
1108 2182 1227 2221 hunc
1242 2182 1446 2221 admifisse
1462 2183 1713 2221 Parallaxin
1725 2186 1770 2221 in
1783 2183 1876 2221 Cir-

161 2247 194 2272 35
232 2237 332 2275 culo
347 2237 616 2280 Altitudinis,
638 2239 769 2274 etiam
790 2236 1043 2284 priusquam
1062 2237 1354 2274 Horizontem
1374 2239 1612 2284 attingeret,
1633 2242 1813 2280 tantam,
1835 2242 1878 2274 vt

232 2292 391 2338 quinos
416 2292 582 2328 circiter
606 2290 765 2337 gradus
791 2290 1028 2332 excederet,
1054 2290 1242 2336 ideoque
1268 2290 1519 2328 nullatenus
1540 2289 1669 2337 supra
1690 2290 1876 2332 Lunam,

231 2343 301 2381 sed
321 2343 449 2391 longe
470 2343 584 2381 infra
603 2343 719 2381 hanc
738 2343 884 2381 cursus
900 2343 962 2381 sui
978 2354 1182 2381 normam
1199 2342 1432 2387 confecisse,
1450 2343 1488 2380 &
1504 2343 1808 2381 Aristoteleam
1825 2344 1877 2381 de

232 2396 605 2435 Generationibus
622 2396 909 2435 Cometarum
926 2396 1196 2434 Sententiam
1212 2396 1462 2434 stabiliuisse.
1482 2396 1571 2443 Qui
1587 2408 1692 2434 vero
1709 2408 1801 2434 rem
1818 2398 1877 2434 ita

231 2449 271 2487 se
283 2449 445 2488 habere
455 2449 763 2488 Demonstrare
776 2451 921 2487 conati
933 2449 1040 2492 sunt,
1052 2449 1099 2487 hi
1109 2449 1346 2496 praesertim
1355 2451 1655 2487 inueniuntur.
1669 2449 1875 2487 D.Thad-

160 2513 194 2538 4ο
232 2503 354 2541 daeus
366 2503 589 2551 Hagecius
601 2503 655 2541 ab
668 2502 839 2551 Hayck‚
853 2504 927 2550 qui
938 2502 1187 2540 Parallaxin
1200 2504 1293 2540 eius
1305 2505 1351 2540 in
1360 2502 1603 2540 Altitudine
1615 2502 1666 2541 38
1677 2504 1876 2549 proxime

337 2563 387 2589 33*
1769 2560 1875 2602 part.
