2209 3213
334 235 410 271 270
826 226 908 263 DE
930 223 1153 262 MUNDI
1176 219 1476 259 AETHEREI

333 340 463 376 ternis
487 337 696 374 duntaxat
720 331 927 378 scrupulis
951 330 1138 367 nostram
1164 327 1503 373 designationem
1529 326 1747 373 superans,
1774 325 1891 372 quod
1915 324 1969 362 est

334 389 581 428 insensibile.
609 387 726 424 Hinc
750 385 846 423 satis
870 384 1016 430 liquet.
1042 382 1071 419 fi
1096 380 1293 419 restitutis
1316 380 1549 418 Stellarum
1574 381 1680 418 locis
1703 382 1853 418 omnia
1876 380 1968 417 dili-

333 450 477 491 genter
503 446 715 487 aptentur.
745 438 902 475 melius
928 436 965 473 8(
990 437 1193 477 inuicem,
1222 433 1260 471 8(
1287 446 1387 472 cum
1412 435 1692 482 Apparentijs
1718 445 1968 481 congruere,

333 508 465 543 quam
482 494 566 540 ipse
583 492 833 530 Thaddaeus
850 490 1087 536 colligebat.

385 541 1968 588 DIEVDECEMBRIS.1ocumCometaeinZOdiacoconstituit23grad.m.
2009 550 2023 574 5

332 614 430 640 cum
444 600 688 638 Latitudine
705 598 755 635 26
771 601 877 643 part.
894 596 966 633 vbi
983 595 1126 633 adhuc
1143 595 1314 633 duobus
1331 595 1534 643 gradibus
1546 597 1591 633 in
1603 595 1892 643 Longitudine
1907 597 1969 632 ni-

332 658 445 692 mius
462 654 527 695 est.
545 653 613 690 sed
631 654 675 689 in
688 650 934 688 Latitudine
951 649 1048 686 satis
1064 648 1174 686 bene
1192 649 1376 695 quadrat
1392 649 1521 696 ipfius
1538 651 1776 686 annotatio.
1795 650 1851 685 At
1868 648 1896 685 fi
1910 648 1969 685 di-

332 709 492 745 stantiae
503 704 658 743 rectius
666 710 708 741 vt
718 706 837 750 prius
848 704 1165 746 examinentur,
1176 703 1781 749 prouenitveriorLongitudo
1790 704 1835 739 in
1845 702 1898 739 G.
1907 702 1969 739 20.

333 762 394 798 M.
412 761 461 798 59
483 769 539 801 απτ
557 759 716 804 septem
732 756 1006 794 solummodo
1023 755 1232 802 scrupulis
1248 755 1390 793 nostra
1406 758 1562 800 minor,
1580 755 1617 793 8(
1634 755 1836 793 Latitudo
1852 755 1894 792 P.
1907 755 1969 792 25.

333 815 394 851 M.
412 814 474 855 34.
492 825 517 850 a
534 812 674 849 nostra
690 812 814 848 tertia
830 815 950 855 parte
967 809 1126 856 gradus
1143 809 1360 847 deficiens.
2013 816 2042 840 10

385 867 483 904 DIE
502 866 560 903 XI
578 862 927 906 DECEMBRIS,
944 862 1090 900 locum
1107 862 1306 900 Cometae
1323 875 1348 900 a
1365 865 1559 909 quinque
1576 862 1692 900 Fixis
1709 862 1862 903 Stellis.
1879 863 1970 908 qui-

331 921 411 957 bus
427 918 733 964 circumseptus
746 922 848 960 erat.
865 918 1088 962 componit
1100 918 1144 953 in
1157 916 1207 954 28
1218 916 1355 963 gradu
1371 925 1429 959 zzz,
1447 927 1547 954 cum
1560 916 1806 953 Latitudine
1818 915 1868 953 27
1879 926 1971 962 gra-

332 974 480 1015 duum.
493 973 563 1010 vbi
575 971 864 1009 nihilominus
876 969 1150 1016 sesquialtero
1162 969 1250 1007 fere
1263 970 1400 1016 gradu
1412 969 1748 1017 Longitudinem
1761 971 1854 1006 eius
1865 968 1972 1006 iusto

331 1027 507 1064 vlterius
528 1025 738 1072 producit,
759 1026 805 1061 in
822 1023 1067 1061 Latitudine
1089 1028 1237 1060 autern
1257 1023 1355 1061 satis
1370 1023 1482 1061 bene
1499 1035 1599 1060 cum
1615 1022 1765 1060 nostris
1782 1024 1972 1060 inuentis

332 1081 548 1117 conuenit.
570 1079 627 1116 At
649 1078 677 1115 s1
698 1079 848 1115 omnia
865 1074 1109 1119 correctius.
1130 1082 1174 1114 vt
1194 1078 1314 1123 prius
1330 1076 1525 1119 fecimus,
1547 1076 1602 1114 ad
1618 1088 1722 1114 vera
1738 1075 1972 1114 Stellarum
2013 1082 2043 1107 ¹5

331 1133 426 1171 loca
444 1132 757 1179 expendantur,
777 1129 1021 1177 Longitudo
1039 1129 1237 1167 Cometae
1253 1130 1440 1177 prosiliet
1456 1132 1600 1176 potius
1616 1129 1758 1167 nostra
1774 1129 1972 1176 aliquan-

331 1186 472 1224 tulum
493 1187 695 1223 anterior.
718 1184 836 1222 Nam
857 1195 910 1221 ex
931 1183 1127 1221 distantia
1149 1183 1203 1221 ab
1221 1183 1308 1221 Ore
1326 1183 1470 1230 Pegasi
1490 1184 1605 1231 grad.
1623 1183 1658 1221 4.
1680 1185 1833 1220 minut.
1850 1183 1913 1226 40,
1936 1182 1973 1219 8(

332 1241 469 1286 capite
486 1235 500 1288 ΙΙ
517 1238 671 1285 Pegafi.
690 1238 731 1275 P.
749 1238 792 1275 ll.
811 1237 874 1274 M.
892 1237 945 1279 19.
966 1236 1112 1274 euadit
1129 1237 1376 1283 Longitudo
1392 1239 1437 1274 in
1453 1237 1569 1284 grad.
1586 1237 1649 1275 25.
1666 1238 1769 1274 min.
1787 1236 1838 1274 56
1858 1245 1916 1279 ατε,
1934 1235 1971 1273 8(
1996 1237 2059 1269 333

332 1292 534 1330 Latitudo
556 1292 597 1329 P.
615 1292 676 1329 26.
700 1291 762 1328 M.
780 1290 842 1328 46.
865 1290 928 1327 Ex
948 1292 1191 1327 remotione
1213 1291 1267 1328 ab
1289 1296 1484 1328 extrema
1504 1290 1587 1328 alae
1610 1290 1762 1337 Cygni.
1784 1289 1899 1336 grad.
1918 1290 1970 1327 17.

331 1348 434 1383 min.
452 1346 505 1387 13,
527 1345 564 1382 8(
585 1357 611 1382 a
632 1345 781 1382 dextro
802 1343 989 1381 humero
1011 1343 1154 1390 Pegasi
1175 1349 1281 1390 part.
1299 1344 1339 1382 21
1360 1344 1547 1391 praecise,
1569 1343 1710 1390 prodit
1726 1342 1972 1390 Longitudo
2010 1350 2044 1374 20

332 1400 373 1437 P.
384 1399 446 1437 25.
459 1399 522 1436 M.
534 1398 583 1436 58
595 1398 682 1436 fere
695 1409 795 1435 cum
806 1399 940 1444 priori
952 1396 1236 1441 consentiens,
1250 1397 1287 1435 8(
1299 1398 1502 1435 Latitudo
1515 1399 1593 1435 erit
1603 1396 1720 1444 grad.
1732 1396 1794 1434 26.
1807 1398 1912 1434 min.
1923 1396 1972 1433 34

331 1452 464 1499 paulo
481 1454 625 1489 minor
642 1463 775 1498 quarn
792 1456 933 1488 antea.
956 1450 1044 1487 Hae
1060 1461 1165 1487 vero
1181 1450 1297 1489 binae
1315 1450 1666 1493 Obseruationes,
1683 1461 1771 1497 quo
1788 1449 1843 1487 ad
1860 1450 1972 1487 Lon-

331 1506 582 1553 gitudinem,
603 1517 629 1542 a
650 1504 792 1542 nostra
812 1503 945 1551 paulo
966 1504 1066 1550 plus
1086 1503 1242 1541 semisse
1265 1504 1436 1552 gradus,
1459 1504 1496 1542 8(
1517 1505 1683 1542 circiter
1705 1505 1829 1541 tertia
1851 1507 1972 1549 parte

332 1558 521 1597 eiusdem
542 1560 587 1595 in
608 1557 855 1595 Latitudine
878 1556 1096 1594 deficiunt.
1118 1557 1284 1595 Verum
1307 1557 1336 1595 fi
1359 1557 1575 1604 reliquam
1597 1556 1972 1599 Obseruationem,

332 1624 420 1659 qua
445 1610 740 1658 deprehendit.
767 1611 999 1649 Cometam
1024 1609 1200 1648 distitisse
1226 1611 1280 1648 ab
1305 1611 1492 1649 humero
1518 1610 1668 1648 dextro
1698 1619 1756 1652 m,
1786 1614 1892 1657 part.
1919 1609 1972 1647 16.
2012 1617 2044 1641 25

332 1667 435 1703 min.
454 1665 506 1707 13,
528 1676 615 1702 vna
636 1676 737 1702 cum
758 1676 809 1702 ea
831 1675 930 1710 quae
952 1663 1005 1701 ab
1027 1663 1213 1701 humero
1234 1664 1378 1712 Pegasi
1398 1664 1514 1712 grad.
1531 1664 1585 1706 21.
1607 1665 1652 1701 in
1673 1675 1882 1701 numeros
1903 1662 1972 1700 de-

333 1719 597 1761 duxerimus.
619 1720 798 1764 propius
815 1719 966 1754 omnia
982 1717 1037 1755 ad
1054 1717 1195 1755 nostra
1211 1719 1393 1755 inuenta
1409 1718 1626 1755 accedent.
1649 1716 1839 1754 Prodibit
1855 1718 1973 1753 enim

334 1771 577 1818 Longitudo
597 1772 642 1808 in
663 1771 705 1808 P.
722 1771 784 1808 26.
807 1771 870 1808 M.
887 1771 911 1808 8
932 1780 989 1811 m,
1012 1782 1111 1808 cum
1132 1771 1379 1808 Latitudine
1400 1776 1507 1818 part.
1529 1771 1591 1808 26.
1614 1772 1766 1807 minut.
1788 1770 1850 1811 52.
1873 1781 1972 1815 quae

334 1825 421 1862 duo
442 1836 532 1862 non
553 1830 735 1866 tantum.
756 1829 799 1861 vt
820 1829 962 1865 antea.
984 1835 1009 1861 a
1030 1835 1130 1861 mea
1148 1826 1434 1862 annotatione
1451 1824 1702 1871 discrepant.
1724 1822 1793 1861 sed
1810 1823 1973 1860 medio—

335 1880 459 1915 criter
474 1878 583 1915 bene
601 1877 639 1914 se
656 1877 830 1914 habent.
2012 1884 2045 1909 30

387 1930 486 1968 DIE
503 1930 604 1967 XIII
621 1929 970 1971 DECEMBRIS.
988 1929 1088 1967 dicit
1105 1929 1337 1968 Cometam
1353 1931 1541 1968 habuisse
1559 1929 1802 1968 distantiam
1818 1928 1872 1967 ab
1886 1928 1973 1967 Ore

335 1983 489 2030 Pegafi.
510 1983 552 2021 P.
570 1984 605 2021 5.
628 1983 690 2021 M.
707 1983 769 2026 20,
792 1995 926 2030 quam
947 1995 1028 2020 nos
1049 1985 1303 2022 inuenimus
1323 1984 1439 2031 grad.
1461 1984 1497 2021 5.
1519 1985 1623 2021 min.
1645 1983 1707 2024 28.
1729 1982 1975 2020 differentia

335 2036 535 2073 existente
551 2036 576 2074 8
592 2036 904 2081 scrupulorum.
922 2036 991 2073 Ab
1008 2035 1194 2074 humero
1211 2043 1359 2075 autem
1375 2037 1526 2074 dextro
1539 2037 1691 2084 (quam
1703 2035 1881 2074 Stellam
1893 2046 1974 2072 nos

335 2089 526 2126 Primam
547 2089 662 2126 Colli
683 2089 769 2127 fiue
791 2089 888 2127 Alae
908 2089 1135 2135 vocamus)
1157 2092 1447 2128 remotionem
1467 2089 1567 2128 facit
1588 2094 1694 2137 part.
1712 2089 1765 2126 19.
1787 2090 1891 2126 min.
1911 2088 1973 2129 22,

335 2142 464 2188 plane
489 2142 674 2179 eandem
697 2142 932 2180 nobiscum.
957 2143 1293 2190 Longitudinem
1315 2148 1463 2181 autem
1484 2143 1682 2181 Cometae
1706 2154 1758 2180 eo
1782 2142 1850 2179 die
1874 2153 1973 2178 con·
2013 2151 2045 2175 35

335 2195 461 2232 stituit
472 2196 517 2232 in
529 2197 741 2242 principio
756 2197 792 2238 )(
803 2226 811 2237 ,
824 2207 923 2233 cum
936 2195 1090 2233 eadem
1103 2208 1237 2242 quarn
1248 2199 1368 2244 prius
1378 2196 1530 2234 habuit
1540 2195 1787 2233 Latitudine
1796 2199 1902 2241 part.
1911 2194 1973 2231 27.

336 2248 419 2286 Sed
436 2259 523 2295 quo
540 2248 594 2285 ad
607 2248 943 2295 Longitudinem
960 2248 997 2285 8(
1013 2248 1084 2286 hic
1101 2249 1273 2287 duobus
1289 2250 1493 2297 gradibus
1509 2251 1671 2286 nimius
1688 2248 1754 2290 est,
1772 2247 1974 2285 Latitudo

336 2306 482 2338 autem
494 2306 713 2348 vtcunque
726 2303 942 2339 conuenit.
961 2301 1091 2347 Quod
1104 2304 1235 2340 etiam
1248 2303 1359 2345 dicit.
1376 2307 1545 2340 motum
1557 2302 1764 2339 diurnum
1777 2300 1974 2338 Cometae

337 2356 456 2391 iuxta
472 2353 556 2391 hoc
571 2359 742 2400 tempus
758 2353 873 2392 fuisse
885 2355 935 2392 48
947 2354 1261 2401 scrupulorum,
1278 2356 1376 2394 satis
1386 2356 1497 2393 bene
1510 2356 1791 2402 Apparentijs
1803 2353 1974 2400 respon-

336 2407 417 2444 det.
440 2406 515 2444 Sin
531 2418 635 2444 vero
657 2406 694 2443 8(
714 2407 785 2444 hic
802 2419 854 2444 ex
870 2407 998 2454 ipfius
1018 2407 1285 2453 dedomenis,
1307 2421 1383 2456 per
1403 2407 1635 2446 redtificata
1651 2407 1859 2444 Fixarum
1878 2406 1975 2444 loca
2013 2417 2046 2442 40

336 2471 489 2497 verum
507 2459 703 2497 Cometae
720 2459 843 2497 fitum
862 2460 1147 2506 scrupulosius
1169 2462 1559 2509 explorauerimus,
1581 2460 1719 2498 multo
1740 2461 1878 2506 magis
1899 2471 1974 2496 no-

335 2512 424 2549 stris
440 2514 630 2550 inuentis
647 2518 864 2559 congruet.
888 2513 976 2550 Erit
993 2515 1110 2550 enim
1128 2514 1373 2562 Longitudo
1389 2517 1435 2552 in
1451 2514 1493 2551 P.
1510 2514 1572 2551 28.
1590 2513 1652 2550 M.
1671 2513 1711 2550 15
1733 2522 1790 2555 w,
1809 2512 1846 2549 8(
1862 2513 1974 2549 Lati-

1869 2564 1974 2602 tudo
