2209 3213
398 192 474 228 444
794 183 1262 223 APOLOGETICA
1284 183 1640 222 RESPONSIO

400 297 438 333 se
460 296 600 337 habet,
624 299 667 330 ut
689 299 781 330 tum
798 303 850 328 ex
866 290 956 337 ipso
978 290 1087 327 libro
1109 289 1356 337 diligentius
1378 289 1645 337 introspectQ
1667 295 1760 328 tum
1782 302 1834 328 ex
1856 292 1919 338 iJ's,
1942 303 2038 338 qvae

398 351 483 386 tuis
504 345 818 393 obdetionibus
839 342 1050 381 hactenus
1071 342 1385 389 respondimus,
1408 345 1548 390 qvivis
1564 343 1890 381 Mathematum
1911 344 2039 381 sacris

399 398 783 439 fundamentaliter
803 396 1008 439 imbutus,
1030 401 1070 433 et
1090 396 1186 433 haec
1208 395 1294 433 sine
1316 396 1572 444 praeJ'udicio
1593 396 1740 434 dextre
1763 396 1800 433 8(
1820 396 1960 444 sagaci
1976 399 2039 435 in-

400 455 554 500 dagine
579 451 829 498 expendens
852 461 944 486 non
967 451 1100 486 invite
1124 449 1338 487 fatebitur.
1364 450 1426 487 Ea
1449 461 1567 493 vero,
1591 461 1688 496 qvae
1711 448 1878 487 octavo
1902 452 2040 497 capite

401 510 512 544 circa
532 503 789 552 hypothesin
811 504 1013 540 circuitus
1033 502 1230 540 Cometae
1252 503 1490 545 attulimus,
1512 515 1603 540 non
1623 503 1796 540 inutilia
1816 503 1885 540 vel
1906 503 2042 541 otiosa
2079 517 2095 542 5

400 561 505 599 sunt.
528 558 596 595 sed
614 558 668 595 ad
684 556 987 593 stabiliendum
1009 555 1063 597 id,
1086 557 1201 602 qvod
1217 558 1263 593 in
1279 557 1496 603 prioribus
1513 557 1565 594 de
1582 556 1660 594 situ
1676 555 1868 594 aethereo
1888 561 2043 594 notum

401 612 679 653 reddidimus,
692 610 933 657 plurimum
943 606 1215 659 conducunt„
1225 615 1264 647 et
1273 609 1629 647 antecedentibus
1639 611 1906 647 conveniens
1916 614 2043 656 atqve
2067 616 2128 648 20r

402 665 692 703 indubitatum
709 662 1001 700 testimonium
1017 662 1224 708 praebent.
1243 662 1329 709 Qvi
1342 665 1460 700 enim
1472 662 1567 700 fieri
1580 664 1731 709 potuit,
1749 667 1796 699 ut
1810 662 2044 700 Meteoron

402 717 577 764 aliqvod
600 728 652 753 ex
674 715 795 753 fluxa
816 721 855 753 et
874 727 987 763 vaga
1008 716 1274 754 Elementari
1295 721 1454 754 natura
1475 716 1685 758 constans,
1710 720 1750 752 et
1769 717 1815 752 in
1835 715 2045 763 superiori

403 774 502 809 aere
520 769 772 812 discurrens,
789 774 878 806 tam
896 769 1169 807 ordinarium
1187 770 1224 807 8(
1240 769 1314 807 fibi
1329 770 1610 816 undiqvaqve
1623 768 1863 806 consonum
1875 774 2046 806 motum
2086 781 2117 807 ιο

404 825 626 865 obtineret,
649 822 763 869 qvod
785 834 838 860 ex
859 822 1234 860 observationibus
1254 825 1300 860 in
1321 825 1415 870 ejus
1431 824 1698 870 apparentijs
1717 821 1888 866 habitis,
1910 821 2046 870 hypo-

403 876 530 915 thesis
546 876 692 923 aliqva
709 877 850 913 extrui
865 876 1005 923 posset‚
1026 887 1123 922 qvae
1139 877 1191 924 ijs
1208 876 1414 914 omnibus
1430 875 1701 919 satisfaceret,
1720 880 1759 912 et
1775 875 2046 922 inaeqvalita-

404 936 490 968 tem
511 930 637 967 nobis
658 940 684 966 a
704 928 840 966 Terra
860 934 1159 976 apparentem,
1180 935 1270 967 tam
1290 930 1401 968 belle
1423 929 1669 977 regularem
1689 928 1898 973 redderet,
1920 934 2047 975 atqve

406 982 614 1023 salvaret?
631 983 1003 1029 qvemadmodum
1015 994 1097 1020 nos
1108 984 1153 1021 in
1165 983 1239 1021 isto
1253 983 1438 1022 Cometa
1450 983 1645 1027 fecimus,
1657 987 1703 1020 ut
1715 986 1831 1029 patet
1843 993 1896 1019 ex
1908 981 2047 1029 Ephe-

407 1038 570 1077 meride
587 1039 631 1074 in
648 1035 735 1074 fine
754 1036 921 1083 Capitis
937 1038 1044 1073 noni
1061 1035 1241 1084 adJec'ta,
1258 1049 1343 1084 qva
1360 1037 1559 1075 Cometae
1575 1041 1720 1074 motus
1737 1047 1791 1072 ex
1806 1034 1896 1082 ipsa
1912 1035 2048 1083 hypo·
2090 1047 2119 1072 15

407 1091 510 1130 thesi
526 1093 585 1128 ita
602 1091 796 1127 numeris
813 1089 1189 1137 repraesentantur.
1212 1096 1257 1128 ut
1278 1102 1496 1137 nusqvam
1513 1089 1641 1127 sextae
1658 1090 1791 1136 partis
1808 1090 1940 1126 unius
1956 1099 2048 1136 gra-

408 1146 487 1183 dus
505 1145 557 1182 ab
575 1143 671 1190 ipsis
689 1143 859 1181 coelitus
875 1141 996 1181 factis
1012 1143 1476 1188 animadversionibus,
1498 1145 1544 1180 in
1564 1142 1836 1190 longitudine
1853 1146 1893 1178 et
1908 1141 2049 1179 latitu-

408 1200 507 1237 dine
518 1198 812 1235 committatur
823 1196 1026 1234 deviatio.
1039 1196 1109 1234 Ad
1120 1203 1327 1244 qvantam
1338 1197 1439 1235 sane
1451 1195 1750 1244 praecisionem
1762 1194 1897 1232 nullae
1909 1193 2050 1233 hatste-

409 1264 491 1289 nus
508 1249 767 1298 hypotheses
781 1249 865 1287 five
880 1250 1160 1288 Ptolemaicae
1172 1250 1256 1288 five
1269 1250 1579 1297 Copernianae,
1596 1249 1666 1287 vel
1681 1248 1785 1286 ullae
1802 1247 1902 1285 aliae
1919 1249 2051 1285 etiam

409 1309 454 1343 in
470 1303 644 1342 Mundo
662 1305 822 1341 coaevis
839 1303 1027 1341 Planetis
1046 1303 1160 1349 (licet
1176 1308 1237 1341 tot
1252 1304 1306 1342 ab
1324 1306 1448 1341 initio
1465 1302 1762 1341 revolutiones
1778 1301 2050 1344 absolverint,
2090 1313 2123 1337 20

411 1364 450 1396 et
467 1356 778 1405 qvamplurimi
795 1356 981 1394 artifices
997 1357 1100 1394 hinc
1116 1357 1217 1394 inde
1233 1359 1279 1394 in
1294 1363 1384 1396 toto
1400 1362 1616 1395 terrarum
1629 1355 1732 1393 orbe
1745 1366 1900 1393 eorum
1912 1353 2052 1392 cursui

410 1413 464 1450 ad
482 1411 676 1449 amussim
694 1410 978 1457 explorando,
999 1410 1148 1447 multis
1161 1412 1253 1458 jam
1270 1410 1422 1449 seculis
1438 1408 1721 1457 invigilarint)
1742 1419 1823 1446 nos
1842 1406 2053 1446 hatflenus

411 1465 716 1513 perduxerant,
741 1463 852 1501 adeo
876 1468 922 1500 ut
944 1465 989 1500 in
1012 1463 1103 1510 ipso
1125 1462 1266 1501 Solari
1287 1466 1457 1502 tramite
1478 1461 1589 1501 redte
1612 1461 1902 1510 praefiniendo
1925 1463 2052 1498 inter-

412 1519 517 1556 dum
537 1518 679 1564 maj0r
701 1516 881 1554 dimidio
905 1517 1041 1564 gradu
1063 1528 1183 1554 error
1203 1517 1346 1561 lateat,
1370 1519 1415 1554 in
1437 1517 1602 1554 Lunari
1622 1515 1924 1562 saepenumero
1947 1516 2053 1551 inte-

412 1583 549 1619 grum,
570 1570 640 1607 vel
661 1572 792 1608 etiarn
812 1569 1135 1616 sesqvialterum
1156 1571 1347 1615 excedat,
1371 1569 1744 1618 qvemadmodum
1765 1569 1896 1605 etiam
1912 1569 1958 1604 in
1974 1578 2053 1604 cae-
2093 1579 2125 1603 25

413 1627 512 1662 teris
534 1623 723 1661 Planetis
743 1635 1066 1670 nonnunqvam
1087 1623 1251 1670 aliqvot
1272 1624 1488 1672 graduum
1509 1623 1711 1665 deviatio,
1735 1623 1781 1659 in
1801 1622 1996 1658 numeris
2017 1619 2055 1657 &

415 1677 722 1725 hypothesibus
748 1677 957 1723 qvibusve
984 1677 1200 1719 derivatis,
1227 1678 1281 1715 ab
1306 1689 1358 1715 eo
1381 1676 1518 1721 cursu,
1545 1687 1674 1723 qvem
1698 1674 1868 1712 coelitus
1893 1673 2055 1711 habere

416 1730 837 1774 animadvertuntur,
861 1730 1211 1777 deprehenditur.
1236 1731 1287 1769 Et
1309 1736 1422 1769 certe
1445 1735 1535 1768 tam
1558 1729 1806 1767 ordinarius
1827 1726 2056 1765 consensus

418 1796 470 1822 ex
486 1783 711 1832 hypothesi
728 1786 773 1821 in
789 1795 998 1821 numeros
1015 1783 1235 1828 dedmflus,
1258 1796 1358 1822 cum
1378 1783 1475 1831 ipfis
1493 1781 1878 1824 observationibus,
1901 1782 1946 1817 in
1965 1785 2056 1817 toto

417 1838 614 1876 Cometae
636 1837 851 1875 curriculo
872 1837 1042 1880 habitis,
1064 1842 1103 1875 te
1125 1837 1223 1875 satis
1243 1838 1482 1875 admonere
1503 1836 1642 1884 posset,
1664 1844 1943 1881 neqvaqvam
1961 1832 2055 1870 Ele·
2094 1844 2128 1869 30

416 1896 658 1928 mentarem
670 1890 739 1928 sed
751 1889 924 1937 prorsus
937 1890 1174 1929 aetheream
1187 1891 1249 1928 illi
1261 1891 1376 1928 fuisse
1389 1895 1606 1933 naturam,
1624 1899 1724 1926 cum
1736 1892 1776 1925 et
1788 1887 2056 1930 circularem,

418 1956 548 1991 qvam
565 1946 775 1991 proxime,
792 1943 861 1981 vel
878 1943 907 1980 fi
922 1945 1134 1991 majorem
1149 1944 1449 1992 praecifionem
1460 1954 1599 1991 urges,
1613 1953 1635 1980 e
1648 1940 1930 1979 circularibus
1942 1950 2057 1977 com-

418 1997 600 2045 positum
614 1996 791 2035 ductum
803 1996 1049 2040 observarit,
1066 1998 1277 2044 fimulqve
1293 1998 1440 2036 medio
1456 1998 1596 2034 motui
1616 1993 1715 2040 Θῐῑὸ,
1732 1994 1861 2032 instar
1874 1993 2058 2040 reliqvo-

418 2062 516 2087 rum
532 2052 719 2097 qvinqve
732 2050 1013 2088 Planetaruni
1026 2051 1346 2098 obtemperarit,
1364 2056 1404 2089 et
1418 2050 1472 2088 ab
1486 2049 1574 2093 illo,
1591 2048 1814 2096 postqvam
1826 2047 1881 2085 ad
1894 2051 2059 2083 certum

419 2104 614 2146 limitem,
635 2108 764 2150 prout
779 2105 824 2140 in
844 2107 906 2146 9¹2
924 2103 961 2140 8(
983 2103 1044 2147 {550
1060 2104 1272 2147 usuvenit,
1294 2104 1493 2152 digressus
1514 2103 1619 2147 esset,
1640 2101 1860 2139 successive
1877 2099 2059 2146 postmo-
2098 2110 2131 2134 35

422 2157 527 2193 dum
548 2157 689 2193 eidem
711 2159 1075 2204 appropinqvare,
1097 2170 1188 2195 non
1209 2157 1493 2195 intermiserit.
1514 2156 1659 2194 Taceo
1681 2154 1796 2202 qvod
1818 2153 2059 2191 eccentrici-

421 2215 553 2247 tatem
567 2209 603 2246 &
615 2221 847 2256 apogaeum
860 2210 971 2248 Solis
987 2213 1032 2247 in
1048 2210 1123 2248 suo
1140 2217 1262 2248 motu
1278 2210 1460 2248 senserit.
1479 2209 1591 2247 Haec
1603 2208 1640 2246 8(
1651 2208 1858 2255 pleraqve
1871 2205 1959 2244 alia
1970 2216 2061 2242 non

422 2274 558 2309 parvo
580 2263 728 2300 labore
750 2265 794 2300 in
816 2263 1041 2311 hypothesi
1062 2264 1194 2311 hujus
1217 2265 1416 2302 Cometae
1437 2261 1746 2305 constituenda,
1768 2265 1895 2307 atqve
1916 2261 1962 2296 in
1982 2269 2060 2295 nu-

423 2327 566 2352 meros
581 2315 847 2360 resolvenda,
860 2328 886 2354 a
898 2317 1023 2354 nobis
1036 2317 1191 2355 eodem
1203 2319 1342 2364 capite
1354 2315 1583 2364 proposita,
1601 2317 1846 2362 qvicunqve
1858 2313 2063 2350 attentius

425 2368 767 2412 consideraverit,
790 2381 880 2406 non
902 2372 1057 2416 poterit
1078 2382 1168 2407 non
1188 2370 1312 2408 fateri
1332 2376 1422 2408 tam
1443 2369 1659 2408 coelestem
1675 2367 1713 2405 &
1728 2367 1839 2405 bene
1856 2363 2061 2412 composi-
2100 2375 2133 2400 40

424 2428 516 2459 tum
532 2426 713 2465 motum,
731 2422 887 2459 coelesti
905 2428 943 2460 et
960 2419 974 2471 ΙΙ
991 2435 1269 2470 neqvaqvam
1286 2423 1552 2461 Elementari
1569 2422 1739 2468 corpori
1756 2419 1982 2466 qvadrare‚
2001 2417 2062 2454 id·
2086 2422 2151 2454 20v

425 2486 562 2521 eoqve
584 2486 648 2519 ea,
670 2486 766 2521 qvae
788 2478 925 2523 capite
947 2475 1063 2513 sexto
1080 2477 1131 2514 de
1150 2477 1347 2514 Cometae
1363 2476 1502 2523 positu
1517 2474 1791 2522 superlunari
1806 2469 2064 2510 multimode

1661 2525 2063 2567 demonstravimus,
