2209 3213
384 238 434 275 96
877 231 960 269 DE
982 230 1208 268 MUNDI
1229 229 1531 267 AETHEREI

384 341 668 382 latitudinem,
695 339 915 385 cognitum
938 336 1205 379 constituere,
1229 341 1273 373 vt
1295 336 1475 373 demum
1497 335 1648 374 vltimo
1672 347 1725 374 ex
1747 335 1815 374 his
1838 336 1960 381 datis,
1985 336 2022 374 &

384 393 639 441 quibusdam
655 394 775 438 prius
787 392 912 434 notis,
930 389 1139 427 distantiae
1151 388 1280 436 ipfius
1292 388 1346 426 ab
1359 388 1447 427 Ore
1459 388 1603 436 Pegafi
1615 388 1871 434 differentia,
1888 401 2022 437 quarn

383 446 662 492 interlapsum
674 450 845 490 tempus
856 443 1080 490 praeberet‚
1093 442 1122 479 fi
1133 444 1179 479 in
1191 443 1467 480 conuexitate
1481 442 1609 480 Orbis
1621 442 1808 480 Lunaris
1821 443 2022 487 extitisset,

383 499 582 538 concludi
595 497 964 543 demonstrarique
976 495 1223 533 euidentius
1234 495 1364 542 possit,
1380 500 1424 532 vt
1438 500 1652 542 quantum
1665 495 1922 534 Obseruatio
1934 495 2023 543 ipsa

383 564 481 590 cum
502 552 584 589 hac
604 550 801 588 distantia
821 548 1054 587 concordet
1073 548 1338 595 discrepetue
1359 548 1651 596 cognoscatur,
1673 548 1711 586 &
1730 554 1876 586 vtrum
1895 549 2023 587 altior
2060 562 2076 588 5

382 606 648 643 decliuiorue
662 603 859 641 Cometae
871 602 1005 645 locus,
1022 599 1214 648 respec‘tu
1225 601 1425 639 diametri
1437 601 1610 646 Mundi,
1627 601 1949 640 constituendus
1964 601 2022 647 fit,

382 658 547 705 liquido
565 657 706 703 colligi
719 656 756 693 8(
769 654 1044 702 comprobari
1060 660 1208 701 queat;
1226 654 1389 692 Idcirco
1406 666 1470 698 ea,
1488 666 1587 702 quae
1604 655 1660 692 ad
1675 654 1783 699 haec,
1801 666 1853 692 eo
1870 655 2023 693 ordine

383 723 469 758 quo
487 714 830 748 commemorata
840 708 947 752 sunt,
965 709 1258 755 requiruntur,
1275 707 1360 745 suis
1372 719 1561 755 quaeque
1573 707 1939 746 delineationibus
1951 708 2023 755 (ne

382 765 410 801 fi
426 764 564 801 multa
580 765 625 800 in
636 774 724 800 vno
737 761 966 800 Schemate
983 760 1391 804 demonstrarentur,
1409 760 1602 798 confufio
1619 760 1825 808 quaedam
1840 772 1933 799 rem
1948 772 2022 809 po-

381 820 465 855 tius
491 816 735 859 obscurans,
762 826 897 862 quarn
922 814 1136 852 illustrans
1159 813 1454 860 induceretur)
1478 814 1533 852 ob
1556 814 1708 852 oculos
1729 825 1961 861 ponamus,
1985 813 2023 852 8(
2064 827 2095 852 ιο

382 870 600 908 declarata
622 868 1012 915 demonstrataque,
1036 869 1082 905 in
1104 878 1327 911 numerOS,
1350 878 1427 914 per
1445 866 1787 915 Triangulorum
1808 867 1936 915 leges,
1959 879 2022 905 re-

382 924 603 966 ducemus,
626 927 669 959 vt
692 922 747 959 ad
769 920 948 968 scopum
970 920 1097 958 nobis
1116 919 1396 967 propofitum,
1419 931 1495 967 per
1515 920 1596 958 has
1615 922 1709 958 vias
1729 921 2022 965 intermedias,

382 982 497 1014 certa
514 975 802 1023 expeditaque
818 973 1035 1012 Methodo
1051 975 1293 1022 pertingere
1309 973 1448 1011 liceat.

383 1100 493 1138 PRO
516 1097 926 1146 INQUISITIONE
942 1097 1327 1135 ALTITUDINIS
1344 1096 1620 1141 COMETAE,
1639 1097 1725 1135 AD
1742 1096 2024 1144 VTRAQUE

590 1159 875 1198 TEMPORA
897 1159 1366 1198 OBSERUATIONIS
1387 1159 1720 1197 DISTANTIAE
1736 1159 1814 1197 AB
2065 1173 2096 1198 ι5

1026 1221 1141 1260 ORE
1161 1220 1384 1259 PEGASI.

467 1293 619 1331 RIMA
632 1293 889 1332 Obseruatio
900 1291 980 1330 fuit
993 1292 1053 1339 (vt
1065 1291 1170 1338 dixi)
1183 1292 1312 1330 Hora
1322 1292 1358 1330 5.
1372 1291 1434 1329 M.
1447 1291 1510 1330 30.
1523 1291 1686 1336 Altera,
1700 1291 1827 1330 Hora
1837 1292 1874 1330 8.
1887 1292 1950 1330 M.
1961 1291 2023 1330 35.

468 1347 746 1394 Quapropter
760 1348 806 1383 in
822 1343 1040 1384 adiunctae
1056 1345 1226 1393 Figurae
1247 1344 1553 1389 delineatione,
1574 1345 1646 1383 vbi
1663 1345 1885 1383 GDBAF
1902 1345 2024 1383 intel-

383 1400 526 1448 ligitur
543 1401 618 1437 esse
634 1402 727 1437 vice
744 1399 995 1443 Meridiani‚
1018 1398 1055 1436 8(
1077 1398 1227 1436 DILE
1242 1398 1508 1445 AEquatoris,
1530 1400 1654 1436 cuius
1670 1397 1801 1436 Polus
1817 1394 1832 1448 ΙΙ
1847 1398 1894 1436 fit
1908 1400 1955 1435 in
1970 1399 2024 1443 A,
2052 1405 2114 1437 109

383 1453 421 1490 8(
438 1453 562 1491 GEF
578 1453 793 1496 Horizon,
810 1452 941 1490 Polus
957 1454 1051 1489 eius
1068 1451 1114 1489 B.
1132 1451 1193 1490 Sit
1208 1456 1357 1489 autem
1372 1451 1495 1489 locus
1509 1451 1707 1490 Cometae
1723 1453 1769 1489 in
1784 1453 1926 1499 prima
1938 1451 2024 1490 Ob·
2062 1464 2096 1490 20

382 1506 626 1544 seruatione
647 1508 692 1543 in
714 1506 763 1549 C,
784 1507 830 1543 in
850 1505 987 1543 altera
1006 1516 1111 1543 vero
1131 1506 1178 1542 in
1198 1505 1254 1549 K;
1276 1505 1491 1543 ducantur
1508 1516 1535 1544 a
1553 1504 1660 1542 Polo
1675 1504 1929 1552 AEquatoris
1948 1515 2025 1552 per

382 1559 477 1597 haec
500 1559 589 1597 duo
611 1559 720 1603 loca,
743 1560 790 1596 in
812 1558 951 1605 ipsum
971 1557 1261 1605 AEquatorem
1282 1557 1374 1595 bini
1397 1557 1676 1604 Quadrantes
1696 1557 1803 1596 ACI
1824 1557 1863 1595 &
1882 1557 2023 1595 AKL.

383 1612 661 1659 Quapropter
676 1614 722 1649 in
738 1614 880 1659 primo
896 1616 1104 1659 tempore,
1126 1622 1228 1649 cum
1242 1611 1385 1649 Locus
1401 1610 1513 1649 Solis
1530 1622 1584 1649 ex
1599 1610 1741 1649 nostra
1761 1610 2024 1649 restitutione

381 1665 427 1703 fit
443 1667 489 1703 in
504 1666 547 1703 P.
565 1666 608 1703 11.
627 1665 690 1703 Μ.
707 1665 758 1703 28
775 1669 814 1707 ,ἕ
824 1695 832 1708 ,
850 1664 888 1702 8(
904 1666 998 1702 eius
1014 1664 1216 1702 Ascenfio
1233 1662 1375 1708 Recta,
1392 1664 1435 1702 P.
1447 1663 1537 1702 249.
1555 1663 1618 1702 M.
1631 1664 1694 1707 55,
1711 1663 1904 1711 Tempus
1918 1674 2024 1701 vero

380 1718 469 1765 post
490 1719 724 1756 Meridiem
745 1717 940 1765 elapsum
960 1718 1091 1756 addat
1108 1717 1162 1756 G.
1179 1717 1242 1756 82.
1260 1717 1323 1755 M.
1340 1717 1404 1761 30,
1426 1719 1504 1755 erit
1519 1716 1721 1755 Ascenfio
1742 1715 1871 1755 Recta
1890 1717 2020 1764 medij
2061 1730 2094 1755 25

381 1772 497 1809 Coeli
518 1771 572 1815 D,
600 1771 653 1809 G.
675 1771 765 1809 332.
787 1771 850 1809 M.
872 1771 935 1809 25.
963 1771 1166 1818 Cumque
1191 1770 1394 1808 Ascenfio
1419 1769 1549 1809 Recta
1574 1770 1771 1809 Cometae
1796 1770 1852 1808 ad
1876 1770 2024 1808 locum

380 1826 533 1871 primae
551 1824 891 1868 Obseruationis,
913 1836 966 1862 ex
986 1823 1279 1871 superioribus
1299 1823 1375 1861 suo
1395 1823 1549 1871 Capite
1569 1825 1702 1870 petita
1721 1823 1860 1867 fuerit,
1881 1823 1924 1861 P.
1941 1822 2021 1861 301.

382 1877 445 1914 M.
462 1878 485 1915 5
502 1880 547 1914 in
563 1877 593 1921 Ι,
614 1877 794 1915 Sublato
814 1876 898 1915 hoc
919 1876 974 1915 ab
989 1877 1250 1915 Ascenfione
1271 1875 1401 1915 Recta
1420 1877 1550 1925 medij
1570 1876 1687 1915 Coeli
1707 1878 1785 1914 erit
1805 1876 1886 1921 DI,
1907 1876 1950 1914 P.
1966 1875 2020 1914 31.

382 1930 444 1967 M.
462 1930 523 1968 20.
542 1930 821 1977 Quapropter
836 1932 882 1967 in
897 1929 1136 1978 Triangulo
1153 1930 1289 1975 BAC,
1305 1929 1508 1978 Angulus
1524 1929 1579 1968 ad
1595 1930 1648 1974 A,
1670 1941 1803 1977 quem
1818 1929 1885 1967 DI
1901 1931 2022 1967 meti-

381 1988 461 2026 tur,
485 1985 563 2020 erit
585 1983 764 2021 totidem
785 1985 988 2030 partium,
1012 1983 1146 2021 Latus
1165 1983 1261 2027 AB,
1286 1983 1340 2020 eft
1361 1982 1732 2030 complementum
1751 1982 2022 2020 Eleuationis
2059 1995 2093 2020 30

382 2036 486 2079 Poli‚
512 2036 554 2073 P.
576 2036 638 2073 34.
660 2036 723 2073 M.
745 2037 781 2079 7,
808 2036 940 2074 Latus
965 2047 1069 2074 vero
1093 2036 1190 2080 CA,
1217 2035 1272 2074 est
1297 2036 1668 2083 complementum
1691 2035 2022 2079 Declinationis,

383 2091 513 2126 etiam
533 2089 728 2136 superius
748 2091 794 2126 in
814 2089 889 2127 suo
906 2089 1061 2136 Capite
1081 2091 1239 2136 petitae,
1260 2089 1303 2127 P.
1320 2089 1383 2127 89.
1401 2089 1464 2127 M.
1482 2089 1535 2127 10.
1555 2089 1705 2136 Quare
1720 2100 1797 2136 per
1811 2088 2023 2136 Triangu-

382 2142 526 2179 lorum
542 2142 701 2189 placita
717 2144 795 2179 erit
811 2142 902 2185 BC,
920 2142 962 2180 P.
980 2142 1042 2180 60.
1060 2142 1123 2180 M.
1140 2142 1225 2187 354,
1243 2142 1281 2180 8(
1297 2142 1352 2180 01)
1368 2143 1411 2180 id
1427 2142 1519 2181 HC
1535 2142 1918 2190 complementum,
1934 2140 2024 2188 ipsa

381 2195 579 2232 videlicet
595 2195 792 2232 Altitudo
809 2195 999 2242 quaefita,
1016 2195 1059 2233 P.
1076 2195 1138 2233 29.
1157 2195 1220 2233 M.
1237 2195 1322 2235 243.
1340 2191 1354 2245 ΙΙ

434 2247 531 2285 Pari
543 2250 724 2291 ratione,
737 2247 978 2285 infecunda
989 2247 1304 2286 Obseruatione
1314 2248 1441 2286 datur
1449 2248 1571 2286 locus
1581 2248 1706 2292 Solis,
1716 2248 1758 2285 P.
1769 2248 1813 2285 11.
1825 2247 1888 2285 M.
1899 2247 1950 2285 36
1964 2251 2003 2290 ‚Z
2013 2277 2021 2292 ,
2050 2253 2111 2286 110

382 2302 475 2338 eius
490 2300 692 2338 Ascenfio
709 2299 837 2338 Recta
853 2301 895 2338 P.
913 2301 1001 2339 250.
1019 2301 1082 2338 M.
1094 2302 1131 2339 4.
1149 2301 1286 2339 Horis
1301 2313 1406 2339 vero
1422 2313 1449 2339 a
1464 2301 1652 2339 Meridie
1669 2300 1821 2348 elapfis
1832 2300 1868 2338 8.
1881 2300 1945 2338 M.
1957 2300 2021 2345 35,

381 2353 639 2400 respondent
661 2355 707 2391 in
729 2353 982 2400 AEquatore,
1006 2354 1048 2391 P.
1071 2354 1150 2392 128.
1173 2354 1236 2392 M.
1253 2355 1315 2392 45.
1341 2354 1490 2400 Quare
1513 2353 1714 2392 Ascenfio
1737 2352 1866 2392 Recta
1887 2353 2019 2401 medij

382 2406 497 2444 Coeli
519 2406 573 2449 D,
596 2406 650 2444 G.
668 2407 720 2444 18.
738 2406 801 2443 M.
818 2407 881 2444 49.
904 2406 1107 2454 Cumque
1129 2407 1184 2445 ad
1204 2407 1247 2445 id
1267 2412 1439 2454 tempus
1454 2406 1656 2445 Ascenfio
1677 2404 1807 2444 Recta
1823 2406 2021 2444 Cometae

380 2459 807 2506 proportionabiliter
822 2459 1055 2504 verificam,
1076 2459 1203 2498 fuerit
1219 2460 1262 2498 P.
1279 2460 1359 2498 301.
1378 2459 1441 2497 M.
1458 2460 1511 2504 18,
1536 2462 1614 2497 erit
1630 2459 1763 2497 Latus
1779 2459 1874 2503 DL,
1897 2459 1940 2497 P.
1957 2459 2020 2497 77.

381 2512 443 2549 M.
457 2512 510 2549 31.
529 2512 720 2559 Ideoque
736 2514 782 2550 in
792 2511 1031 2560 Triangulo
1048 2513 1189 2557 ΒΑΚ,
1206 2513 1408 2560 Angulus
1424 2512 1553 2550 BAK
1567 2512 1747 2550 totidem
1762 2517 1869 2559 part.
1887 2511 2021 2550 Cum·
2058 2524 2093 2549 40

1935 2576 2020 2612 que
