2209 3213
350 210 429 247 360
844 206 927 243 DE
949 204 1174 243 MUNDI
1194 203 1495 242 AETHEREI

350 315 535 352 calidam
559 313 595 349 &
618 312 782 352 ficcam,
809 313 854 347 in
876 311 1123 357 supremam
1146 311 1274 347 Aeris
1298 310 1535 357 Regionem
1558 309 1789 352 eleuatam‚
1815 309 1988 356 illicque

350 366 667 407 condensatam,
689 376 738 401 ac
760 364 903 401 calore
921 363 958 400 &
974 369 1097 400 motu
1116 362 1387 409 superiorum
1404 374 1637 409 corporum
1658 362 1890 400 incensam.
1908 362 1988 400 Ve-

350 431 445 457 rum
472 419 584 455 hanc
611 417 879 455 Sententiam
904 417 1173 463 apertissimae
1199 416 1391 458 Veritati‚
1418 417 1523 453 citra
1548 426 1679 452 omne
1705 415 1900 458 dubium,
1926 427 1988 453 re-

349 483 554 519 pugnare,
579 470 616 507 8(
641 470 872 508 Cometam
897 469 1014 506 hunc
1038 480 1129 506 non
1153 468 1475 506 Elementarem
1500 467 1628 511 fuisse,
1654 468 1724 506 sed
1749 470 1794 506 in
1818 468 1990 506 sublimi

349 525 526 562 AEthere
551 528 818 570 generatum,
846 524 971 559 toties
997 521 1034 559 &
1059 527 1149 559 tam
1173 520 1345 559 inuictis
1370 521 1612 559 rationibus
1637 533 1686 559 ac
1713 521 1989 560 Demonstra-

349 578 539 615 tionibus
551 588 577 613 a
589 576 713 613 nobis
726 578 770 613 in
782 575 866 612 hoc
878 575 1008 613 Libro
1020 575 1353 622 comprobatum
1370 574 1437 617 est,
1455 579 1501 612 ut
1517 580 1709 621 repetere
1725 577 1878 622 pigeat.
1897 574 1990 612 Nec

351 631 570 678 Grynaeus
591 629 705 666 hanc
725 628 847 666 suam
868 629 1137 665 assertionem
1154 639 1176 664 e
1193 629 1317 665 certis
1334 627 1724 666 Obseruationibus
1743 627 1990 666 Mathema-

349 686 440 724 tice,
459 689 503 719 ut
520 682 661 719 decuit
678 681 1057 725 Mathematicum,
1075 680 1412 723 Demonstrauit,
1434 680 1503 718 sed
1520 680 1651 728 longo
1668 680 1746 718 usu
1761 683 1807 718 in
1823 680 1992 719 Scholis

349 736 601 783 approbatae
628 736 838 781 opinioni,
865 746 964 781 quae
991 745 1043 771 ex
1069 733 1347 771 Aristotelicis
1373 733 1589 781 figmentis
1615 736 1827 781 originem
1851 736 1991 778 traxit,

350 791 478 826 nimis
499 794 659 825 temere
676 787 932 835 suffragatus
950 787 1015 831 est,
1039 798 1225 834 eamque
1241 792 1382 824 ratam
1399 786 1743 825 &indubitatam
1758 788 1991 834 pronunci-

350 854 435 884 are,
453 847 498 879 ut
514 841 709 888 plerique
727 842 858 878 etiam
873 840 945 888 alij
964 840 1140 882 faciunt,
1158 851 1213 877 ne
1229 839 1360 877 semel
1376 840 1554 887 quidem
1568 840 1858 878 dubitandum
1869 845 1991 887 puta-

350 898 423 933 uit.
445 894 570 931 Adeo
592 893 820 931 difficulter
840 893 1010 936 falsitas,
1032 893 1106 930 ubi
1127 904 1203 940 per
1223 893 1407 940 speciem
1429 895 1523 930 ueri
1543 893 1774 931 incrustata
1793 892 1933 937 fuerit,
1955 892 1993 930 8(

350 948 542 986 diuturni
559 948 766 994 temporis
783 946 873 990 usu,
890 946 1219 993 multorumque
1231 945 1510 984 Authoritate
1522 946 1766 984 ualentium
1781 946 1993 993 approba-

350 1003 479 1043 tione,
497 1000 662 1038 radices
675 1002 817 1047 egerit,
834 1002 923 1037 imo
936 1001 1023 1042 uix,
1037 999 1074 1037 8(
1086 1011 1141 1037 ne
1154 1001 1229 1037 uix
1241 999 1431 1046 quidem,
1445 1011 1497 1037 ex
1509 1001 1669 1037 animis
1681 998 1993 1047 Philosophan-

350 1056 458 1092 tium
476 1053 688 1091 euellitur.

403 1106 550 1144 Postea
567 1118 666 1144 cum
682 1106 737 1144 ad
755 1106 1093 1144 Obseruationes
1111 1105 1350 1143 deuentum
1372 1105 1438 1150 est,
1461 1105 1671 1153 quasdam
1692 1106 1803 1143 adeo
1824 1107 1994 1143 ieiunas

354 1160 391 1197 8(
410 1160 498 1198 lato
519 1159 651 1197 modo
672 1171 748 1206 per
768 1159 907 1197 solum
928 1161 1134 1196 intuitum
1154 1159 1209 1196 ad
1228 1159 1335 1196 Fixa
1351 1158 1503 1197 Sidera
1523 1158 1706 1203 habitas,
1728 1158 1928 1202 recenset,
1949 1164 1995 1196 ut

353 1214 407 1251 ab
418 1212 720 1250 Astronomica
736 1213 883 1250 amussi
900 1212 1072 1259 prorsus
1086 1212 1244 1250 alienae
1256 1214 1545 1259 reperiantur;
1562 1212 1679 1250 unde
1692 1214 1823 1250 etiam
1834 1210 1995 1250 fastum

354 1266 420 1310 est,
438 1271 484 1303 ut
499 1268 544 1303 in
556 1266 661 1303 locis
672 1265 805 1303 huius
817 1265 1015 1303 Cometae
1027 1265 1083 1303 ad
1095 1270 1233 1303 certos
1245 1265 1336 1303 dies
1347 1264 1657 1312 praefiniendis,
1674 1265 1802 1312 supra
1813 1265 1995 1302 modum

355 1318 615 1357 exorbitarit.
634 1319 752 1357 Nam
768 1318 852 1356 Die
863 1318 986 1356 XIIII
999 1318 1279 1362 Nouembris,
1297 1321 1390 1356 eius
1407 1319 1744 1366 Longitudinem
1759 1318 1857 1365 plus
1874 1318 1996 1356 denis

354 1372 556 1420 gradibus
578 1374 795 1419 anticipat.
818 1372 902 1409 Die
918 1371 1040 1409 XVII
1057 1372 1244 1409 eandem
1265 1377 1372 1418 part.
1389 1372 1435 1411 9&
1451 1371 1557 1409 iusto
1573 1373 1803 1414 minorem,
1826 1371 1863 1408 8(
1884 1371 1995 1409 Lati-

354 1426 551 1463 tudinem
566 1426 590 1462 4
605 1426 721 1472 grad.
739 1423 980 1469 arctiorem,
998 1436 1132 1472 quam
1149 1427 1351 1472 oportuit,
1368 1425 1517 1463 reddit.
1540 1425 1624 1462 Die
1640 1424 1784 1462 XVIII
1800 1425 1996 1462 Nouem-

354 1479 453 1522 bris,
475 1479 811 1526 Longitudinem
832 1490 965 1525 quam
986 1480 1105 1525 prius
1126 1480 1313 1515 nimium
1334 1478 1623 1522 abbreuiarat,
1647 1474 1661 1528 ΙΙ
1684 1489 1802 1515 nunc
1825 1477 1997 1515 duobus

355 1532 557 1579 gradibus
573 1531 670 1579 plus
686 1531 793 1569 iusto
809 1532 1006 1579 adauget.
1025 1531 1093 1569 Sic
1109 1533 1240 1569 etiam
1253 1531 1337 1568 Die
1349 1531 1474 1569 XXII
1487 1530 1755 1568 Nouembris
1767 1542 1869 1569 eum
1880 1530 1996 1578 grad.

355 1586 401 1624 δὲ
426 1584 539 1622 ultra
563 1585 756 1622 debitum
780 1585 964 1622 modum
988 1584 1197 1632 producit.
1229 1584 1313 1622 Die
1338 1584 1518 1629 XXIIII,
1544 1583 1656 1622 recte
1681 1584 1858 1631 quidem
1884 1584 1995 1627 dicit,

357 1638 588 1676 Cometam
599 1638 887 1685 AEquatorem
898 1638 1117 1685 superasse‚
1132 1637 1202 1675 sed
1214 1649 1443 1685 perperam
1456 1640 1549 1675 eius
1560 1637 1707 1675 locum
1719 1639 1764 1675 in
1775 1642 1881 1685 part.
1894 1637 1936 1674 16
1952 1645 1994 1673 m

356 1693 541 1738 reponit;
563 1691 772 1738 liquidem
788 1691 988 1729 nondum
1003 1691 1170 1729 sextum
1186 1691 1376 1729 eiusdem
1394 1691 1512 1738 Signi
1527 1691 1711 1738 gradum
1727 1690 1997 1737 adimplerat.

357 1744 440 1782 Die
464 1744 481 1781 I
505 1744 771 1788 Decembris,
794 1745 817 1782 4
841 1745 1056 1792 gradibus.
1082 1744 1166 1782 Die
1189 1744 1281 1788 IIII,
1306 1746 1501 1791 quinque
1524 1746 1569 1781 in
1592 1744 1882 1791 Longitudine
1905 1745 1999 1781 eius

357 1797 562 1835 abundat.
580 1797 787 1845 Sequenti
803 1798 887 1835 Die
904 1798 942 1834 V
959 1797 1149 1835 eiusdem
1166 1797 1434 1841 Decembris,
1452 1808 1553 1835 eum
1569 1799 1614 1834 in
1630 1802 1736 1844 part.
1754 1797 1796 1834 10
1813 1799 1851 1841 >(
1872 1796 1997 1840 locat,

358 1862 457 1888 cum
477 1850 593 1898 grad.
614 1851 655 1888 21
681 1860 722 1887 κα
747 1853 944 1898 proxime
966 1850 1165 1888 emensus
1186 1851 1291 1895 esset,
1314 1851 1477 1888 excessu
1497 1851 1713 1888 incidente
1734 1850 1775 1888 19
1795 1850 1912 1897 grad.
1936 1849 1999 1887 Ita

359 1905 489 1941 etiam
500 1903 602 1941 XIII
615 1904 869 1942 Decembris
886 1915 987 1941 eum
1003 1906 1048 1941 in
1065 1904 1106 1942 17
1124 1906 1161 1948 )(
1183 1915 1365 1951 ponens,
1382 1905 1558 1951 integris
1574 1904 1615 1941 19
1630 1903 1834 1951 gradibus
1850 1915 1876 1941 a
1892 1914 1999 1940 uero

358 1957 527 1994 recedit.
546 1956 629 1994 Die
646 1968 753 1994 uero
769 1969 873 1994 mox
887 1957 1103 2004 sequente,
1121 1958 1161 1994 15
1173 1957 1390 2004 graduum
1401 1957 1723 1994 aberrationem
1734 1958 1780 1993 in
1792 1956 2000 1993 ulteriora

359 2009 558 2056 designat,
576 2009 613 2046 8(
630 2009 682 2047 fic
699 2010 751 2047 de
768 2012 946 2054 caeteris,
968 2010 1079 2047 adeo
1100 2015 1146 2047 ut
1166 2010 1382 2057 nusquam
1404 2012 1497 2047 eius
1513 2021 1671 2047 uerum
1691 2009 1849 2053 locum,
1871 2011 1998 2046 inter-

359 2062 478 2099 uallo
494 2062 698 2100 binorum
714 2064 942 2110 graduum,
960 2062 1070 2101 recte
1087 2063 1352 2110 praefinierit,
1369 2063 1446 2100 nifi
1457 2063 1547 2100 solo
1559 2062 1702 2100 XVIII
1715 2062 1998 2105 Nouembris;

359 2115 408 2152 In
424 2115 601 2162 reliquis
617 2127 707 2153 non
724 2116 862 2153 solum
879 2128 954 2163 per
971 2118 1128 2163 quinos
1145 2116 1183 2154 8(
1199 2116 1323 2154 senos
1339 2116 1510 2164 gradus,
1527 2116 1597 2154 sed
1609 2117 1740 2153 etiam
1752 2115 1864 2152 ultra
1877 2115 1998 2152 dimi-

359 2168 480 2205 dium
492 2168 684 2215 Signum,
702 2169 999 2207 deuiationem
1011 2169 1185 2207 inducit.
1204 2172 1276 2207 An
1288 2169 1371 2207 hoc
1385 2169 1439 2207 est
1452 2169 1789 2207 Obseruationes
1802 2168 1999 2206 Cometae

359 2220 682 2259 Astronomicas
703 2224 747 2258 in
768 2222 963 2259 medium
984 2221 1179 2260 adferre?
1200 2234 1258 2260 an
1279 2222 1362 2260 hoc
1384 2222 1438 2260 est
1455 2222 1768 2260 Mathematice
1785 2232 1878 2258 rem
1893 2226 1999 2258 trac-

359 2273 476 2311 tare?
493 2286 550 2311 an
567 2273 650 2311 hoc
668 2274 722 2312 est
734 2275 970 2312 Veritatem
986 2277 1245 2322 penitiorem
1262 2278 1307 2313 in
1320 2276 1518 2314 Cometae
1530 2276 1812 2322 Apparentijs
1829 2273 1999 2311 enucle-

359 2325 459 2364 are?
481 2326 609 2364 Certe
629 2326 712 2364 hoc
734 2327 800 2371 est,
822 2330 980 2376 negotij
1004 2329 1306 2366 certitudinem
1327 2340 1353 2366 a
1373 2340 1480 2366 uero
1500 2330 1671 2366 tramite
1692 2329 1737 2364 in
1758 2327 1888 2365 deuia
1903 2338 1999 2373 pro-

359 2380 543 2423 trudere,
561 2379 598 2417 8(
616 2380 813 2418 Cometae
829 2383 1069 2428 genuinum
1087 2392 1136 2418 ac
1153 2382 1439 2425 ordinarium,
1456 2383 1741 2429 apprimeque
1755 2379 2000 2427 regularem

359 2437 540 2476 motum,
558 2432 983 2471 disconuenientibus
1001 2434 1390 2472 Obseruationibus
1406 2435 1580 2472 turbare
1597 2433 1634 2471 &
1651 2433 1930 2471 confundere.
1950 2433 2000 2470 Et

360 2486 583 2532 quomodo
605 2486 750 2532 quaeso
772 2486 1021 2524 Parallaxin
1044 2486 1188 2529 huius,
1213 2499 1313 2534 quae
1338 2489 1451 2525 circa
1473 2489 1658 2524 minima
1679 2486 1884 2529 uersatur,
1907 2485 1999 2523 sub-

1731 2538 1999 2585 tilissimaque

2033 800 2063 825 10

2035 1066 2065 1090 15

2034 1331 2067 1356 20

2021 1485 2085 1516 452

2034 1597 2067 1622 25

2037 1862 2070 1887 30

2037 2127 2070 2153 35

2038 2392 2071 2417 40
