2209 3213
376 208 443 245 122
870 202 953 241 DE
975 202 1200 240 MUNDI
1222 201 1525 240 AETHEREI

994 340 1438 680 JV

375 1373 503 1409 vnico
529 1369 729 1418 scrupulo
755 1367 997 1412 insensibili,
1024 1379 1112 1415 quo
1138 1367 1346 1406 excedere
1370 1367 1557 1411 videtur;
1583 1379 1684 1406 cum
1707 1374 1856 1406 tamen
1880 1367 2018 1406 multo

375 1426 520 1462 minor
540 1424 661 1467 foret,
683 1422 711 1460 fi
733 1422 919 1460 Cometa
936 1423 981 1458 in
1000 1423 1203 1468 proxima
1219 1422 1493 1459 concauitate
1510 1421 1640 1459 Orbis
1656 1421 1806 1466 Lunae,
1828 1421 1898 1459 vel
1914 1417 1929 1471 ΙΙ
1945 1421 2017 1459 ad·
2045 1427 2107 1459 143

376 1478 461 1515 huc
477 1479 656 1525 propius
672 1475 923 1514 versaretur.
941 1475 1060 1512 Nam
1071 1476 1117 1512 in
1128 1474 1322 1522 sequenti
1334 1474 1624 1522 Figuratione‚
1641 1486 1717 1522 per
1729 1486 1863 1522 quam
1874 1474 2017 1512 Paral-

376 1531 497 1568 laxes
518 1532 724 1573 eruimus,
748 1527 1055 1572 manifestatur,
1079 1527 1195 1566 hanc
1218 1526 1408 1574 respectu
1432 1529 1565 1565 centri
1585 1527 1733 1565 Terrae
1754 1528 1809 1566 ad
1829 1529 2018 1575 primam

377 1584 739 1622 Obseruationem
762 1582 933 1620 extitisse
956 1593 1033 1628 per
1055 1581 1282 1629 Angulum
1307 1580 1455 1625 GCA,
1479 1580 1542 1618 M.
1559 1581 1644 1624 543,
1668 1581 1705 1618 &
1728 1582 1774 1618 in
1795 1580 2017 1628 posteriori
2055 1593 2071 1618 5

375 1649 451 1684 per
472 1636 699 1685 Angulum
720 1635 876 1679 HDA,
897 1635 939 1672 P.
958 1635 983 1672 l.
1001 1634 1064 1672 Μ.
1081 1634 1140 1673 Ζὲ.
1163 1633 1442 1681 Quapropter
1462 1633 1595 1671 fuisset
1614 1634 1812 1672 Altitudo
1832 1645 1937 1672 vera
1956 1645 2020 1671 re-

376 1688 518 1737 spec‘tu
539 1691 672 1728 centri
688 1689 836 1726 Terrae
852 1689 905 1731 Α,
927 1688 1048 1725 Prior
1064 1688 1106 1725 P.
1124 1687 1186 1726 35.
1204 1687 1267 1725 M.
1285 1687 1361 1731 143,
1382 1686 1592 1724 Posterior
1612 1687 1654 1725 P.
1671 1687 1734 1725 20.
1752 1687 1815 1724 M.
1832 1687 1890 1731 9³5,
1911 1692 1955 1724 vt
1974 1686 2021 1724 fit

377 1743 621 1781 differentia
643 1742 862 1788 vtriusque
885 1741 927 1779 P.
945 1742 998 1779 15.
1020 1740 1084 1778 M.
1101 1741 1142 1784 5;
1166 1751 1267 1778 cum
1288 1745 1437 1778 tamen
1461 1739 1726 1778 conferendo
1749 1739 2020 1787 superficiem

376 1796 524 1834 Terrae
541 1796 752 1839 debuisset,
774 1806 827 1832 ex
843 1796 976 1842 priori
992 1793 1214 1841 positione,
1236 1793 1364 1837 fuisse,
1385 1793 1428 1831 P.
1446 1794 1499 1831 15.
1517 1793 1580 1831 Μ.
1597 1794 1651 1837 14,
1673 1793 1915 1831 discrimine
1932 1795 2019 1831 exi-

376 1850 505 1887 stente
521 1849 738 1896 Vtriusque
755 1849 779 1886 9
794 1847 1109 1895 scrupulorum,
1127 1847 1284 1894 quibus
1301 1846 1499 1884 distantia
1516 1846 1757 1884 Obseruata
1772 1858 1798 1884 a
1814 1846 2018 1893 supremi·
2060 1858 2091 1883 ιο

374 1908 460 1940 tate
473 1902 619 1940 Terrae
632 1902 850 1948 superaret
863 1912 973 1945 eam,
987 1912 1087 1947 quae
1100 1911 1153 1937 ex
1165 1905 1325 1938 centro.
1342 1900 1400 1937 At
1412 1911 1512 1937 cum
1523 1901 1708 1937 variatio
1721 1899 2019 1937 distantiarum

375 1967 401 1993 a
421 1956 547 1993 nobis
565 1955 805 1993 Obseruata
820 1956 866 1991 in
882 1953 1106 2000 superficie
1122 1953 1271 1991 Terrae
1288 1953 1332 1996 F,
1354 1953 1509 1990 eadem
1525 1952 1570 1990 fit
1586 1964 1698 1999 pene
1715 1964 1815 1990 cum
1832 1964 1896 1996 ea,
1918 1963 2019 1999 quae

375 2008 470 2046 fieri
485 2009 612 2055 posset
625 2020 677 2045 ex
689 2013 837 2045 centro
848 2008 901 2053 A,
918 2018 998 2044 nec
1012 2006 1182 2044 differat
1194 2006 1271 2043 nisi
1282 2017 1370 2043 vno
1382 2005 1583 2053 scrupulo
1595 2005 1837 2049 insensibili,
1854 2005 2019 2043 nedum

374 2066 418 2099 vt
439 2063 625 2099 nouenis
647 2061 865 2104 dissentiat,
886 2059 1162 2097 manifestum
1182 2058 1265 2097 hac
1285 2061 1410 2097 tertia
1425 2061 1518 2096 vice
1536 2059 1694 2103 euadit,
1715 2063 1883 2096 tantam
1902 2058 2018 2096 fuisse

376 2116 663 2161 quantitatem
683 2114 812 2151 lineae
829 2113 861 2150 F
869 2113 905 2151 C
922 2112 960 2150 &
976 2113 1070 2156 FD,
1092 2124 1192 2159 quae
1210 2112 1264 2149 est
1280 2112 1490 2150 distantiae
1506 2124 1533 2150 a
1548 2111 1684 2149 Terra
1699 2112 1755 2149 ad
1772 2111 2016 2154 Cometam,
2059 2123 2089 2149 15

374 2173 417 2204 vt
433 2167 551 2205 linea
566 2167 654 2210 FA‚
675 2167 992 2204 semidiameter
1007 2165 1167 2209 Terrae,
1189 2176 1280 2203 non
1300 2164 1513 2209 habuerit,
1535 2164 1725 2211 respectu
1746 2164 1874 2208 illius,
1896 2163 2018 2202 senfi-

374 2220 456 2258 bus
472 2222 766 2258 incurrentem
782 2221 1123 2266 proportionem,
1145 2218 1183 2256 &
1204 2218 1259 2256 ob
1280 2218 1323 2256 id
1343 2218 1460 2256 idem
1475 2217 1606 2265 sequi,
1624 2214 1638 2267 ΙΙ
1654 2217 1742 2255 fiue
1759 2217 2017 2255 Obseruatio
2045 2223 2107 2255 144

375 2273 470 2311 haec
486 2271 598 2311 fac‘ta
615 2273 708 2310 esset
724 2274 769 2309 in
786 2272 817 2309 F
833 2272 920 2309 fiue
937 2274 981 2309 in
998 2272 1051 2315 A,
1073 2269 1264 2318 respedtu
1281 2271 1490 2309 distantiae
1506 2270 1635 2318 ipfius
1652 2270 1689 2308 C
1706 2270 1743 2307 &
1760 2270 1801 2308 D
1818 2270 1902 2308 loci
1917 2272 2017 2307 vtri-

375 2326 509 2373 usque
531 2325 741 2364 Cometae.
764 2324 952 2372 Idipsum
973 2336 1078 2362 vero
1099 2324 1194 2362 fieri
1214 2336 1305 2361 non
1325 2325 1435 2371 posse
1457 2326 1502 2361 in
1522 2325 1724 2371 proxima
1746 2325 2017 2361 concauitate

376 2378 571 2426 Sphaerae
588 2379 786 2420 Lunaris.
804 2378 967 2415 nedum
983 2379 1029 2414 in
1044 2378 1141 2415 loco
1158 2377 1302 2415 adhuc
1318 2379 1533 2424 propiore,
1551 2376 1832 2414 Geometrica
1847 2378 2016 2413 ratioci-
2054 2387 2088 2412 20

375 2434 495 2470 natio
517 2431 642 2469 facile
664 2432 895 2474 conuincit‚
914 2430 1032 2468 velut
1048 2435 1141 2468 turn
1157 2431 1211 2468 ab
1228 2430 1337 2478 alijs,
1359 2435 1452 2468 tum
1468 2441 1495 2468 a
1510 2429 1636 2467 nobis
1652 2429 1799 2467 libello
1815 2429 1868 2467 de
1884 2428 2016 2467 Stella

376 2485 522 2528 Noua,
540 2496 592 2522 ex
609 2484 705 2531 ipsis
723 2482 1110 2522 Obseruationibus
1126 2482 1481 2520 Demonstratum
1498 2481 1564 2520 est.
2053 2484 2073 2515 -ι-

1738 2534 2016 2582 Quapropter
