2209 3213
138 821 167 846 10

139 1089 168 1114 15

135 1355 168 1380 20

116 1455 180 1487 343

134 1622 167 1647 25

133 1888 167 1913 30

132 2154 165 2178 35

132 2419 165 2443 40

526 222 1050 263 RECENTIORIBUS
1071 222 1529 260 PHAENOMENIS
1771 224 1850 262 277

260 331 487 376 Secundo,
512 342 534 368 e
558 331 818 369 Meridianis
842 331 1041 369 Cometae
1063 329 1100 367 &
1121 329 1298 376 Aquilae
1319 328 1635 368 Altitudinibus
1658 332 1850 369 inuicem

206 386 481 432 comparatis,
497 384 626 428 idem,
643 384 740 422 licet
757 386 940 423 crassiori
957 383 1311 425 confideratione,
1329 382 1368 420 se
1385 384 1590 421 inuenisse
1606 384 1791 422 testatur.

265 437 425 483 Tertio,
443 449 519 485 per
531 437 701 475 diuerso
712 443 908 485 tempore
920 442 1119 484 acceptas
1132 435 1323 474 eiusdem
1336 435 1534 474 Cometae
1547 437 1761 476 dissimiles
1774 438 1850 476 ali-

206 491 470 539 quantulum
485 503 512 529 a
528 493 653 529 certis
669 491 784 528 Fixis
801 491 1032 534 distantias,
1049 489 1235 536 idipsum
1250 489 1436 536 probare
1453 495 1648 528 conatur.

259 545 344 583 His
364 544 499 582 tribus
521 544 942 582 Ratiocinationibus
962 543 1072 587 vsus,
1095 543 1328 581 Cometam
1351 542 1469 580 hunc
1490 543 1601 581 adeo
1622 543 1767 582 Terris
1792 545 1851 591 (vt

205 597 366 636 dictum
383 597 454 644 est)
471 599 666 635 vicinum
682 597 797 636 fuisse
814 596 1044 635 concludit.

257 651 422 689 Verum
433 663 511 698 ego
521 663 612 688 non
622 651 761 688 solum
772 651 891 689 hunc
901 651 1135 689 Cometam
1144 648 1397 686 nullatenus
1406 649 1520 687 infra
1530 650 1703 688 Lunam
1714 663 1850 689 emer-

204 705 298 746 fisse.
320 704 417 742 satis
439 704 663 742 euidenter
685 704 839 750 Capite
861 704 991 742 Sexto
1012 701 1333 744 Demonstraui,
1356 702 1721 741 consentientibus
1742 704 1850 742 mihi

205 757 463 795 Illustrissimi
473 758 683 804 Principis
691 755 1007 795 WILHELMI
1016 755 1389 794 LANDGRAVII
1399 755 1643 801 HASSIAE,
1655 757 1692 794 &
1703 757 1849 795 Moest-

205 811 282 848 lini
299 823 349 848 36
366 811 561 858 Cornelij
582 810 786 848 Gemmae
804 809 1206 852 Obseruationibus,
1228 807 1298 845 sed
1319 820 1374 845 ne
1392 809 1569 855 quidem
1587 822 1639 847 ex
1656 810 1724 848 his
1740 811 1849 857 ipfiS‚

205 876 305 910 quae
325 863 578 902 Thaddaeus
598 865 645 901 in
664 864 860 902 medium
880 863 1090 911 producit,
1111 861 1361 908 Tecmerijs,
1383 862 1426 900 id
1442 863 1560 909 quod
1581 863 1667 910 ipse
1688 864 1780 902 vult
1799 865 1850 902 de

206 917 471 955 Elementari
488 919 581 954 eius
597 917 687 959 fitu,
708 919 799 954 imo
815 917 946 964 plane
962 917 1231 954 contrarium
1246 914 1378 961 sequi,
1399 916 1621 954 manifeste
1642 917 1849 964 probabo.

258 970 465 1009 Primum
484 972 631 1017 itaque
648 971 703 1008 ad
720 970 1096 1013 obseruationem,
1118 979 1253 1015 quam
1269 969 1382 1006 circa
1399 968 1688 1007 Altitudinem
1701 970 1738 1007 8(
1751 971 1850 1008 Azi-

206 1023 361 1062 mutha
381 1023 546 1068 habuit,
568 1035 668 1061 cum
688 1023 923 1062 interuallo
943 1024 1151 1069 temporis
1172 1023 1356 1068 cognito.
1378 1023 1499 1060 iuxta
1516 1023 1852 1070 Regiomontani

207 1077 472 1115 Methodum
488 1077 835 1124 expendendam,
852 1089 923 1114 me
939 1075 1181 1118 conferens,
1198 1086 1483 1121 nequaquam
1496 1078 1690 1119 inuenio,
1707 1077 1851 1115 Paral-

205 1131 338 1175 laxin,
360 1142 461 1177 quae
477 1131 501 1169 5
517 1130 563 1168 fit
578 1130 807 1177 graduum,
829 1130 867 1168 8(
888 1129 1055 1176 aliquot
1075 1128 1249 1175 insuper
1265 1127 1568 1176 scrupulorum
1590 1130 1650 1176 (vt
1670 1130 1742 1167 ille
1764 1133 1851 1168 exi·

205 1183 407 1229 stimauit)
432 1195 485 1221 ex
508 1185 560 1232 ijs
582 1183 691 1231 ipfis‚
716 1196 815 1231 quae
839 1183 979 1225 refert,
1003 1182 1260 1220 dedomenis
1282 1184 1529 1229 prouenire.
1551 1182 1709 1227 Taceo,
1733 1184 1850 1230 quod

205 1237 488 1275 interuallum
510 1239 718 1284 temporis
740 1239 910 1284 vtrique
934 1236 1241 1274 Obseruationi
1264 1235 1536 1274 interiectum
1559 1238 1690 1274 nimis
1716 1249 1850 1284 angu-

205 1290 314 1328 stum
329 1290 533 1328 sumserit.
555 1290 677 1328 Dum
694 1292 811 1328 enim
828 1289 911 1328 hac
927 1292 1096 1328 ratione
1112 1293 1258 1326 motus
1274 1291 1435 1336 proprij
1455 1289 1654 1327 Cometae
1671 1291 1850 1337 impedi-

205 1349 354 1382 menta
365 1355 616 1391 praecauere
628 1343 831 1387 studebat,
844 1345 889 1381 in
901 1343 1035 1381 aliam
1046 1354 1139 1380 non
1149 1344 1368 1380 minorem
1380 1342 1679 1381 difficultatem
1690 1344 1850 1382 incidit.

206 1397 311 1435 Non
323 1399 441 1435 enim
452 1399 678 1435 variantur
690 1396 941 1435 Parallaxes
958 1398 1089 1434 etiam
1104 1397 1295 1433 maiores
1312 1396 1423 1434 adeo
1440 1396 1699 1440 sensibiliter,
1716 1397 1851 1444 spatio

204 1450 245 1488 18
261 1450 564 1498 scrupulorum
579 1452 709 1488 vnius
724 1447 740 1500 ΙΙ
756 1451 909 1493 Horae,
929 1454 974 1488 vt
989 1450 1091 1487 hinc
1109 1461 1183 1487 eas
1199 1448 1451 1493 discernere,
1472 1449 1561 1487 vlla
1577 1450 1772 1488 adhibita
1788 1453 1850 1488 in-

205 1503 363 1542 dustria
385 1503 573 1551 possibile
596 1503 653 1541 fit.
678 1504 797 1541 Nam
821 1503 984 1542 etiamsi
1006 1503 1238 1541 Cometam
1261 1502 1379 1541 hunc
1400 1502 1516 1541 fuisse
1537 1505 1583 1541 in
1603 1503 1801 1542 distantia
1825 1516 1850 1542 a

204 1556 349 1595 Terris
372 1557 396 1595 8
419 1557 567 1595 [3116111
595 1557 1031 1595 Semidiametrorum
1057 1556 1332 1599 concedatur,
1358 1556 1647 1594 nihilominus
1668 1557 1721 1595 ab
1743 1557 1850 1595 Alti-

204 1611 355 1649 tudine
371 1615 478 1657 part.
495 1610 580 1654 39³2,
601 1612 646 1648 in
662 1610 953 1648 Altitudinem
968 1614 1075 1657 part.
1093 1609 1177 1653 381,
1200 1609 1445 1648 differentia
1460 1615 1630 1648 tantum
1648 1610 1849 1649 existente

204 1664 321 1711 grad.
339 1664 387 1707 12¹⁴„
409 1663 650 1701 Parallaxis
666 1665 711 1701 in
728 1663 906 1702 Circulo
922 1663 1116 1701 verticali
1132 1664 1205 1700 vix
1225 1663 1476 1701 mutabatur
1494 1663 1518 1701 6
1536 1663 1746 1710 scrupulis
1766 1666 1849 1711 pri-

204 1719 299 1759 mis,
312 1719 358 1754 in
370 1717 528 1764 quibus
540 1729 674 1764 quam
686 1717 824 1755 facilis
835 1716 910 1755 fiat
921 1716 1221 1760 hallucinatio,
1233 1716 1470 1764 praesertim
1481 1717 1552 1755 vbi
1563 1717 1850 1755 Instrumento

205 1770 480 1813 eiuscemodi,
506 1770 624 1817 quod
649 1782 741 1808 non
765 1772 980 1808 maiorem
1005 1770 1202 1808 admittat
1224 1770 1536 1817 praecisionem,
1563 1782 1697 1817 quam
1720 1770 1849 1808 sextae

204 1825 338 1870 partis
360 1824 520 1871 gradus
543 1823 691 1870 (quale
714 1823 949 1861 adhibuisse
969 1822 1247 1861 Thaddaeum
1270 1822 1372 1861 hinc
1395 1828 1588 1870 apparet,
1613 1824 1730 1870 quod
1754 1824 1849 1862 nus-

205 1889 339 1924 quam
360 1876 625 1914 Altitudines
645 1877 715 1914 vel
735 1876 977 1914 Azimutha
997 1876 1121 1914 aliter
1142 1888 1276 1923 quam
1300 1878 1345 1914 in
1366 1877 1489 1914 denis
1512 1876 1721 1924 scrupulis
1744 1889 1849 1915 enu-

203 1929 357 1976 meret)
369 1929 619 1977 perficiatur
629 1930 899 1973 Obseruatio,
910 1931 1057 1977 quiuis
1066 1931 1111 1967 in
1121 1929 1412 1967 Astronomiae
1422 1929 1688 1968 Mechanica
1697 1929 1848 1969 113613-

203 1985 321 2021 110116
338 1983 664 2030 aliquantulum
681 1983 884 2025 versatus.
901 1983 1026 2021 facile
1044 1987 1246 2030 expertus
1263 1983 1330 2021 est.

257 2036 341 2074 Sed
356 2036 425 2074 his
441 2035 610 2080 16116115,
632 2037 687 2075 ad
703 2037 746 2074 id
763 2036 881 2083 quod
897 2036 1203 2084 proposuimus
1220 2036 1546 2080 ostendendum,
1568 2036 1767 2075 videlicet
1788 2039 1847 2084 ip-

204 2089 337 2127 samet
351 2089 567 2128 Thaddaei
583 2090 696 2134 data,
714 2090 1116 2137 quomodocunque
1132 2089 1172 2127 se
1189 2089 1381 2127 habeant
1396 2092 1442 2127 in
1458 2090 1788 2134 Altitudinibus,
1811 2090 1848 2128 8(

203 2142 466 2187 Azimuthis,
488 2154 588 2181 cum
604 2148 799 2190 ternpore
816 2142 1060 2189 interlapso,
1082 2154 1173 2180 non
1189 2142 1384 2190 praebere
1400 2148 1568 2181 tantam
1584 2143 1847 2187 Parallaxin,

202 2201 246 2234 vt
258 2196 359 2234 inde
371 2196 459 2234 vllo
470 2196 604 2234 modo
616 2197 791 2244 probari
804 2201 947 2243 queat,
961 2196 1194 2234 Cometam
1205 2195 1324 2234 hunc
1336 2198 1382 2234 in
1394 2196 1660 2234 Elementari
1673 2197 1848 2235 Mundo

204 2248 405 2293 effulfisse‚
423 2250 587 2287 nedum
598 2255 642 2287 vt
654 2261 707 2287 ea
718 2250 740 2288 5
753 2249 956 2297 gradibus
967 2251 1110 2287 maior
1122 2249 1293 2293 euadat,
1311 2261 1392 2287 nos
1404 2249 1692 2287 conferemus.
1705 2250 1847 2297 thue

203 2301 286 2340 hoc
302 2302 569 2340 manifestius
585 2307 743 2350 pateat,
760 2307 979 2350 repetatur
995 2301 1134 2350 figura
1149 2302 1236 2347 illa,
1254 2315 1342 2350 qua
1353 2305 1399 2340 in
1410 2303 1713 2341 Parallaxibus
1726 2305 1848 2341 iuxta

204 2355 540 2403 Regiomontani
556 2355 826 2394 Sententiam
844 2356 1150 2393 examinandis
1167 2360 1296 2394 antea
1312 2356 1370 2393 vfi
1390 2356 1550 2399 sumus,
1573 2356 1611 2394 8(
1631 2358 1846 2394 1611116311-

202 2413 271 2446 tur
291 2410 336 2446 in
356 2411 573 2447 memoria
594 2409 761 2447 eaedem
778 2409 1173 2453 denominationes,
1196 2409 1354 2456 quibus
1370 2409 1606 2448 delineatio
1622 2415 1712 2447 tota
1727 2412 1847 2456 prius

203 2461 418 2508 explicata
434 2462 501 2500 est.
523 2462 629 2500 Non
645 2464 763 2500 enim
784 2462 901 2500 lubet
921 2463 1046 2500 toties
1064 2462 1219 2500 eadem
1239 2462 1413 2501 taediose
1434 2468 1640 2510 repetere,
1663 2474 1762 2500 cum
1784 2465 1845 2500 in-

202 2514 492 2562 telligentibus
508 2515 604 2553 haec
620 2527 697 2563 per
712 2515 753 2553 se
769 2514 867 2553 satis
883 2514 1109 2553 manifesta
1124 2515 1213 2553 fint.

1496 2566 1845 2606 DEDOMENA
