2209 3213
371 246 421 283 36
862 240 944 277 DE
967 239 1191 278 MUNDI
1213 238 1512 276 AETHEREI

372 349 608 387 latitudinis
630 359 654 384 a
675 346 889 393 prioribus
912 344 1299 383 Obseruationibus
1321 344 1664 391 discrepantiam,
1687 343 1936 391 adiungam,
1960 349 2006 381 ut

370 409 458 440 tota
474 414 540 438 rcs
558 412 647 438 uno
664 402 821 436 intuitu
837 398 1005 436 facilins
1022 398 1304 446 dignoscatur.

369 497 631 536 TABELLA
649 495 995 534 CONTINENS
1014 495 1174 533 LOCA
1194 494 1536 533 EARUNDEM
1556 494 1831 532 FIXARUM
1848 493 2005 532 STEL-

452 558 675 601 LARUM,
699 557 963 603 QUARUM
985 557 1047 594 IN
1069 557 1199 595 HOC
1221 556 1471 595 COMETA
1487 556 1641 594 ANNI
1663 557 1757 594 1577
1777 555 1922 594 VSUS

638 619 796 662 ERAT,
818 618 922 655 PER
943 618 1229 656 NOUITIAS
1251 618 1735 657 OBSERUATIONES
2044 633 2059 658 5

724 680 1053 724 REITERATA,
1076 680 1113 717 8(
1134 680 1443 725 EXACTIUS,
1465 680 1648 727 QUAM

898 742 1115 785 ANTEA,
1138 742 1472 780 RESTITUTA.

1037 825 1141 850 LOCA
1158 825 1304 851 DENUO
1321 825 1541 851 RESTITUTA
1576 825 1726 850 DIFFER.
1741 826 1766 850 Α
1781 824 1987 850 PRIORIBUS

482 878 650 903 NOMINA
666 878 900 903 STELLARVM
1018 864 1555 911 W
1590 882 1762 921 Longitud4
1799 881 1983 920 lffatitudinis

1020 919 1024 921 —
1043 919 1051 921 l
1131 920 1137 921 ἶ
1273 919 1280 921 Δ
1451 920 1456 921 ⁷
1487 920 1491 921 ⁷
1510 920 1525 922 ᾲ
1781 926 1782 939 l

1653 937 1693 961 M.

402 999 564 1036 Lucida
580 998 774 1036 Vulturis

402 1052 488 1090 Sin.
507 1063 665 1089 manus
681 1052 829 1089 Antin.

402 1104 528 1142 Infer.
546 1116 683 1142 cornu
703 1110 727 1144 Z

402 1157 573 1195 Sinister
589 1157 800 1195 humerus
821 1167 861 1194 zzz

402 1211 564 1247 Dexter
580 1210 791 1248 humerus
812 1220 852 1247 m

402 1263 463 1301 Os
479 1263 623 1310 Pegasi

402 1317 545 1353 Prima
561 1316 644 1353 alae
661 1316 804 1363 Pegasi

402 1369 565 1406 Lucida
582 1369 680 1406 colli
696 1369 839 1416 Pegasi

402 1422 556 1459 Scheat
572 1422 716 1469 Pegasi

401 1475 615 1512 Dextrum
632 1487 745 1522 genu
762 1475 905 1522 Pegasi
1053 1476 1094 1513 19
1123 1476 1174 1513 50
1209 1478 1246 1520 )(

401 1528 542 1565 Borea
558 1530 603 1564 in
619 1527 723 1575 peel.
741 1528 885 1575 Pegafi
1053 1529 1094 1566 18
1122 1529 1172 1566 34
1209 1532 1246 1573 )(

400 1581 564 1618 Lucida
580 1581 705 1628 Lyrae
1069 1582 1093 1619 9
1122 1582 1173 1619 22
1215 1588 1240 1622 Z

1657 999 1683 1620 NNO—QQQGNOm-amw

417 1669 535 1706 Patet
551 1671 690 1716 igitur,
708 1681 842 1716 quam
859 1672 1065 1718 exiguum
1081 1671 1126 1708 sit
1143 1671 1380 1715 discrimen,
1397 1673 1508 1709 inter
1525 1684 1577 1710 ea
1592 1672 1690 1710 loca
1704 1671 1864 1710 harum
1880 1672 2001 1710 affix-
2035 1679 2078 1710 34

364 1734 490 1759 arum
514 1722 758 1766 Stellarum,
782 1735 882 1770 quae
905 1729 1007 1761 tunc
1029 1726 1237 1771 temporis
1260 1725 1630 1769 constitueramus,
1655 1725 1692 1762 8(
1715 1725 1801 1769 illa,
1826 1737 1926 1773 quae
1949 1736 2002 1763 ex

364 1777 541 1823 nouitijs
561 1775 598 1812 8(
617 1775 903 1814 exactioribus
921 1776 1308 1815 obseruationibus
1329 1778 1597 1825 deprehensa
1617 1778 1724 1822 sunt,
1745 1779 1869 1823 adeo,
1891 1784 1937 1816 ut
1956 1780 2002 1816 in
2039 1791 2073 1816 25

364 1828 497 1865 tribus
513 1829 740 1875 prioribus,
758 1829 795 1866 8(
812 1832 1005 1877 quinque
1022 1830 1338 1877 posterioribus,
1356 1830 1600 1869 differentia
1615 1831 1710 1869 haec
1730 1834 1806 1869 uix
1822 1832 1911 1870 duo
1927 1836 2003 1870 aut

365 1883 457 1923 tria,
481 1882 536 1918 ad
559 1881 788 1926 summum,
811 1882 1011 1930 scrupula
1031 1885 1076 1921 in
1096 1884 1378 1931 longitudine,
1402 1884 1717 1932 latitudineque
1739 1887 1929 1932 attingat.
1952 1885 2002 1922 In

366 1936 559 1980 quinque
576 1935 854 1983 intermedijs,
871 1948 898 1973 a
913 1936 1072 1974 sinistro
1090 1937 1293 1975 Humero
1313 1947 1371 1981 m,
1393 1937 1526 1985 usque
1542 1940 1588 1975 in
1604 1938 1795 1976 lucidam
1811 1938 1910 1976 colli
1927 1938 2000 1976 Pe-

365 1986 460 2034 gafi,
482 1987 553 2024 etsi
572 1987 705 2034 paulo
726 1991 867 2026 maior
887 1991 1077 2027 uarietas
1093 1992 1344 2037 reperiatur,
1366 1996 1513 2029 tamen
1529 1991 1637 2035 haec,
1658 2003 1759 2029 cum
1774 1991 1876 2029 sena
1890 1991 2000 2029 scru-

364 2039 469 2086 pula
489 2042 629 2086 prima
650 2040 766 2087 (quae
786 2053 876 2079 non
897 2045 1044 2090 magni
1063 2046 1275 2081 momenti
1295 2045 1341 2081 in
1361 2043 1444 2082 hoc
1461 2046 1634 2092 negotio
1651 2043 1883 2091 habentur)
1905 2044 2000 2082 nus·
2038 2057 2072 2082 30

366 2104 499 2139 quam
516 2095 560 2130 in
576 2093 844 2140 longitudine
862 2096 1051 2139 excedat,
1073 2096 1299 2134 latitudine
1319 2097 1417 2134 satis
1434 2102 1698 2145 congruente
1719 2097 1884 2144 (utpote
1901 2109 2000 2145 quae

364 2146 568 2183 binorum
584 2146 732 2184 saltem
748 2147 1060 2195 scrupulorum,
1078 2149 1115 2186 8(
1131 2151 1176 2187 in
1193 2152 1323 2188 unica
1335 2150 1479 2194 Stella,
1497 2162 1596 2198 quae
1614 2150 1668 2188 est
1684 2152 1729 2188 in
1745 2150 1905 2188 sinistro
1921 2150 2000 2188 hu-

365 2210 486 2235 mero
503 2207 543 2235 m
552 2230 560 2242 ,
572 2204 808 2242 ternorum,
821 2201 876 2238 ad
887 2201 1117 2245 summurn,
1133 2202 1423 2241 differentiam
1434 2203 1616 2251 ingerat)
1634 2215 1724 2241 non
1735 2215 2000 2251 magnopere

365 2251 615 2289 aestimanda
631 2255 767 2296 uenit;
784 2259 830 2291 ut
846 2266 936 2291 non
951 2254 1048 2292 satis
1064 2257 1212 2293 mirari
1229 2268 1401 2303 queam,
1419 2258 1494 2304 qui
1510 2256 1604 2294 fieri
1619 2259 1817 2304 potuerit,
1834 2262 1881 2295 ut
1891 2259 1937 2294 in
1949 2268 2001 2295 ea

364 2304 749 2342 Instrumentorum
766 2309 961 2353 penuria,
979 2307 1016 2344 8(
1032 2314 1121 2345 tam
1132 2309 1298 2347 lubrica
1310 2309 1581 2353 obseruandi,
1598 2321 1648 2347 ac
1659 2310 1756 2348 loca
1767 2310 2001 2348 Stellarum
2038 2322 2071 2347 35

364 2359 409 2393 in
425 2357 604 2404 longum
621 2358 845 2406 latumque
862 2361 1082 2408 redigendi
1099 2364 1185 2405 uia,
1205 2367 1295 2400 tarn
1310 2374 1445 2410 prope
1462 2368 1610 2400 tamen
1624 2363 1802 2410 scopum
1818 2365 2001 2410 petitum

364 2410 635 2448 collimarim.
654 2411 814 2457 Quare,
832 2425 931 2450 cum
948 2426 1038 2451 non
1055 2415 1268 2452 euidentis
1284 2416 1469 2453 alicuius
1481 2418 1691 2453 momenti
1703 2416 1749 2453 fit
1760 2416 1999 2460 discrimen,

364 2465 408 2499 in
424 2464 487 2509 ijs,
506 2464 661 2510 quibus
679 2476 731 2501 ex
747 2467 962 2512 prioribus
975 2467 1362 2506 Obseruationibus
1377 2471 1423 2506 in
1439 2468 1523 2506 hoc
1538 2469 1648 2507 libro
1661 2469 1762 2507 usus
1773 2469 1878 2513 sum,
1895 2468 1999 2507 Stel-

364 2515 506 2553 larum
523 2516 639 2561 locis,
658 2517 695 2555 8(
711 2519 774 2565 ijs,
793 2530 892 2565 quae
909 2531 1064 2558 reuera
1077 2522 1122 2557 in
1138 2521 1266 2558 Coelo
1283 2522 1476 2560 obtinere
1492 2522 1637 2569 postea
1653 2520 1844 2560 exactius
1861 2524 1999 2560 anim-

1716 2576 1998 2619 aduertimus,
