2209 3213
329 229 405 265 240
822 225 904 262 DE
926 225 1151 263 MUNDI
1172 224 1472 262 AETHEREI

329 334 579 379 Eclipticam
597 331 755 378 colligit
771 331 886 368 fuisse
903 333 947 368 in
964 331 1052 377 ipso
1069 332 1282 378 principio
1295 330 1566 377 Capricorni,
1583 341 1715 377 quern
1726 336 1874 368 tamen
1887 341 1967 367 nos

328 388 351 423 9
368 386 568 433 gradibus
586 387 849 421 anteriorem
865 383 1247 431 deprehendimus,
1269 383 1560 421 consentiente
1581 383 1805 421 nobiscum
1823 383 1906 421 hac
1922 385 1967 420 in

328 445 446 485 parte
465 437 671 474 Moestlini
689 436 903 475 exactiore
920 439 1218 474 annotatione.

380 491 478 528 DIE
491 491 570 527 XV
583 490 798 536 sequente,
812 502 864 527 ex
876 490 1073 528 distantia
1083 489 1120 527 &
1130 491 1458 537 comparatione
1471 501 1571 528 cum
1581 489 1769 528 Saturno
1780 489 1817 527 &
1827 489 1968 528 Stellis

328 547 370 581 in
388 556 524 581 cornu
545 549 584 587 Z,
603 543 763 581 iudicat
781 554 882 580 eum
898 548 1150 590 promotum
1166 542 1281 581 suisse
1298 555 1324 581 a
1341 543 1409 580 die
1426 543 1708 581 antecedente
1725 544 1748 581 5
1764 542 1968 590 gradibus

326 598 430 639 fere:
452 597 493 633 id
512 597 628 643 quod
646 598 832 633 nimium
849 596 915 634 est.
938 596 1057 634 Nam
1072 602 1217 634 motus
1234 595 1363 644 ipsius
1379 598 1580 643 proprius
1597 598 1642 633 in
1657 595 1733 633 suo
1750 594 1893 639 ductu,
1915 607 1968 633 eo

328 650 571 693 interuallo,
589 654 731 696 partes
747 649 794 688 3ὲἼ
809 661 901 687 non
917 650 1092 693 excessit,
1109 649 1207 687 licet
1219 649 1467 687 Moestlinus
1483 661 1582 687 eam
1595 649 1729 696 paulo
1741 651 1968 693 maiorem,

327 709 471 750 vtpote
489 702 542 740 G.
560 702 595 740 3.
614 702 677 740 M.
694 702 757 745 37,
774 702 1017 740 discrimine
1033 714 1124 740 non
1140 703 1252 741 adeo
1267 714 1442 750 magno,
1459 702 1695 740 constituat.

380 756 447 794 Sic
465 755 635 793 cursum
653 757 745 793 eius
761 758 806 793 in
823 756 1073 802 sequentem
1090 756 1206 794 diem
1222 755 1322 794 facit
1338 756 1380 793 P.
1394 756 1452 799 43,
1470 757 1544 802 qui
1557 760 1706 793 tamen
1717 755 1866 793 saltem
1879 760 1969 793 erat

327 810 368 847 33,
389 811 599 856 proxime,
621 820 753 855 quem
770 809 1017 847 Moestlinus
1037 809 1175 847 reddit
1195 808 1470 847 solummodo
1487 810 1505 848 -ὲ-
1522 810 1754 852 maiorem;
1775 812 1819 846 vt
1840 807 1877 845 8(
1897 807 1968 845 hic

327 864 513 899 nimium
534 862 693 899 habeat
715 862 949 900 Cornelius
971 862 1163 901 Gemma
1183 864 1228 900 in
1248 867 1370 900 motu
1389 863 1548 900 diurno
1565 861 1775 900 Cometae.
1798 860 1969 899 Nihilo-

327 918 473 953 minus
494 915 615 953 locus
637 917 730 953 eius
750 915 819 953 die
835 915 949 959 XVI,
972 928 1104 963 quern
1124 917 1159 953 is
1181 915 1340 963 colligit
1361 918 1405 953 in
1425 915 1466 953 16
1486 921 1526 959 z,
1549 926 1649 953 cum
1665 914 1912 953 Latitudine
1929 915 1969 951 14

327 969 442 1016 grad.
459 968 557 1006 satis
572 969 683 1006 bene
699 968 739 1006 se
756 968 899 1011 habet,
916 975 1045 1016 prout
1060 970 1247 1017 grossiori
1263 969 1468 1017 indagine
1481 980 1534 1006 ex
1546 968 1693 1006 Globo
1711 968 1970 1006 adinuenire

327 1023 457 1060 licuit.

380 1075 495 1113 Dicit
511 1080 723 1122 praeterea
740 1087 841 1113 eum
858 1075 958 1113 DIE
969 1075 1112 1113 XVIII
1128 1075 1243 1113 fuisse
1260 1077 1305 1113 in
1320 1075 1372 1113 20
1387 1081 1427 1120 z,
1445 1087 1533 1122 quo
1550 1075 1605 1113 ad
1619 1074 1969 1122 Longitudinem,

327 1128 397 1166 vbi
421 1129 592 1166 duobus
615 1130 813 1175 proxime
836 1128 1051 1176 gradibus,
1078 1140 1213 1176 quam
1236 1130 1438 1176 oportuit,
1462 1130 1726 1166 anteriorem
1749 1127 1860 1166 facit.
1887 1127 1970 1165 Sed

328 1182 446 1229 quod
466 1182 586 1219 bidui
602 1181 749 1229 spatio,
771 1184 816 1219 in
836 1182 912 1219 suo
928 1180 1070 1225 duc‘tu,
1093 1184 1214 1220 iuxta
1230 1182 1367 1226 illum,
1383 1182 1425 1220 P.
1443 1183 1489 1221 5}
1505 1187 1732 1229 promotus
1747 1180 1887 1225 fuerit,
1908 1180 1970 1218 so-

328 1235 421 1272 lum
436 1237 446 1274 ὲ
463 1246 489 1273 a
500 1246 605 1273 vero
622 1234 775 1279 deficit,
794 1246 893 1273 cum
909 1240 1057 1273 tamen
1073 1240 1203 1273 antea
1219 1240 1388 1273 motum
1405 1237 1498 1273 eius
1515 1235 1722 1273 diurnum
1738 1233 1845 1272 iusto
1862 1233 1969 1271 cele-

328 1290 488 1326 riorem
513 1288 755 1326 reddiderit.
783 1289 977 1336 Apparet
1002 1291 1148 1336 itaque
1175 1288 1434 1327 Cornelium
1460 1288 1700 1326 Gemmam
1729 1287 1970 1325 admodum

327 1342 415 1379 lato
431 1341 564 1379 modo
577 1352 598 1378 e
612 1341 758 1379 Globo
775 1342 981 1389 quodam,
999 1341 1037 1379 8(
1053 1353 1106 1380 eo
1123 1343 1253 1379 etiam
1270 1353 1361 1379 non
1376 1341 1486 1385 satis,
1503 1353 1592 1389 quo
1608 1341 1663 1379 ad
1679 1341 1804 1379 fitum
1820 1339 1969 1379 Stella-

328 1406 437 1437 rum,
450 1394 657 1437 absoluto,
672 1394 869 1432 Cometae
881 1394 1013 1433 huius
1025 1395 1319 1442 Apparentias
1330 1406 1561 1442 perperam
1571 1394 1805 1432 scrutatum
1817 1393 1945 1431 fuisse.
1956 1389 1970 1443 ΙΙ

381 1447 481 1485 DIE
497 1447 601 1485 XIX
618 1448 955 1495 Longitudinem
972 1450 1065 1486 eius
1080 1450 1203 1496 ponit
1218 1450 1263 1486 in
1279 1448 1329 1486 23
1351 1454 1391 1491 z,
1408 1447 1683 1495 sesquialtero
1699 1447 1836 1495 gradu
1851 1458 1878 1485 a
1893 1458 1970 1484 no-

327 1500 407 1538 stra
423 1500 708 1544 deficientem,
727 1503 773 1538 in
785 1501 1031 1539 Latitudine
1047 1513 1165 1546 vero,
1183 1513 1318 1549 quam
1333 1501 1474 1539 statuit
1484 1501 1527 1540 P.
1540 1501 1616 1545 173,
1632 1500 1782 1539 saltem
1798 1502 1818 1540 ff}
1833 1500 1969 1538 abun-

328 1554 410 1591 dat.
428 1553 511 1591 Sed
523 1553 618 1591 haec
630 1559 800 1592 tantum
811 1556 1030 1602 pinguiori
1042 1555 1251 1593 Minerua
1264 1555 1324 1602 (vt
1335 1554 1542 1601 diximus)
1554 1556 1599 1592 in
1612 1554 1772 1599 Globo,
1790 1565 1812 1591 e
1829 1553 1971 1592 Stellis

327 1618 418 1644 non
434 1606 677 1651 verificatis‚
694 1609 754 1645 ita
769 1608 1008 1646 adinuenit.

380 1660 481 1697 DIE
496 1660 591 1703 XX,
609 1662 788 1708 propius
804 1661 967 1699 accedit
979 1661 1034 1699 ad
1046 1661 1234 1700 nostram
1245 1663 1590 1704 annotationem,
1607 1662 1680 1699 vix
1691 1662 1819 1699 vnico
1833 1660 1971 1708 gradu

327 1713 473 1751 locum
490 1713 790 1761 Longitudinis
811 1716 1076 1753 anteriorem
1092 1715 1290 1759 reddens,
1313 1714 1351 1753 8(
1370 1716 1416 1752 in
1433 1715 1680 1753 Latitudine
1696 1713 1970 1752 solummodo

327 1778 415 1804 vna
431 1772 585 1813 quarta
600 1767 759 1814 gradus
776 1767 994 1812 deficiens,
1011 1780 1110 1806 cum
1127 1769 1196 1806 die
1212 1768 1485 1816 praecedente
1500 1767 1759 1806 tantundem
1776 1766 1970 1805 abunda-

328 1822 390 1857 rit.
413 1819 561 1866 Quare
579 1819 616 1857 8(
632 1819 703 1858 hic
720 1820 817 1859 satis
833 1826 961 1869 patet,
979 1833 1081 1859 eum
1097 1824 1143 1859 in
1158 1821 1226 1860 his
1242 1821 1559 1869 perscrutandis
1575 1833 1667 1859 non
1683 1818 1880 1859 exactam
1897 1819 1969 1858 ad-

327 1872 502 1910 hibuisse
519 1874 726 1912 amussim.

380 1926 426 1963 Id
442 1938 547 1964 vero
564 1926 907 1966 consideratione
924 1928 1104 1976 dignum
1121 1928 1187 1971 est,
1210 1928 1328 1976 quod
1349 1929 1474 1972 dicat,
1497 1928 1652 1966 eodem
1669 1927 1738 1965 die
1753 1926 1838 1964 XX
1853 1926 1894 1964 se
1910 1926 1969 1964 di-

326 1978 525 2017 stantiam
542 1979 739 2018 Cometae
758 1992 784 2018 a
803 1980 935 2019 Stella
956 1983 1001 2019 in
1021 1993 1159 2020 manu
1175 1982 1360 2020 Antinoi
1380 1981 1581 2029 accepisse
1601 1980 1744 2024 semel,
1766 1991 1867 2018 cum
1888 1979 1970 2017 ele-

327 2034 470 2069 uatior
482 2033 586 2077 esset,
602 2033 644 2070 P.
657 2033 693 2071 2.
707 2034 769 2071 Μ.
782 2034 818 2077 4,
836 2046 970 2081 quam
982 2037 1041 2073 ait
1051 2037 1287 2073 minimum
1298 2035 1542 2082 discrepasse
1555 2034 1609 2072 ab
1622 2046 1686 2077 ea,
1704 2045 1839 2081 quam
1850 2035 1971 2071 iuxta

329 2085 541 2123 Occasum
557 2086 611 2123 ab
628 2087 783 2124 eadem
799 2087 931 2125 Stella
947 2088 1184 2132 obtinebat;
1201 2094 1332 2136 atque
1348 2087 1451 2126 hinc
1467 2088 1520 2126 de
1537 2087 1755 2126 Parallaxi
1771 2086 1970 2125 Cometae

327 2140 620 2181 ratiocinatur,
639 2151 737 2177 eam
749 2151 840 2177 non
851 2143 1066 2179 maiorem
1078 2141 1249 2180 duabus
1260 2143 1395 2190 tertijs
1405 2141 1565 2190 gradus
1577 2141 1759 2183 extitisse‚
1778 2139 1815 2177 &
1831 2139 1970 2177 indies

326 2191 470 2238 postea
486 2194 624 2239 magis
639 2193 859 2240 magisque
876 2194 1115 2233 decreuisse.

381 2244 462 2282 Etfi
478 2250 626 2282 autem
642 2245 737 2283 haec
754 2246 806 2284 de
818 2247 1098 2286 Parallaxeos
1110 2248 1364 2294 Quantitate
1380 2249 1700 2295 pronunciatio,
1716 2258 1808 2284 non
1823 2245 1969 2284 secun-

327 2297 432 2335 dum
446 2298 581 2345 Leges
593 2298 944 2344 MathematicaS,
962 2312 984 2338 e
1002 2306 1219 2339 certorum
1235 2301 1454 2340 Datorum
1464 2312 1541 2348 per
1551 2300 1813 2348 Triangulos
1829 2301 1875 2337 in
1891 2311 1969 2337 nu-

327 2361 471 2388 meros
494 2351 779 2395 deriuatione‚
803 2354 1006 2399 procedit,
1031 2354 1100 2392 sed
1124 2354 1335 2392 duntaxat
1359 2356 1418 2392 ita
1440 2354 1557 2392 nude
1579 2353 1633 2392 ab
1654 2353 1743 2400 ipso
1765 2352 1969 2396 Gemma,

327 2403 414 2441 fine
430 2404 519 2441 vlla
535 2404 927 2449 Demonstratione‚
950 2407 1154 2451 asseritur;
1177 2419 1321 2455 neque
1338 2412 1550 2455 quantam
1566 2406 1767 2444 habuerit
1784 2405 1970 2443 Cometa

327 2468 353 2494 a
374 2456 506 2494 Stella
526 2457 601 2495 illa
621 2459 742 2496 iuxta
763 2459 976 2497 Occasum
996 2462 1298 2504 remotionem,
1322 2461 1506 2508 expresse
1527 2459 1754 2503 indicatur,
1777 2457 1971 2506 neglecta

328 2511 459 2547 etiam
470 2509 699 2557 Temporis
712 2511 749 2548 8(
760 2512 1014 2550 Altitudinis
1026 2513 1244 2561 vtriusque
1257 2514 1546 2561 assignatione,
1564 2524 1664 2560 quae
1677 2512 1765 2550 duo
1776 2513 1969 2549 maxMe

1620 2565 1968 2612 requirebantur:

2010 820 2040 845 10

2012 1087 2041 1111 15

2007 1352 2041 1377 20

1995 1453 2055 1485 291

2007 1619 2041 1644 25

2008 1885 2041 1910 30

2008 2151 2041 2176 35

2007 2416 2041 2441 40
