2209 3213
357 232 432 269 282
847 227 930 264 DE
952 226 1177 264 MUNDI
1198 223 1498 262 AETHEREI

406 335 534 380 Quod
552 340 698 371 autem
712 333 896 370 Cometa
913 343 1003 369 non
1020 343 1119 369 cum
1132 331 1296 377 Aquila
1312 330 1561 368 eulminarit
1574 330 1662 367 vllo
1678 335 1873 377 tempore
1889 342 1989 367 noc-

351 394 491 429 turn0‚
514 386 566 423 sic
587 391 712 432 patet.
735 384 935 422 Ascensio
953 383 1081 422 Rec‘ta
1097 383 1273 430 Aquilae
1295 389 1386 421 erat
1405 388 1507 421 tunc
1527 383 1643 430 grad.
1660 383 1755 422 2925
1778 385 1988 430 proxime,

350 441 481 477 talem
503 440 685 476 obtinuit
703 438 888 475 Cometa
909 440 1029 474 iuxta
1045 437 1188 474 XVIII
1205 436 1243 474 8(
1259 435 1363 473 XIX
1385 436 1663 480 Nouembris,
1685 441 1727 474 vt
1748 436 1816 474 his
1840 436 1990 474 saltem

351 493 500 530 diebus
513 503 611 528 cum
624 491 786 537 Aquila
798 490 921 527 simul
934 490 1235 527 Meridianum
1246 488 1501 536 pertranfire
1513 491 1710 536 potuerit.
1729 489 1830 527 Erat
1842 495 1990 527 autem

350 545 423 582 Sol
440 547 551 581 circa
568 545 609 581 id
626 550 796 590 tempus
813 545 933 580 iuxta
949 543 973 580 6
990 542 1027 580 8(
1043 544 1067 581 7
1083 542 1267 590 gradum
1289 547 1327 585 β
1338 573 1345 585 ,
1367 542 1554 589 ideoque
1572 547 1686 587 tunc,
1709 554 1808 580 cum
1824 542 1989 589 Aquila
2027 557 2042 581 5

349 609 435 634 vna
448 609 546 634 cum
558 597 742 634 Cometa
753 599 798 633 in
811 596 1062 633 Meridiano
1075 601 1177 639 erat,
1190 595 1390 633 nondum
1402 595 1630 640 occiderat,
1642 595 1711 633 sed
1723 595 1812 633 fere
1823 597 1989 643 integra

350 651 475 687 Hora
487 649 630 687 adhuc
642 649 769 696 supra
781 645 1109 698 Hori-sszontem
1120 648 1385 686 morabatur.
1404 648 1638 686 Occidebat
1650 650 1767 686 enim
1780 648 1853 686 Sol
1867 650 1988 686 iuxta
2013 657 2077 688 349

349 703 429 740 hos
451 704 539 740 dies
557 703 704 749 Pragae
726 704 890 739 circiter
910 702 1027 739 sexta
1043 702 1182 739 Horae
1203 707 1324 749 parte
1345 701 1433 748 post
1450 706 1663 748 quartam,
1685 713 1786 739 cum
1802 701 1988 740 Cometa

348 756 478 793 fuisset
490 761 619 793 antea
630 757 675 792 in
688 755 938 792 Meridiano
950 766 1038 792 vna
1049 766 1149 792 cum
1161 754 1338 801 Aquila,
1356 754 1492 792 Horis
1503 766 1530 792 a
1542 754 1728 792 Meridie
1740 754 1875 792 tribus
1887 766 1987 792 cum

352 811 363 847 ἒ,
383 808 482 846 fere.
501 809 589 856 Ego
606 811 752 855 itaque
769 820 859 845 non
875 808 1016 851 video,
1034 808 1258 855 quomodo
1276 819 1328 845 ex
1345 807 1659 845 culminatione
1672 807 1870 846 Cometae
1886 819 1986 846 cum
2028 822 2058 847 ιο

347 862 522 908 Aquila,
550 873 648 908 quae
674 862 862 899 interdiu
887 861 1019 898 nullis
1044 861 1355 908 apparentibus
1381 860 1523 898 Stellis
1547 861 1712 905 accidit,
1738 860 1988 899 Parallaxes

348 917 441 952 eius
458 914 663 962 indagare
680 914 859 952 licuerit.
877 914 983 958 Imo,
1001 914 1164 952 etiamsi
1178 913 1392 952 nocturno
1404 919 1599 961 tempore
1612 925 1766 951 eorum
1777 913 1902 952 simul
1913 925 1989 961 per

348 968 647 1005 Meridianum
656 967 855 1005 tranfitus
866 967 1121 1014 conspicuus
1130 967 1275 1010 fuisset,
1286 966 1575 1004 nihilominus
1585 967 1729 1005 adhuc
1740 967 1990 1005 Parallaxin

348 1020 557 1063 Cometae,
575 1026 962 1067 quantamcunque
979 1020 1169 1065 haberet,
1187 1020 1287 1057 inde
1305 1019 1506 1067 colligere
1524 1020 1583 1066 (vt
1598 1025 1728 1058 antea
1740 1022 1871 1058 etiam
1883 1020 1988 1066 dixi)

348 1085 630 1120 nequaquam
641 1074 969 1111 concedebatur.
983 1073 1108 1111 Nihil
1117 1075 1235 1111 enim
1245 1073 1365 1111 aliud
1377 1073 1479 1111 hinc
1489 1084 1624 1120 quam
1634 1073 1989 1111 Declinationem
2030 1088 2060 1113 15

347 1127 544 1164 Cometae
567 1126 702 1164 visam
724 1128 924 1164 inuenire
948 1126 1086 1170 datur,
1114 1138 1214 1173 quae
1238 1138 1295 1164 an
1319 1125 1488 1164 differat
1511 1137 1538 1164 a
1559 1137 1676 1170 vera,
1700 1126 1738 1164 &
1761 1132 1989 1174 quantum,

346 1182 557 1226 quoniam
569 1192 673 1217 vera
689 1179 833 1217 adhuc
850 1179 1021 1227 prorsus
1033 1180 1176 1224 lateat,
1194 1179 1277 1217 hoc
1289 1180 1422 1217 modo
1434 1191 1525 1217 non
1537 1179 1846 1218 manifestatur.
1864 1179 1989 1217 Forte

346 1238 493 1270 autem
505 1232 756 1271 Thaddaeus
773 1233 868 1271 haec
884 1233 1082 1277 scribens,
1100 1245 1152 1270 ea
1169 1244 1268 1280 quae
1286 1233 1441 1280 Capite
1458 1233 1593 1270 Nono
1610 1232 1715 1270 olim
1731 1234 1777 1270 in
1792 1232 1868 1271 sua
1884 1232 1989 1271 Dia-

345 1285 442 1328 lexi‚
465 1288 577 1324 circa
597 1286 711 1324 hanc
727 1288 845 1324 viam
863 1286 1100 1334 indagandi
1116 1286 1366 1324 Parallaxin
1384 1288 1531 1324 minus
1548 1285 1812 1324 considerate
1832 1297 1989 1333 propo-

344 1338 496 1381 suerat,
514 1339 712 1377 nondum
728 1341 909 1377 minime
921 1339 994 1377 fibi
1007 1339 1198 1377 constare
1211 1339 1594 1384 animaduerterat,
1611 1339 1987 1386 quemadmodum
2025 1354 2060 1379 20

344 1392 488 1438 postea
504 1403 696 1430 errorem
711 1394 757 1430 in
773 1392 841 1430 his
856 1394 1083 1440 proprium
1100 1394 1291 1440 agnouit,
1308 1392 1546 1439 lubensque
1564 1393 1827 1430 emendauit.
1850 1392 1894 1430 Si
1910 1394 1986 1430 ita-

345 1456 428 1491 que
450 1447 495 1482 in
516 1445 604 1492 ipso
622 1445 874 1483 Meridiano
890 1445 1131 1483 Parallaxis
1148 1445 1359 1490 Cometae,
1380 1457 1457 1493 per
1477 1445 1673 1493 aliquam
1689 1445 1843 1483 Fixam
1863 1445 1988 1483 simul

344 1497 649 1542 transeuntem,
671 1498 748 1536 nisi
763 1499 890 1545 plura
907 1498 1063 1537 dentur
1079 1498 1293 1546 requisita,
1316 1498 1512 1546 cognosci
1530 1504 1732 1546 nequeat,
1753 1498 1892 1536 multo
1908 1501 1986 1536 mi-

343 1562 425 1588 nus
447 1556 567 1588 extra
584 1551 884 1589 Meridianum
906 1552 1021 1590 idem
1042 1551 1323 1599 praestabitur,
1344 1551 1431 1590 fiue
1449 1554 1494 1589 in
1511 1552 1666 1590 eodem
1682 1551 1875 1590 verticali
1893 1551 1986 1590 Cir-

343 1604 454 1647 culo,
472 1603 558 1642 fiue
575 1616 677 1648 non,
695 1610 770 1642 aut
786 1605 1188 1652 quomodocunque
1200 1605 1310 1643 alias
1322 1605 1532 1643 distantiae
1545 1604 1583 1642 &
1594 1605 1859 1643 Altitudines
1871 1607 1984 1652 capi·
2023 1619 2056 1644 25

343 1662 483 1701 antur,
509 1659 788 1705 inuicemque
814 1658 1110 1696 conferantur:
1136 1658 1233 1696 licet
1259 1660 1355 1705 quis
1380 1658 1596 1696 summam
1621 1660 1667 1696 in
1690 1658 1758 1696 his
1781 1657 1986 1696 adhibeat

342 1710 651 1756 praecifionem,
665 1711 829 1749 nedum
838 1711 867 1748 fi
876 1711 965 1749 lato
974 1712 1107 1749 modo
1118 1713 1342 1759 negotium
1353 1711 1436 1749 hoc
1448 1712 1737 1759 aggrediatur;
1751 1723 1851 1749 cum
1862 1711 1984 1755 alias,

342 1763 413 1800 vbi
430 1766 560 1801 etiam
576 1764 681 1802 talia
697 1764 943 1802 dedomena
958 1766 1282 1812 perquiruntur,
1305 1776 1358 1802 ex
1379 1765 1537 1812 quibus
1553 1764 1850 1802 Parallaxium
1866 1765 1983 1812 possi-

342 1815 438 1853 bilis
455 1816 509 1854 est
526 1816 755 1864 inquisitio,
772 1817 849 1855 nifi
866 1819 1017 1856 omnia
1033 1816 1290 1856 exactissima
1301 1817 1390 1862 fint‚
1408 1817 1446 1855 8(
1462 1829 1517 1856 ne
1529 1819 1575 1855 in
1586 1823 1706 1865 parte
1718 1818 1787 1855 vel
1797 1820 1982 1856 minima

343 1869 530 1913 deuient,
547 1869 698 1908 frustra
713 1873 774 1908 rei
790 1876 880 1909 tam
896 1870 1057 1909 subtilis
1073 1870 1324 1918 suscipiatur
1339 1870 1569 1918 inquifitio.
2018 1885 2052 1910 30

402 1922 551 1960 Tertia
567 1922 889 1969 Ratiocinatio,
910 1936 987 1971 per
1008 1936 1142 1971 quam
1158 1924 1408 1962 Parallaxin
1425 1924 1622 1962 Cometae
1643 1924 1754 1962 adeo
1775 1936 1983 1972 magnam

342 1974 469 2017 fuisse‚
493 1980 536 2012 vt
560 1975 881 2014 Elementarem
904 1978 1142 2025 Regionem
1164 1989 1256 2015 non
1280 1977 1599 2022 transcenderit,
1624 1977 1809 2024 probare
1834 1979 1984 2015 nititur

343 2027 605 2072 Thaddaeus,
622 2034 792 2067 tantum
809 2030 933 2074 abest,
951 2031 1068 2077 quod
1084 2041 1163 2078 pro
1179 2030 1269 2077 ipso
1285 2030 1427 2075 faciat,
1443 2036 1486 2068 vt
1500 2030 1537 2068 8(
1553 2030 1648 2068 haec
1659 2032 1803 2078 potius
1815 2035 1982 2068 contra-

343 2082 456 2117 rium
477 2082 665 2125 inducat,
686 2087 863 2130 tamque
881 2086 1085 2131 exiguam
1101 2084 1288 2121 eandem
1303 2083 1508 2131 praebeat,
1529 2089 1572 2121 vt
1588 2095 1723 2131 quam
1738 2083 1827 2130 ipsa
1843 2084 1982 2129 Luna,

345 2145 371 2170 a
393 2134 518 2171 nobis
540 2134 677 2172 multo
700 2138 909 2174 remotius
933 2137 1118 2174 Cometa
1141 2137 1370 2175 necessario
1393 2137 1523 2175 distet.
1547 2136 1694 2175 Habet
1716 2142 1865 2175 autem
1887 2136 1982 2174 haec
2021 2150 2054 2176 35

344 2188 454 2223 ratio
470 2186 509 2224 se
526 2189 571 2224 in
587 2187 704 2225 hunc
720 2189 919 2227 modum:
937 2186 951 2239 ΙΙ

397 2239 512 2277 Dicit
529 2240 612 2277 Die
629 2240 666 2278 II
683 2241 949 2285 Decembris,
972 2241 1202 2281 interietftis
1222 2242 1360 2280 Horis
1380 2243 1528 2287 tribus,
1550 2242 1588 2280 8(
1608 2242 1693 2280 Die
1714 2242 1787 2286 XI,
1808 2248 1981 2290 praeter-
2006 2251 2072 2282 350

343 2291 469 2338 lapsis
486 2293 622 2330 Horis
638 2294 673 2336 4,
696 2294 892 2332 Cometae
913 2295 1157 2334 distantiam
1177 2307 1203 2334 a
1224 2295 1346 2334 Rictu
1367 2295 1510 2343 Pegafi
1531 2295 1683 2343 (quam
1702 2295 1881 2333 Stellam
1901 2307 1982 2333 nos

343 2345 626 2391 vtplurimum
644 2347 705 2384 Os
721 2347 864 2394 Pegasi
881 2348 1171 2395 appellamus)
1187 2351 1406 2386 minorem
1421 2349 1587 2396 semper
1602 2349 1626 2385 4
1643 2353 1717 2386 aut
1733 2349 1756 2386 5
1773 2348 1982 2396 scrupulis

344 2397 523 2441 euasisse,
545 2399 641 2437 licet
662 2400 729 2437 die
745 2400 868 2438 XIIII
884 2401 1055 2448 prorsus
1072 2402 1241 2439 nullam
1258 2401 1519 2439 eiuscemodi
1535 2400 1827 2439 differentiam
1843 2403 1981 2440 anim·
2019 2415 2053 2440 40

342 2451 587 2489 aduerterit.
610 2453 754 2499 Atque
771 2453 872 2491 hinc
888 2454 1006 2501 sequi
1023 2455 1245 2499 existimat,
1262 2454 1542 2493 sublunarem
1557 2454 1672 2492 fuisse
1689 2454 1807 2492 hunc
1824 2454 1981 2493 Come-

1878 2513 1980 2553 tam,
