2209 3213
100 821 129 846 10

102 1087 131 1111 15

99 1352 133 1377 20

101 1617 134 1642 25

104 1883 137 1908 30

91 2142 155 2174 23v
178 2138 185 2145 ⁸

106 2413 139 2438 40

417 224 507 262 AD
530 222 840 263 CRAIGUM
862 224 1133 263 SCOTUM
1155 224 1239 261 DE
1260 223 1550 262 COMETIS
1726 221 1803 259 449

165 336 211 369 ut
221 341 318 368 mos
330 329 384 368 est
397 341 563 374 eorum,
582 332 653 377 qvi
670 330 985 374 certitudinem,
1004 342 1135 377 qvam
1150 332 1365 378 ignorant,
1382 329 1630 376 praeseferre
1646 327 1804 366 nihilo-

164 385 310 422 minus
331 388 559 427 conantur,
582 383 765 431 alijsqve
787 384 831 421 id
853 383 1097 430 patefacere
1119 383 1157 421 8(
1177 383 1445 430 persvadere,
1470 382 1585 430 qvod
1605 382 1805 419 nondum

164 436 261 484 ipfis
283 438 329 474 in
351 436 584 484 propatulo
608 436 675 474 est.
699 436 783 474 Sed
806 436 945 474 multa
965 436 1039 474 tibi
1063 439 1109 474 in
1131 438 1315 484 gratiam
1336 435 1574 474 Aristotelis
1597 435 1806 473 tentanda

164 489 271 534 sunt,
297 501 348 528 ac
372 491 507 527 variae
533 494 573 526 et
597 489 819 527 mirabiles
846 489 1083 527 subeundae
1112 489 1503 536 Metamorphoses,
1534 494 1580 526 ut
1607 488 1662 532 id,
1691 488 1805 535 qvod

165 545 210 581 in
232 544 294 580 rei
316 544 495 580 veritate
519 542 741 580 confistere
764 544 924 589 neqvit,
948 542 1238 579 nihilominus
1260 553 1339 589 pro
1363 547 1478 579 certo
1501 542 1539 579 8(
1562 541 1806 579 indubitato

164 595 371 634 vendites.

218 648 363 695 Qvam
379 659 480 686 vere
498 650 629 686 etiam
646 648 883 686 concludas
900 648 1226 686 Mathematicis
1245 647 1571 685 inventionibus
1587 647 1643 685 ad
1659 647 1806 685 locum

166 701 453 740 Cometarum
473 701 674 739 nondum
694 702 771 739 esse
792 701 1041 744 deventum,
1063 706 1110 738 ut
1130 701 1185 738 ob
1206 702 1249 738 id
1269 701 1380 738 nihil
1402 703 1448 738 in
1468 700 1551 738 hac
1572 700 1806 748 qvaestione

164 755 358 799 statuere,
385 759 460 792 aut
482 766 508 792 a
530 760 799 802 praeceptore
821 759 898 792 tuo
921 754 1147 792 Aristotele
1171 754 1385 791 discedere
1409 755 1542 801 possis‚
1569 754 1806 801 dijudicent

166 808 252 856 alij‚
275 809 347 855 qvi
362 807 517 847 nostra
534 819 632 855 qvae
648 808 701 846 de
718 807 883 854 aliqvot
899 807 1095 845 Cometis
1113 819 1166 844 ex
1182 806 1482 845 infallibilibus
1499 807 1806 844 observationi-

164 861 256 905 bus,
268 861 305 899 &
315 863 394 899 rite
404 860 598 898 dimensa
610 866 650 898 et
662 866 777 898 certo
790 860 1081 898 demonstrata
1092 860 1359 907 reliqvimus,
1372 846 1533 907 absqve
1546 860 1637 897 ullo
1650 858 1807 897 affectu

164 914 234 952 vel
253 919 561 961 praeoccupata
581 913 792 951 sententia
812 913 960 951 sedulo
981 914 1163 961 legerint
1184 918 1311 960 atqve
1331 914 1627 960 expenderint.
1649 912 1806 950 Plaufi—

165 967 249 1006 bile
270 967 338 1011 est,
360 967 474 1014 qvod
496 969 561 1004 ais
576 966 851 1005 Aristotelem
871 967 1102 1004 mutabilia
1119 966 1174 1004 ab
1192 966 1552 1009 immutabilibus,
1573 971 1619 1003 ut
1639 967 1807 1003 naturis

166 1020 219 1058 fic
241 1021 372 1058 etiam
392 1020 498 1058 locis
520 1019 763 1064 discrevisse,
788 1025 828 1057 et
850 1020 925 1057 illa
945 1019 1020 1057 sub
1042 1019 1207 1057 Lunari
1227 1019 1331 1057 orbe
1352 1018 1692 1066 compraehensa,
1716 1030 1808 1056 non

167 1074 277 1121 posse
302 1073 393 1111 ulla
416 1078 587 1111 11311118
610 1075 654 1111 vi
675 1072 804 1120 supra
827 1072 982 1110 efferri.
1010 1072 1093 1111 Sed
1116 1084 1207 1110 non
1230 1075 1393 1115 omnia,
1417 1084 1514 1119 qvae
1537 1072 1808 1119 plausibilem

167 1126 330 1165 habent
353 1126 718 1174 conseqventiam,
745 1126 800 1164 ob
825 1126 868 1163 id
892 1128 1024 1164 etiam
1046 1137 1152 1163 vera
1174 1125 1280 1170 sunt,
1306 1126 1561 1172 nullamqve
1586 1130 1809 1162 merentur

167 1179 496 1218 haefitationem.
517 1179 745 1227 Assumpfit
765 1181 884 1217 enim
901 1179 1149 1217 Aristoteles
1169 1179 1212 1217 id
1233 1190 1312 1226 pro
1329 1179 1532 1221 concesso,
1554 1179 1669 1225 qvod
1689 1180 1810 1225 prius

168 1233 489 1280 inqvirendum,
511 1232 983 1280 demonstrandumqve
1001 1231 1096 1270 fuit:
1118 1237 1254 1270 totam
1271 1232 1487 1269 coelestem
1504 1231 1541 1269 8(
1557 1231 1809 1279 111061111113-

169 1297 261 1324 rem
286 1286 448 1324 Mundi
473 1288 710 1334 regionem,
741 1285 911 1323 nullam
936 1285 1165 1323 adsciscere
1190 1297 1355 1323 novam
1380 1286 1709 1332 impressionem‚
1735 1290 1810 1322 aut

169 1351 325 1387 corpus
346 1339 535 1386 aliqvod,
558 1341 628 1377 cui
648 1339 702 1377 ab
722 1340 848 1377 initio
869 1350 960 1376 non
976 1339 1163 1377 assvevit:
1186 1339 1304 1376 Hinc
1320 1339 1579 1385 potissimum
1596 1337 1809 1380 credulus,

169 1393 284 1440 qvod
303 1392 433 1430 stellae
454 1404 608 1430 omnes
626 1398 715 1430 tam
732 1397 939 1435 errantes,
961 1403 1092 1439 qvam
1113 1394 1355 1429 inerrantes
1376 1403 1575 1435 numero,
1596 1393 1809 1438 magnitu-

169 1446 268 1484 dine
290 1450 330 1483 et
350 1445 495 1483 colore
516 1450 728 1493 perpetuo
744 1445 807 1483 sui
823 1445 992 1489 similes,
1016 1445 1053 1482 &
1074 1446 1126 1483 de
1148 1444 1356 1482 constanti
1373 1450 1518 1482 motus
1533 1450 1683 1482 tenore
1701 1444 1810 1481 nihil

169 1510 364 1546 unqvam
388 1500 607 1537 remittere
632 1498 724 1536 ullo
750 1510 848 1536 8νο
874 1498 1316 1546 deprehenderentur,
1342 1503 1389 1535 ut
1414 1498 1468 1536 ab
1491 1499 1615 1535 initio
1639 1508 1810 1544 qvoqve

169 1554 335 1590 monui.
357 1552 415 1590 At
435 1557 666 1599 010016163
686 1563 777 1589 11011
798 1551 1054 1599 seqvebatur
1074 1563 1193 1589 nova
1213 1551 1372 1598 aliqva,
1392 1551 1420 1588 11
1439 1562 1530 1588 11011
1546 1550 1719 1598 prorsus
1735 1562 1810 1588 na-

170 1605 377 1649 turaliter,
398 1605 547 1643 saltem
568 1605 826 1643 miraculose
844 1607 890 1642 in
909 1604 1066 1643 coelesti
1083 1604 1257 1642 Mundo
1279 1609 1425 1642 extare
1447 1615 1647 1651 corpora;
1669 1615 1810 1650 neqve

171 1660 289 1696 enim
309 1658 408 1696 coeli
428 1658 558 1706 ipsius
579 1664 737 1696 natura
753 1658 1046 1705 Peripateticis
1066 1660 1126 1696 ita
1146 1656 1334 1705 perfecta
1355 1658 1421 1701 est,
1443 1662 1489 1695 ut
1510 1657 1584 1695 fibi
1604 1657 1702 1704 ipsis
1717 1668 1810 1704 per-

170 1711 358 1756 svadent,
381 1712 754 1759 qvemadmodum
771 1711 874 1749 alibi
891 1711 1061 1759 copiose
1078 1717 1117 1749 et
1135 1711 1356 1749 evidenter
1372 1710 1646 1748 manifestum
1662 1710 1811 1747 redde-

170 1770 250 1803 tur.
268 1765 312 1803 Si
327 1765 416 1812 post
431 1770 630 1812 tempora
647 1765 907 1813 Hypparchi
922 1765 1082 1802 vixisset
1093 1764 1354 1807 Aristoteles,
1372 1766 1519 1811 utiqve
1535 1763 1605 1801 vel
1621 1763 1675 1801 ab
1688 1763 1810 1811 Hyp-

171 1818 335 1866 parcho
360 1818 477 1865 (cum
501 1817 677 1865 ipsemet
699 1820 847 1856 minus
870 1817 1161 1855 Astronomiae
1184 1817 1426 1864 penetralia
1448 1817 1714 1864 intelligeret,
1738 1827 1811 1854 ne-

173 1871 278 1910 dum
293 1877 339 1909 ut
355 1871 408 1909 de
424 1871 550 1916 coelo,
568 1873 748 1919 ejusqve
765 1877 923 1909 natura
939 1876 979 1909 et
994 1877 1118 1909 motu
1134 1871 1429 1908 indubitanter
1443 1869 1660 1908 redtissime
1673 1871 1812 1907 omni-

172 1936 248 1962 um
260 1924 485 1971 dissereret)
503 1924 650 1962 instrui
662 1925 867 1972 potuisset,
884 1935 1048 1962 novam
1060 1924 1254 1971 aliqvam
1266 1926 1311 1961 in
1323 1924 1436 1961 coelo
1449 1929 1625 1961 enatam
1636 1922 1812 1966 stellam,

173 1982 219 2016 ut
238 1983 355 2025 patet
371 1989 424 2016 ex
439 1979 504 2026 ijs,
522 1989 619 2025 qvae
636 1978 803 2015 Plinius
818 1978 890 2016 lib.
907 1978 931 2015 2
947 1977 1174 2015 Naturalis
1191 1977 1395 2015 Historiae
1412 1988 1504 2024 cap.
1521 1976 1572 2014 26
1589 1977 1641 2014 de
1658 1976 1814 2014 eodem

173 2031 444 2079 Hypparcho
460 2031 600 2069 refert.
619 2031 773 2078 Neqve
791 2033 909 2068 enim
925 2030 954 2068 fi
971 2042 1023 2068 ea
1039 2031 1128 2078 ipsa
1140 2042 1232 2068 non
1242 2042 1347 2068 vera
1358 2032 1403 2067 in
1417 2030 1529 2068 coelo
1541 2029 1673 2067 fuisset
1684 2029 1813 2073 stella,

172 2083 242 2122 sed
263 2084 503 2122 discurrens
523 2086 569 2122 in
590 2086 690 2122 3616
709 2084 919 2131 superiori
938 2084 1172 2122 Meteoron
1193 2083 1371 2130 aliqvod
1391 2083 1599 2126 lucidum,
1620 2082 1815 2120 summus

175 2137 246 2175 ille
263 2137 572 2186 Hypparchus,
593 2140 664 2185 qvi
681 2139 792 2175 inter
807 2137 903 2175 haec
920 2138 1008 2175 duo
1025 2139 1187 2184 optime
1204 2133 1219 2187 ΙΙ
1235 2136 1474 2175 discernere
1490 2138 1624 2179 novit,
1645 2141 1816 2173 tantum

174 2190 369 2229 laborem
384 2190 622 2238 sumpsisset,
644 2196 690 2228 ut
710 2191 793 2229 hac
810 2191 1035 2229 occasione
1055 2190 1266 2238 impulsus
1282 2192 1434 2228 omnia
1450 2188 1616 2227 odlavae
1633 2188 1815 2236 sphaerae

175 2244 311 2282 oculis
327 2246 595 2282 incurrentia
610 2244 758 2289 sidera,
779 2246 824 2281 in
843 2244 1036 2282 debitum
1053 2243 1178 2281 situm
1194 2243 1407 2281 immenso
1424 2243 1573 2281 labore
1590 2242 1815 2289 disponere

174 2296 425 2341 sustinuerit,
447 2309 532 2345 qvo
554 2297 747 2335 constare
763 2298 902 2344 posset‚
924 2308 982 2335 an
1004 2296 1191 2334 coelestia
1207 2308 1392 2344 corpora
1408 2296 1576 2334 obirent
1592 2296 1815 2334 nasceren-

174 2354 309 2394 turve,
318 2356 358 2388 et
367 2362 425 2388 an
434 2351 581 2398 aliqva
589 2350 828 2394 transirent,
836 2356 912 2388 aut
922 2350 1168 2393 crescerent,
1178 2352 1550 2387 minuerenturve.
1562 2350 1671 2387 Eam
1681 2349 1816 2396 ipsam

176 2402 231 2440 ob
252 2404 435 2441 caussam
456 2404 596 2451 ipsum
615 2409 676 2442 tot
696 2403 987 2451 vigilatarum,
1010 2409 1056 2441 ut
1076 2404 1236 2441 necesse
1258 2408 1360 2447 erat,
1382 2402 1576 2441 11οὸ1111111
1597 2402 1728 2440 181113
1747 2414 1816 2439 ex-

176 2457 362 2501 antlasse,
378 2457 495 2494 idem
510 2457 682 2495 testatur
694 2457 873 2494 Plinius.
891 2456 975 2494 Sed
988 2461 1028 2494 et
1039 2456 1182 2494 nostro
1197 2468 1307 2500 aevo,
1324 2456 1425 2503 qvid
1442 2456 1613 2497 dixisset,
1630 2455 1659 2492 11
1674 2455 1816 2501 super-

176 2508 307 2548 suisset
322 2508 597 2548 Aristoteles?
619 2521 704 2557 qvo
726 2521 880 2548 revera
901 2521 1066 2548 novam
1087 2516 1127 2548 61
1147 2521 1376 2557 nunqvam
1397 2516 1527 2547 antea
1543 2508 1677 2546 visam
1692 2510 1817 2556 juxta

281 2570 314 2597 57
1581 2561 1816 2608 Cassiopeae
