2209 3213
378 206 453 244 476
554 204 1023 242 APOLOGETICA
1044 203 1400 243 RESPONSIO
1421 202 1511 241 AD
1534 203 1842 242 CRAIGUM

377 312 481 349 dum
498 311 611 347 hanc
628 309 815 347 nostram
832 310 1088 357 hypothesin
1105 311 1160 348 ad
1177 311 1372 348 amussim
1389 321 1627 357 congruere
1644 315 1683 348 et
1699 321 1726 348 a
1742 311 1907 348 caeteris
1924 309 2015 348 sub-

377 364 476 402 inde
494 363 695 400 nonnihil
712 362 884 400 differre
901 364 1297 401 animadverterim.
1310 363 1425 401 Tum
1438 363 1617 400 demum
1631 374 1701 400 me
1715 374 1807 401 non
1819 363 1904 401 levi
1916 374 2016 401 con-

377 418 467 454 silio
488 416 583 453 haec
603 418 662 452 ita
682 415 856 453 sanxisse
878 416 1102 463 intelliges.
1125 417 1236 464 Qvae
1255 417 1307 454 de
1327 416 1489 463 duplici
1506 415 1709 463 Epicyclo
1730 415 1884 459 adfers,
1906 415 2017 453 nihil

378 470 462 507 huc
485 468 659 510 faciunt,
684 479 763 505 nec
786 470 831 505 in
855 480 957 506 eum
980 469 1106 507 usum
1129 482 1155 508 a
1176 466 1190 520 ΙΙ
1212 468 1569 508 DUNCHANO
1593 469 1668 506 tibi
1691 468 1882 516 exposita
1903 469 2015 513 sunt;
2040 475 2101 507 40¹

377 534 481 560 nam
493 522 581 558 duo
593 521 653 558 isti
666 521 856 569 Epicycli
867 521 941 560 seu
953 522 1145 571 circe[lli]
1159 523 1309 561 saltem
1324 522 1538 570 necessarij
1557 521 1664 565 sunt,
1681 528 1728 560 ut
1743 522 2016 570 particularis

377 576 451 613 illa
468 574 754 621 inaeqvalitas,
777 587 908 622 qvam
924 581 1091 614 veteres
1106 588 1183 624 per
1199 578 1460 614 eccentricos
1477 575 1515 612 &
1532 581 1755 622 aeqvantes
1770 575 2016 620 tuebantur,

378 629 634 665 concinnius
652 627 845 665 excusari
862 629 990 675 possit‚
1008 641 1149 677 neqve
1166 631 1221 668 ad
1245 628 1327 673 <51³⁵
1343 629 1471 676 supra
1486 628 1556 666 vel
1572 628 1685 666 infra
1705 627 1850 673 &larem
1867 628 2018 666 orbem

378 684 422 718 in
448 680 713 728 acronychio
738 681 915 719 tranfitu
941 682 1260 730 dispositionem
1285 682 1508 730 qvidpiam
1530 681 1707 719 faciunt.
1733 681 1852 719 Nam
1875 687 1915 719 et
1938 693 2018 729 ego

378 733 630 772 Dunchano
647 734 699 771 de
716 734 871 782 ijsdem
887 735 1068 774 circellis
1083 748 1230 774 meam
1246 737 1399 783 aperui
1416 736 1722 782 cognitionem,
1741 739 1788 772 ut
1803 735 1904 772 hinc
1920 734 2018 772 satis

377 787 506 824 sciam
524 786 662 833 ipsum
678 799 769 825 non
785 787 827 825 id
844 799 920 835 per
936 788 1017 827 hos
1033 789 1220 834 voluisse,
1237 789 1353 836 qvod
1368 794 1415 826 tu
1432 788 1531 826 inde
1548 787 1725 836 colligis.
1744 788 1794 825 Et
1810 799 1904 835 pag.
1920 787 2018 826 libri

378 840 506 878 nostri
532 839 619 878 188³
645 841 887 879 eorundem
912 842 1186 880 circellorum
1210 844 1376 880 mentio
1401 841 1459 885 fit,
1486 846 1614 888 atqve
1636 841 1707 879 hic
1730 840 1816 888 ipse
1841 840 2018 879 illorum

379 893 490 937 usus,
512 892 564 930 de
586 905 671 940 qvo
691 905 809 931 nunc
830 895 931 939 dixi,
952 907 1045 933 rem
1061 907 1240 934 omnem
1260 895 1598 943 intelligentibus
1614 894 1775 933 ibidem
1790 894 2017 932 indicatur.

380 947 655 994 Qvapropter
675 958 765 984 non
787 947 841 985 est
862 949 976 995 qvod
995 949 1176 993 dubites,
1198 961 1250 987 ea
1271 960 1367 996 qvae
1384 960 1410 986 a
1426 949 1551 986 nobis
1568 949 1682 986 circa
1697 946 2018 996 Hypothefium

378 1001 711 1038 innovationem
732 1000 958 1039 constituta
977 1002 1085 1045 sunt,
1106 1002 1242 1040 solido
1264 1008 1303 1040 et
1324 1004 1507 1040 immoto
1522 1003 1601 1039 niti
1617 1001 1917 1044 fundamento,
1938 1011 2019 1038 nec

378 1053 695 1091 Mathematica
710 1055 924 1102 principia
940 1055 1165 1103 qvidpiam
1180 1055 1251 1094 hic
1268 1055 1443 1099 habere,
1464 1057 1511 1092 in
1527 1055 1641 1102 qvod
1658 1056 1912 1101 impingant,
1932 1058 1972 1092 et
1990 1053 2020 1091 fi

377 1106 568 1154 vulgaris
584 1106 773 1155 Physica,
795 1119 892 1154 qvae
910 1120 963 1146 ex
979 1109 1218 1147 Aristotelis
1239 1108 1503 1147 authoritate
1525 1108 1688 1146 coelum
1708 1107 2020 1154 multiplicibus

378 1160 555 1198 orbibus
571 1161 677 1198 citra
693 1160 831 1198 ullam
846 1162 1144 1206 necessitatem‚
1163 1164 1252 1200 imo
1269 1167 1420 1200 contra
1437 1172 1615 1199 omnem
1631 1163 1859 1198 veritatem
1875 1165 2020 1198 conta-

378 1215 573 1257 minavit,
594 1213 702 1251 tales
718 1213 977 1261 hypotheses
993 1214 1104 1253 ferre
1121 1217 1280 1263 neqvit‚
1302 1215 1377 1253 illa
1397 1216 1542 1262 potius
1559 1226 1612 1252 ex
1628 1214 1696 1251 his
1713 1213 1968 1261 corrigenda
1984 1213 2022 1251 &

378 1266 569 1305 falsitatis
591 1266 834 1305 accusanda
856 1270 987 1312 venit,
1012 1280 1144 1316 qvam
1167 1268 1282 1316 qvod
1303 1270 1365 1306 rei
1386 1279 1462 1315 per
1483 1273 1620 1305 certas
1641 1267 1963 1305 observationes
1984 1265 2022 1304 &

380 1320 681 1359 Geometricas
707 1321 1096 1360 demonstrationes
1121 1322 1253 1360 solide
1279 1321 1529 1369 exploratae,
1560 1320 1784 1368 qvidpiam
1813 1320 2022 1368 derogare

378 1374 506 1422 possit.
519 1373 667 1411 Tuum
678 1375 822 1421 itaqve
835 1377 913 1412 erit
925 1375 1021 1413 haec
1033 1377 1183 1413 omnia
1196 1375 1505 1413 confideratius
1516 1373 1785 1421 perpendere
1798 1378 1837 1411 et
1848 1378 1941 1411 tum
1953 1373 2023 1411 de-

378 1438 502 1465 mum
519 1427 571 1465 de
588 1426 738 1465 nostris
755 1429 955 1472 inventis,
973 1440 1070 1476 qvae
1087 1440 1178 1466 non
1193 1440 1331 1476 parvo
1348 1428 1484 1466 studio
1497 1433 1536 1465 et
1547 1427 1710 1470 labore,
1727 1432 1774 1465 ut
1785 1427 1838 1464 de
1850 1426 2022 1473 sumpti-

378 1481 460 1519 bus
474 1491 565 1518 non
577 1480 732 1525 dicam,
750 1481 986 1528 conqvifita
1001 1481 1108 1526 sunt,
1121 1481 1374 1530 judiciofius
1387 1486 1426 1519 et
1438 1481 1657 1519 dexterius
1668 1480 1846 1518 tandem
1856 1479 2022 1518 sentire.

434 1534 546 1572 Haec
562 1533 695 1578 fuere,
714 1545 810 1581 qvae
827 1535 882 1572 ad
899 1534 1032 1573 dubia
1048 1541 1135 1579 tua,
1152 1537 1285 1573 ternis
1300 1534 1435 1572 literis
1448 1534 1558 1572 mihi
1569 1533 1652 1572 hac
1663 1533 1822 1571 AEstate
1834 1538 1971 1571 trans-

486 1587 624 1631 missis,
644 1592 738 1625 tum
759 1588 903 1635 qvoad
924 1588 1206 1635 qvaestionem
1224 1588 1276 1626 de
1294 1587 1492 1631 Cometa,
1514 1593 1607 1625 tum
1628 1589 1760 1625 etiam
1781 1586 1917 1634 hypo-

539 1639 707 1678 theseos
720 1640 874 1679 nostrae
886 1641 1221 1689 disqvifitionem
1234 1641 1436 1689 expolita,
1453 1640 1537 1679 hoc
1549 1646 1744 1688 tempore
1756 1639 1865 1678 mihi

593 1696 639 1731 in
658 1700 851 1732 mentem
872 1695 1175 1743 respondenda
1194 1700 1422 1733 venerunt.
1445 1694 1556 1740 Qvae
1576 1693 1606 1731 fi
1625 1693 1701 1732 tibi
1721 1705 1813 1731 non

646 1747 938 1791 satisfecerint,
962 1749 1146 1786 ulterius
1169 1748 1221 1786 de
1244 1748 1327 1786 hac
1348 1744 1363 1798 ΙΙ
1383 1747 1555 1786 sublimi
1576 1748 1760 1785 materia

701 1806 844 1839 tecum
857 1813 984 1850 agere
996 1813 1086 1840 non
1097 1802 1323 1850 gravabor.
1336 1801 1514 1839 Interim
1526 1800 1621 1838 haec
1632 1811 1709 1848 per

757 1857 895 1893 otium
920 1855 1031 1903 J'usta
1060 1857 1220 1903 ingenij
1251 1854 1288 1892 &
1311 1854 1461 1903 judicij
1493 1855 1656 1892 trutina

809 1909 1018 1955 pondera,
1040 1920 1178 1956 eoqve
1199 1910 1362 1951 animo,
1385 1919 1470 1955 qvo
1488 1919 1515 1946 a
1531 1918 1602 1945 me

862 1961 1015 2009 scripta
1025 1961 1132 2006 sunt,
1142 1961 1552 2000 videlicetVeritatis

930 2015 1258 2054 manifestandae
1275 2014 1314 2052 &
1330 2014 1484 2052 confir-

1042 2068 1219 2107 mandae
1235 2069 1372 2116 gratia

1129 2124 1288 2170 accipe.

1783 2542 1980 2583 IOANN
1985 2542 2033 2581 IS

2054 535 2070 560 5

2058 799 2089 824 10

2060 1065 2091 1090 15

2060 1331 2094 1356 20

2062 1597 2095 1622 25

2049 1750 2113 1782 40¹⁷

2063 1863 2097 1889 30

2066 2128 2100 2154 35
