2209 3213
506 189 1028 229 RECENTIORIBUS
1048 189 1507 228 PHAENOMENIS
1763 191 1831 229 139

185 296 399 334 Zoannos
409 294 709 344 Obseruauim
715 295 789 344 us)
797 294 921 335 reeta
932 307 959 334 a
968 296 1077 335 Sole
1086 295 1134 334 in
1145 294 1390 345 oppositam
1397 298 1581 345 partem
1590 307 1618 336 a
1628 297 1831 336 Come-tae

187 348 338 398 capite
359 348 634 388 extenditur.
656 349 769 387 Haec
790 350 874 387 ille.
896 350 1018 387 Dum
1038 354 1186 387 autem
1207 349 1330 396 (fere)
1349 350 1461 394 dicit,
1482 350 1758 388 manifestum
1775 351 1829 389 est

186 414 289 441 eum
311 402 364 441 de
388 401 539 441 exa&a
562 402 810 440 extenfione
833 403 944 440 nihil
966 404 1068 440 certi
1091 403 1346 447 asseuerare;
1372 403 1490 441 velut
1513 403 1551 440 &
1573 415 1655 441 nos
1677 406 1723 442 in
1745 404 1829 442 hoc

186 456 385 500 Cometa,
407 467 510 493 eum
530 467 621 493 non
642 456 697 494 ad
718 457 925 500 amussim,
949 455 1019 494 sed
1040 455 1128 494 fere
1150 458 1195 493 in
1216 455 1426 494 diretftum
1447 468 1473 495 a
1494 456 1593 495 Sole
1614 458 1830 505 proiecisse

131 521 148 546 5
186 511 338 553 crines,
355 520 434 557 pro
451 514 674 556 comperto
690 508 917 547 habemus.

238 562 448 609 Dumque
465 561 811 609 circumspefflus
827 562 865 600 &
882 561 1074 600 exad'tius
1090 561 1419 606 confiderarem,
1441 574 1494 600 ex
1511 575 1599 610 quo
1615 565 1829 611 principio

184 618 230 654 in
246 615 336 664 ipso
353 615 494 660 Coelo,
516 615 658 654 cauda
673 627 700 653 a
716 617 868 663 capite,
889 618 935 653 in
955 627 1030 653 eas
1050 620 1205 663 partes,
1227 627 1336 662 quas
1352 618 1622 663 apparentiae
1639 616 1829 655 ostende-

183 669 300 713 bant,
321 669 664 717 protenderetur,
686 669 955 716 deprehendi
971 673 1175 707 accurata
1195 668 1484 715 inquisitione,
1506 668 1684 708 dudlum
1704 670 1830 708 illum

184 722 338 761 caudae
353 727 564 770 perpetuo
581 721 761 760 Stellam
776 722 959 760 Veneris
975 721 1206 769 respexisse,
1224 721 1262 759 8(
1278 733 1562 769 nequaquam
1579 722 1738 767 Solem,
1759 723 1829 761 [ed

116 785 147 811 ιο
183 787 263 823 pro
288 775 533 813 differentia
558 775 670 813 Solis
695 787 722 813 a
746 775 930 819 Venere,
961 775 1015 813 ab
1043 774 1246 822 oppofitis
1271 774 1362 813 Soli
1386 775 1580 822 partibus
1605 776 1827 814 deflexisse.

99 833 160 866 164
183 828 309 867 Vnde
324 833 415 867 toto
430 828 519 866 suae
535 828 779 866 durationis
794 833 990 875 tempore
1007 833 1136 875 caput
1152 824 1167 877 ΙΙ
1184 827 1395 872 Cometae,
1414 827 1657 876 tradlusque
1674 829 1728 867 ab
1745 829 1828 868 hoc

183 893 260 930 per
274 882 471 920 medium
483 882 637 920 caudae
648 883 694 920 in
706 882 1056 930 Longitudinem,
1072 880 1152 919 fuit
1163 883 1209 918 in
1222 881 1378 919 eodem
1389 893 1490 919 cum
1502 882 1685 920 Veneris
1696 882 1829 921 Stella

184 934 346 974 circulo
361 947 535 983 magno,
553 935 954 983 quomodocunque
970 934 1149 972 tandem
1165 934 1293 972 Sidus
1304 934 1488 972 Veneris
1503 934 1541 972 &
1553 935 1752 974 Cometae
1768 937 1827 974 di-

182 988 425 1027 uerfimode
434 993 814 1036 promouerentur.
822 988 892 1026 Ne
901 992 1050 1026 autem
1059 987 1143 1025 hoc
1152 989 1297 1034 potius
1306 987 1393 1025 fine
1401 989 1570 1026 ratione
1577 989 1828 1034 asseuerare,

115 1053 146 1078 15
183 1053 319 1090 quam
339 1041 565 1080 euidenter
585 1041 906 1085 Demonstrare,
930 1041 968 1079 &
991 1041 1046 1079 ob
1067 1041 1110 1078 id
1130 1042 1278 1078 minus
1298 1040 1401 1079 fidei
1421 1041 1539 1088 apud
1560 1042 1763 1080 Eruditos
1783 1044 1829 1080 in

182 1095 266 1134 hac
287 1100 409 1143 parte
431 1097 672 1142 promereri
694 1095 924 1133 videamur
947 1093 1176 1141 (fiquidem
1198 1095 1245 1131 in
1267 1093 1335 1131 his
1358 1106 1449 1132 non
1472 1095 1627 1139 dixisse‚
1650 1095 1721 1133 sed
1742 1095 1828 1133 De-

182 1148 424 1187 monstrasse
447 1159 559 1196 opus
582 1148 654 1195 est)
677 1148 776 1186 ideo
799 1159 876 1196 per
897 1152 1038 1186 totum
1061 1147 1327 1185 curriculum
1349 1147 1592 1186 durationis
1616 1148 1828 1193 Cometae,

183 1202 336 1241 caudae
357 1200 535 1240 dud'tum
556 1201 834 1240 Geometrice
855 1200 1167 1249 expendemus,
1188 1200 1331 1248 qualis
1350 1203 1583 1248 proueniat
1603 1213 1656 1239 ex
1676 1202 1827 1240 Obser-

182 1255 435 1294 uationibus
455 1254 553 1303 ipfis
573 1255 627 1293 ab
648 1257 772 1293 initio
794 1254 949 1302 Capite
971 1256 1114 1302 primo
1135 1253 1367 1298 recenfitis;
1390 1254 1462 1292 vbi
1485 1254 1828 1303 quotiescunque

111 1318 145 1345 20
182 1307 450 1356 aspeelabilis
466 1308 555 1356 ipsa
571 1308 713 1347 cauda
728 1308 881 1352 fuerat,
898 1312 1160 1346 annotatum
1176 1307 1243 1352 est,
1260 1307 1406 1345 versus
1423 1319 1533 1355 quas
1550 1308 1679 1346 Fixas
1695 1320 1827 1356 appa-

182 1367 326 1400 renter
354 1361 706 1409 protendebatur,
736 1373 925 1408 cumque
951 1361 1193 1399 earundem
1219 1360 1453 1399 Stellarum
1482 1361 1579 1399 loca
1608 1367 1713 1400 nota
1737 1362 1827 1406 lint,

182 1420 399 1463 quatenus
422 1415 519 1453 vsus
542 1415 614 1452 hic
636 1415 831 1463 postulat,
855 1414 893 1452 8(
916 1416 1068 1462 capitis
1091 1416 1222 1452 etiam
1245 1414 1443 1452 Cometae
1464 1415 1519 1453 ad
1541 1415 1713 1453 eosdem
1737 1416 1828 1453 dies

181 1468 304 1506 locus
324 1473 441 1506 certo
461 1480 488 1506 a
508 1468 635 1506 nobis
658 1468 886 1515 inquisitus
907 1467 1321 1515 Demonstratusque
1344 1467 1402 1512 fit,
1427 1467 1539 1506 Solis
1559 1480 1664 1506 vero
1688 1468 1726 1506 &
1746 1469 1828 1506 Ve-

181 1523 310 1566 neris,
332 1522 387 1560 ad
404 1521 559 1560 eadem
577 1526 787 1569 tempora,
808 1521 921 1566 fitus,
942 1521 1012 1559 vel
1028 1533 1082 1559 ex
1098 1520 1195 1568 ipsis
1212 1520 1589 1568 Ephemeridibus‚
1610 1521 1709 1560 satis
1725 1521 1828 1560 huic

110 1585 144 1610 25
181 1577 356 1623 negotio
379 1577 480 1622 apti,
502 1575 828 1622 depromantur,
851 1574 972 1612 haud
995 1574 1225 1612 obscurum
1248 1576 1327 1612 erit
1349 1574 1605 1622 inuestigare
1628 1587 1826 1623 compro-

180 1627 386 1675 bareque,
403 1640 462 1666 an
477 1630 622 1675 potius
638 1626 829 1675 respeetu
846 1628 990 1666 Stellae
1002 1628 1198 1671 Veneris,
1215 1639 1273 1665 an
1289 1639 1394 1665 vero
1411 1627 1535 1672 Solis,
1553 1628 1740 1667 Cometa
1756 1628 1826 1666 hie

181 1681 370 1720 caudam
390 1681 513 1719 suam
533 1681 742 1725 eduxerit,
763 1681 807 1719 id
828 1681 947 1728 quod
967 1693 1085 1718 nunc
1105 1692 1182 1728 per
1202 1681 1564 1728 quamplurimas,
1588 1687 1678 1720 tota
1698 1682 1825 1720 dura-

180 1736 311 1773 tionis
335 1734 529 1782 periodo,
554 1733 688 1773 faelas
714 1734 1065 1777 obseruationes,
1091 1734 1284 1781 sequenti
1310 1734 1704 1773 Demonstrationis
1729 1747 1826 1783 pro-

181 1788 288 1826 cessu
304 1789 573 1835 inquirentes
589 1787 757 1835 liquido
773 1787 1156 1826 manifestabimus.

109 1886 143 1913 30
181 1876 355 1924 QUOD
378 1876 630 1915 COMETA
651 1876 759 1915 HIC
780 1876 940 1914 TOTO
962 1876 1094 1914 SUAE
1110 1876 1517 1915 APPARITIONIS
1535 1876 1827 1922 TEMPORE,

235 1938 504 1977 CAUDAM
525 1938 906 1982 ADAMUSSIM,
928 1938 1061 1976 NON
1083 1938 1146 1975 IN
1168 1938 1480 1977 OPPOSITAS
1501 1938 1716 1978 PARTES
1735 1940 1775 1977 A

324 2000 482 2045 SOLE,
504 2000 615 2039 SED
636 2000 951 2046 EXQUISITE
972 2000 1012 2037 A
1028 2000 1277 2039 VENERIS
1298 2000 1530 2045 STELLA,
1552 2001 1681 2040 POR-

413 2062 674 2107 REXERIT,
705 2062 783 2100 EX
813 2062 1364 2101 OBSERUATIONIBUS
1394 2063 1595 2110 QUAM-

484 2124 761 2163 PLURIMIS
782 2123 975 2163 CERTO
996 2123 1360 2163 PATEFACERE
1381 2125 1522 2164 GEO-

109 2197 143 2222 35
568 2185 957 2232 METRICEQUE
978 2186 1439 2225 DEMONSTRARE.

696 2256 797 2295 DIE
817 2257 932 2294 XIII.
954 2257 1311 2296 NOVEMBRIS.

281 2318 576 2358 BSERUAUI
592 2318 676 2357 hoc
693 2319 774 2363 die,
791 2318 909 2366 quod
924 2319 1065 2357 cauda
1077 2319 1276 2357 Cometae
1286 2320 1491 2368 vergebat
1501 2320 1647 2358 versus
1660 2332 1827 2359 cornua

299 2371 571 2420 Capricorni.
594 2373 706 2411 adeo
726 2378 769 2410 vt
793 2372 1045 2410 inferiorem
1067 2374 1111 2410 in
1133 2384 1270 2411 cornu
1291 2373 1410 2420 quafi
1432 2376 1710 2422 contingeret,
1735 2380 1826 2412 erat

178 2429 340 2470 tamen,
358 2425 550 2475 respetstu
565 2425 695 2474 ipsius
711 2427 878 2473 capitis,
897 2425 1129 2464 arcualiter
1145 2425 1309 2465 inflexa
1324 2427 1471 2465 versus
1487 2427 1658 2472 Zenith,
1676 2439 1781 2465 nam
1796 2427 1826 2465 fi

110 2488 143 2514 40
180 2488 207 2516 a
222 2480 362 2526 capite
378 2490 455 2526 per
470 2479 666 2517 medium
682 2478 835 2517 caudae
852 2477 967 2517 reeta
988 2477 1115 2517 duffta
1134 2478 1267 2517 fuisset
1287 2479 1417 2523 linea,
1439 2481 1642 2518 cecidisset
1664 2492 1717 2519 ea
1736 2480 1823 2519 fere

177 2553 180 2555 Α
289 2538 336 2565 18*
1690 2534 1825 2572 tribus
