2209 3213
535 209 1056 249 RECENTIORIBUS
1076 210 1536 250 PHAENOMENIS
1783 212 1859 251 377

215 321 304 353 tam
320 315 416 353 haec
433 327 567 362 quam
579 317 711 353 etiam
723 316 811 353 alia
823 328 848 353 a
860 317 986 354 nobis
998 316 1235 355 constructa
1247 317 1537 355 Astronomiae
1550 317 1741 365 Organa,
1759 329 1859 355 con-

214 368 324 406 stitui
344 368 553 415 peculiari
570 368 715 415 Opere
736 371 782 406 in
802 381 890 416 quo
906 370 1024 407 Artis
1046 370 1310 408 Mechanica
1330 382 1430 417 pars
1451 370 1858 418 comprehendetur,

214 421 461 459 describere.
488 421 658 459 Interea
680 421 801 459 volui
824 421 986 460 horum
1009 423 1210 467 duorum,
1238 423 1387 470 qualia
1410 428 1525 468 tunc,
1549 435 1648 461 cum
1673 423 1860 462 Cometa

213 473 283 512 hic
299 473 464 518 effulffl,
485 476 531 512 in
548 480 723 521 promtu
742 480 876 519 erant,
898 474 1108 513 fabricam
1125 476 1351 514 Astrorum
1366 477 1725 524 contemplationi
1742 477 1857 515 dedi-

160 540 175 564 5
212 529 276 571 tis,
301 529 639 571 communicare,
663 533 706 565 vt
729 527 921 566 constare
944 529 1073 575 possit,
1098 529 1256 576 quibus
1279 530 1433 578 medijs
1455 529 1793 568 Obseruationes
1814 532 1858 568 in

215 592 268 618 eo
285 581 530 627 assequutus
546 580 635 618 fim.

266 633 469 671 Existimo
485 638 634 671 autem
650 636 803 671 omnia
819 634 874 672 ad
888 634 1237 672 Astronomicam
1254 635 1386 673 huius
1403 636 1602 674 Cometae
1619 636 1857 674 confidera-

210 688 376 724 tionem
392 688 665 734 pertinentia,
682 686 942 725 sufficienter
953 699 979 725 a
990 688 1116 725 nobis
1131 688 1384 726 elucubrata
1398 690 1486 727 esse.
1504 689 1618 735 Quae
1630 701 1735 727 vero
1747 689 1856 738 Phy-

212 739 341 777 ficam
359 739 397 776 &
414 739 740 787 Astrologicam‚
762 740 814 778 de
836 740 1136 778 Generatione
1159 741 1196 778 &
1218 741 1542 789 Significatione
1563 742 1718 780 talium
1738 754 1857 790 pere—

144 804 174 830 10
291 795 516 840 grinorum
531 792 878 837 Phaenomenon‚
900 794 1258 841 dijudicationem
1279 797 1453 842 proprie
1470 795 1711 842 respiciunt,
1732 798 1777 833 in

371 845 552 893 Epilogo
577 847 708 884 totius
729 846 898 893 Operis,
922 846 1040 884 velut
1065 847 1298 894 aliquoties
1322 848 1597 895 promifimus
1622 848 1698 895 (fa-

451 904 581 937 uente
598 899 812 946 Numine)
834 898 1067 944 tractaturi,
1084 900 1282 947 impofito
1299 901 1401 938 huic
1418 901 1619 939 Secundo

584 952 714 990 Libro
731 952 1008 1000 Colophone,
1026 955 1115 991 iarn
1131 965 1249 991 nunc
1266 954 1486 992 calamum

933 1005 1136 1044 fistamus.

317 2556 350 2580 48
