<?xml version="1.0" encoding="UTF-8"?>
<!DOCTYPE html PUBLIC "-//W3C//DTD XHTML 1.0 Transitional//EN"
    "http://www.w3.org/TR/xhtml1/DTD/xhtml1-transitional.dtd">
<html xmlns="http://www.w3.org/1999/xhtml" xml:lang="en" lang="en">
 <head>
  <title>
</title>
<meta http-equiv="Content-Type" content="text/html;charset=utf-8" />
  <meta name='ocr-system' content='tesseract 3.04.00' />
  <meta name='ocr-capabilities' content='ocr_page ocr_carea ocr_par ocr_line ocrx_word'/>
</head>
<body>
  <div class='ocr_page' id='page_1' title='image "./operaomniaedidit04brahuoft_0047.png"; bbox 0 0 2209 3213; ppageno 0'>
   <div class='ocr_carea' id='block_1_1' title="bbox 130 823 160 849">
    <p class='ocr_par' dir='ltr' id='par_1_1' title="bbox 130 823 160 849">
     <span class='ocr_line' id='line_1_1' title="bbox 130 823 160 849; baseline 0 0"><span class='ocrx_word' id='word_1_1' title='bbox 130 823 160 849; x_wconf 92' lang='lat'>10</span> 
     </span>
    </p>
   </div>
   <div class='ocr_carea' id='block_1_2' title="bbox 127 1090 157 1115">
    <p class='ocr_par' dir='ltr' id='par_1_2' title="bbox 127 1090 157 1115">
     <span class='ocr_line' id='line_1_2' title="bbox 127 1090 157 1115; baseline 0 0"><span class='ocrx_word' id='word_1_2' title='bbox 127 1090 157 1115; x_wconf 87' lang='lat'>15</span> 
     </span>
    </p>
   </div>
   <div class='ocr_carea' id='block_1_3' title="bbox 123 1355 156 1380">
    <p class='ocr_par' dir='ltr' id='par_1_3' title="bbox 123 1355 156 1380">
     <span class='ocr_line' id='line_1_3' title="bbox 123 1355 156 1380; baseline 0 0"><span class='ocrx_word' id='word_1_3' title='bbox 123 1355 156 1380; x_wconf 92' lang='lat'>20</span> 
     </span>
    </p>
   </div>
   <div class='ocr_carea' id='block_1_4' title="bbox 118 1829 159 1860">
    <p class='ocr_par' dir='ltr' id='par_1_4' title="bbox 118 1829 159 1860">
     <span class='ocr_line' id='line_1_4' title="bbox 118 1829 159 1860; baseline 0 0"><span class='ocrx_word' id='word_1_4' title='bbox 118 1829 159 1860; x_wconf 91' lang='lat'>33</span> 
     </span>
    </p>
   </div>
   <div class='ocr_carea' id='block_1_5' title="bbox 122 1887 156 1913">
    <p class='ocr_par' dir='ltr' id='par_1_5' title="bbox 122 1887 156 1913">
     <span class='ocr_line' id='line_1_5' title="bbox 122 1887 156 1913; baseline 0 0"><span class='ocrx_word' id='word_1_5' title='bbox 122 1887 156 1913; x_wconf 91' lang='lat'>30</span> 
     </span>
    </p>
   </div>
   <div class='ocr_carea' id='block_1_6' title="bbox 123 2154 155 2179">
    <p class='ocr_par' dir='ltr' id='par_1_6' title="bbox 123 2154 155 2179">
     <span class='ocr_line' id='line_1_6' title="bbox 123 2154 155 2179; baseline 0 0"><span class='ocrx_word' id='word_1_6' title='bbox 123 2154 155 2179; x_wconf 87' lang='grc'>35</span> 
     </span>
    </p>
   </div>
   <div class='ocr_carea' id='block_1_7' title="bbox 123 2419 156 2444">
    <p class='ocr_par' dir='ltr' id='par_1_7' title="bbox 123 2419 156 2444">
     <span class='ocr_line' id='line_1_7' title="bbox 123 2419 156 2444; baseline 0.03 -1"><span class='ocrx_word' id='word_1_7' title='bbox 123 2419 156 2444; x_wconf 82' lang='lat'>40</span> 
     </span>
    </p>
   </div>
   <div class='ocr_carea' id='block_1_8' title="bbox 516 225 1840 264">
    <p class='ocr_par' dir='ltr' id='par_1_8' title="bbox 516 225 1840 264">
     <span class='ocr_line' id='line_1_8' title="bbox 516 225 1840 264; baseline -0.001 -1"><span class='ocrx_word' id='word_1_8' title='bbox 516 225 1038 264; x_wconf 90' lang='lat' dir='ltr'>RECENTIORIBUS</span> <span class='ocrx_word' id='word_1_9' title='bbox 1059 225 1517 264; x_wconf 92' lang='lat' dir='ltr'>PHAENOMENIS</span> <span class='ocrx_word' id='word_1_10' title='bbox 1790 225 1840 263; x_wconf 87' lang='lat'>35</span> 
     </span>
    </p>
   </div>
   <div class='ocr_carea' id='block_1_9' title="bbox 191 331 1842 2603">
    <p class='ocr_par' dir='ltr' id='par_1_9' title="bbox 197 331 1840 424">
     <span class='ocr_line' id='line_1_9' title="bbox 197 331 1840 379; baseline -0.001 -8"><span class='ocrx_word' id='word_1_11' title='bbox 197 332 466 377; x_wconf 89' lang='lat' dir='ltr'><strong>ducentibus,</strong></span> <span class='ocrx_word' id='word_1_12' title='bbox 483 331 539 370; x_wconf 94' lang='lat' dir='ltr'>ad</span> <span class='ocrx_word' id='word_1_13' title='bbox 555 331 733 379; x_wconf 90' lang='lat' dir='ltr'>scopum</span> <span class='ocrx_word' id='word_1_14' title='bbox 748 331 1015 379; x_wconf 81' lang='lat' dir='ltr'>propositum</span> <span class='ocrx_word' id='word_1_15' title='bbox 1031 331 1320 369; x_wconf 87' lang='lat' dir='ltr'>nihilominus</span> <span class='ocrx_word' id='word_1_16' title='bbox 1336 337 1425 369; x_wconf 89' lang='lat' dir='ltr'>tam</span> <span class='ocrx_word' id='word_1_17' title='bbox 1441 342 1576 379; x_wconf 86' lang='lat' dir='ltr'><strong>prope</strong></span> <span class='ocrx_word' id='word_1_18' title='bbox 1588 331 1840 369; x_wconf 89' lang='lat' dir='ltr'>collimaue-</span> 
     </span>
     <span class='ocr_line' id='line_1_10' title="bbox 197 398 345 424; baseline -0.007 0"><span class='ocrx_word' id='word_1_19' title='bbox 197 398 345 424; x_wconf 84' lang='lat' dir='ltr'>rimuS.</span> 
     </span>
    </p>

    <p class='ocr_par' dir='ltr' id='par_1_10' title="bbox 191 437 1842 2135">
     <span class='ocr_line' id='line_1_11' title="bbox 249 437 1840 485; baseline -0.001 -9"><span class='ocrx_word' id='word_1_20' title='bbox 249 439 304 476; x_wconf 90' lang='lat' dir='ltr'>Vt</span> <span class='ocrx_word' id='word_1_21' title='bbox 324 443 472 476; x_wconf 91' lang='lat' dir='ltr'>autem</span> <span class='ocrx_word' id='word_1_22' title='bbox 488 437 680 475; x_wconf 86' lang='lat' dir='ltr'>constare</span> <span class='ocrx_word' id='word_1_23' title='bbox 698 438 828 484; x_wconf 91' lang='lat' dir='ltr'>possit,</span> <span class='ocrx_word' id='word_1_24' title='bbox 850 448 938 484; x_wconf 89' lang='lat' dir='ltr'>qua</span> <span class='ocrx_word' id='word_1_25' title='bbox 953 438 1212 485; x_wconf 91' lang='lat' dir='ltr'>potissimum</span> <span class='ocrx_word' id='word_1_26' title='bbox 1228 440 1410 482; x_wconf 90' lang='lat' dir='ltr'>ratione,</span> <span class='ocrx_word' id='word_1_27' title='bbox 1432 438 1674 475; x_wconf 92' lang='lat' dir='ltr'>earundem</span> <span class='ocrx_word' id='word_1_28' title='bbox 1690 437 1840 476; x_wconf 89' lang='lat' dir='ltr'>Stella-</span> 
     </span>
     <span class='ocr_line' id='line_1_12' title="bbox 197 489 1841 539; baseline -0.001 -9"><span class='ocrx_word' id='word_1_29' title='bbox 197 504 296 530; x_wconf 89' lang='lat' dir='ltr'>rum</span> <span class='ocrx_word' id='word_1_30' title='bbox 316 490 648 539; x_wconf 89' lang='lat' dir='ltr'>dispofitionem‚</span> <span class='ocrx_word' id='word_1_31' title='bbox 670 490 1025 537; x_wconf 82' lang='lat' dir='ltr'>subsequentibus</span> <span class='ocrx_word' id='word_1_32' title='bbox 1046 493 1186 535; x_wconf 90' lang='lat' dir='ltr'>annis,</span> <span class='ocrx_word' id='word_1_33' title='bbox 1211 493 1256 529; x_wconf 93' lang='lat' dir='ltr'>in</span> <span class='ocrx_word' id='word_1_34' title='bbox 1278 491 1407 529; x_wconf 85' lang='lat' dir='ltr'>Coelo</span> <span class='ocrx_word' id='word_1_35' title='bbox 1428 489 1576 529; x_wconf 74' lang='lat' dir='ltr'>exacte</span> <span class='ocrx_word' id='word_1_36' title='bbox 1597 502 1841 538; x_wconf 87' lang='lat' dir='ltr'>congruum</span> 
     </span>
     <span class='ocr_line' id='line_1_13' title="bbox 197 543 1840 591; baseline -0.001 -8"><span class='ocrx_word' id='word_1_37' title='bbox 197 545 344 583; x_wconf 91' lang='lat' dir='ltr'>locum</span> <span class='ocrx_word' id='word_1_38' title='bbox 368 543 656 591; x_wconf 86' lang='lat' dir='ltr'>scrupulofius</span> <span class='ocrx_word' id='word_1_39' title='bbox 680 543 947 588; x_wconf 89' lang='lat' dir='ltr'>restituerim,</span> <span class='ocrx_word' id='word_1_40' title='bbox 978 556 1077 582; x_wconf 93' lang='lat' dir='ltr'>eam</span> <span class='ocrx_word' id='word_1_41' title='bbox 1102 556 1220 582; x_wconf 90' lang='lat' dir='ltr'>nunc</span> <span class='ocrx_word' id='word_1_42' title='bbox 1246 544 1452 582; x_wconf 90' lang='lat' dir='ltr'>breuibus</span> <span class='ocrx_word' id='word_1_43' title='bbox 1478 544 1692 582; x_wconf 89' lang='lat' dir='ltr'>indicabo.</span> <span class='ocrx_word' id='word_1_44' title='bbox 1725 544 1840 582; x_wconf 92' lang='lat' dir='ltr'>Cum</span> 
     </span>
     <span class='ocr_line' id='line_1_14' title="bbox 196 597 1840 644; baseline -0.001 -8"><span class='ocrx_word' id='word_1_45' title='bbox 196 599 331 636; x_wconf 89' lang='lat' dir='ltr'>Anno</span> <span class='ocrx_word' id='word_1_46' title='bbox 354 597 449 636; x_wconf 87' lang='lat'>1582</span> <span class='ocrx_word' id='word_1_47' title='bbox 471 597 712 635; x_wconf 87' lang='lat' dir='ltr'>admodum</span> <span class='ocrx_word' id='word_1_48' title='bbox 735 601 1013 644; x_wconf 85' lang='lat' dir='ltr'>oportunam,</span> <span class='ocrx_word' id='word_1_49' title='bbox 1036 597 1272 635; x_wconf 88' lang='lat' dir='ltr'>affixarum</span> <span class='ocrx_word' id='word_1_50' title='bbox 1295 597 1529 635; x_wconf 84' lang='lat' dir='ltr'>Stellarum</span> <span class='ocrx_word' id='word_1_51' title='bbox 1550 597 1659 640; x_wconf 89' lang='lat' dir='ltr'>loca,</span> <span class='ocrx_word' id='word_1_52' title='bbox 1684 608 1707 634; x_wconf 92' lang='lat' dir='ltr'>e</span> <span class='ocrx_word' id='word_1_53' title='bbox 1728 597 1840 635; x_wconf 92' lang='lat' dir='ltr'>Solis</span> 
     </span>
     <span class='ocr_line' id='line_1_15' title="bbox 196 649 1840 698; baseline -0.001 -9"><span class='ocrx_word' id='word_1_54' title='bbox 196 651 274 689; x_wconf 90' lang='lat' dir='ltr'>fitu</span> <span class='ocrx_word' id='word_1_55' title='bbox 297 652 481 698; x_wconf 91' lang='lat' dir='ltr'>cognito,</span> <span class='ocrx_word' id='word_1_56' title='bbox 504 650 837 688; x_wconf 88' lang='lat' dir='ltr'>intermediante</span> <span class='ocrx_word' id='word_1_57' title='bbox 860 649 1043 688; x_wconf 91' lang='lat' dir='ltr'>Veneris</span> <span class='ocrx_word' id='word_1_58' title='bbox 1066 650 1211 695; x_wconf 87' lang='lat' dir='ltr'>Stella,</span> <span class='ocrx_word' id='word_1_59' title='bbox 1234 655 1337 688; x_wconf 89' lang='lat' dir='ltr'>tunc</span> <span class='ocrx_word' id='word_1_60' title='bbox 1360 650 1446 688; x_wconf 91' lang='lat' dir='ltr'>diei</span> <span class='ocrx_word' id='word_1_61' title='bbox 1469 649 1688 697; x_wconf 72' lang='lat' dir='ltr'>noctisque</span> <span class='ocrx_word' id='word_1_62' title='bbox 1711 652 1840 697; x_wconf 90' lang='lat' dir='ltr'>parti-</span> 
     </span>
     <span class='ocr_line' id='line_1_16' title="bbox 197 702 1840 752; baseline -0.001 -10"><span class='ocrx_word' id='word_1_63' title='bbox 197 706 303 752; x_wconf 91' lang='lat' dir='ltr'>cipe,</span> <span class='ocrx_word' id='word_1_64' title='bbox 328 703 575 741; x_wconf 90' lang='lat' dir='ltr'>restituendi</span> <span class='ocrx_word' id='word_1_65' title='bbox 599 703 956 741; x_wconf 89' lang='lat' dir='ltr'>commoditatem</span> <span class='ocrx_word' id='word_1_66' title='bbox 980 702 1133 742; x_wconf 70' lang='lat' dir='ltr'>nactus</span> <span class='ocrx_word' id='word_1_67' title='bbox 1158 704 1282 741; x_wconf 89' lang='lat' dir='ltr'>essem</span> <span class='ocrx_word' id='word_1_68' title='bbox 1307 703 1446 750; x_wconf 86' lang='lat' dir='ltr'>(uelut</span> <span class='ocrx_word' id='word_1_69' title='bbox 1470 702 1566 741; x_wconf 85' lang='lat' dir='ltr'>haec</span> <span class='ocrx_word' id='word_1_70' title='bbox 1589 703 1699 741; x_wconf 87' lang='lat' dir='ltr'>libro</span> <span class='ocrx_word' id='word_1_71' title='bbox 1722 708 1840 741; x_wconf 87' lang='lat' dir='ltr'>ante—</span> 
     </span>
     <span class='ocr_line' id='line_1_17' title="bbox 197 755 1842 803; baseline -0.001 -8"><span class='ocrx_word' id='word_1_72' title='bbox 197 757 374 795; x_wconf 90' lang='lat' dir='ltr'>cedente</span> <span class='ocrx_word' id='word_1_73' title='bbox 394 756 471 794; x_wconf 94' lang='lat' dir='ltr'>suo</span> <span class='ocrx_word' id='word_1_74' title='bbox 491 756 588 796; x_wconf 91' lang='lat' dir='ltr'>loco</span> <span class='ocrx_word' id='word_1_75' title='bbox 608 755 741 794; x_wconf 89' lang='lat' dir='ltr'>fufius</span> <span class='ocrx_word' id='word_1_76' title='bbox 763 755 957 803; x_wconf 86' lang='lat' dir='ltr'>exposui)</span> <span class='ocrx_word' id='word_1_77' title='bbox 979 758 1090 794; x_wconf 91' lang='lat' dir='ltr'>inter</span> <span class='ocrx_word' id='word_1_78' title='bbox 1110 756 1232 801; x_wconf 91' lang='lat' dir='ltr'>alias,</span> <span class='ocrx_word' id='word_1_79' title='bbox 1254 756 1445 800; x_wconf 90' lang='lat' dir='ltr'>Stellam,</span> <span class='ocrx_word' id='word_1_80' title='bbox 1467 768 1567 803; x_wconf 84' lang='lat' dir='ltr'>quae</span> <span class='ocrx_word' id='word_1_81' title='bbox 1584 756 1639 794; x_wconf 92' lang='lat' dir='ltr'>est</span> <span class='ocrx_word' id='word_1_82' title='bbox 1656 756 1842 794; x_wconf 88' lang='lat' dir='ltr'>lucidior</span> 
     </span>
     <span class='ocr_line' id='line_1_18' title="bbox 196 808 1841 858; baseline -0.001 -10"><span class='ocrx_word' id='word_1_83' title='bbox 196 810 324 858; x_wconf 91' lang='lat' dir='ltr'>supra</span> <span class='ocrx_word' id='word_1_84' title='bbox 344 815 474 857; x_wconf 90' lang='lat' dir='ltr'>caput</span> <span class='ocrx_word' id='word_1_85' title='bbox 488 810 662 853; x_wconf 84' lang='lat' dir='ltr'>Arietis,</span> <span class='ocrx_word' id='word_1_86' title='bbox 683 811 808 847; x_wconf 88' lang='lat' dir='ltr'>tertia</span> <span class='ocrx_word' id='word_1_87' title='bbox 828 821 1028 854; x_wconf 91' lang='lat' dir='ltr'>numero,</span> <span class='ocrx_word' id='word_1_88' title='bbox 1049 811 1095 847; x_wconf 94' lang='lat' dir='ltr'>in</span> <span class='ocrx_word' id='word_1_89' title='bbox 1116 809 1307 847; x_wconf 88' lang='lat' dir='ltr'>debitam</span> <span class='ocrx_word' id='word_1_90' title='bbox 1327 809 1381 847; x_wconf 90' lang='lat' dir='ltr'>ab</span> <span class='ocrx_word' id='word_1_91' title='bbox 1398 808 1680 856; x_wconf 69' lang='lat' dir='ltr'>AEquinofflo</span> <span class='ocrx_word' id='word_1_92' title='bbox 1701 821 1841 847; x_wconf 91' lang='lat' dir='ltr'>remo-</span> 
     </span>
     <span class='ocr_line' id='line_1_19' title="bbox 194 861 1841 910; baseline -0.001 -9"><span class='ocrx_word' id='word_1_93' title='bbox 194 866 371 908; x_wconf 89' lang='lat' dir='ltr'>tionem,</span> <span class='ocrx_word' id='word_1_94' title='bbox 385 874 437 901; x_wconf 88' lang='lat' dir='ltr'>ea</span> <span class='ocrx_word' id='word_1_95' title='bbox 448 862 665 900; x_wconf 87' lang='lat' dir='ltr'>infallibili</span> <span class='ocrx_word' id='word_1_96' title='bbox 677 864 846 900; x_wconf 91' lang='lat' dir='ltr'>ratione</span> <span class='ocrx_word' id='word_1_97' title='bbox 858 862 1040 909; x_wconf 91' lang='lat' dir='ltr'>reposui.</span> <span class='ocrx_word' id='word_1_98' title='bbox 1055 863 1259 910; x_wconf 89' lang='lat' dir='ltr'>Cumque</span> <span class='ocrx_word' id='word_1_99' title='bbox 1271 862 1515 901; x_wconf 87' lang='lat' dir='ltr'>distantiam</span> <span class='ocrx_word' id='word_1_100' title='bbox 1527 862 1684 900; x_wconf 85' lang='lat' dir='ltr'>lucidae</span> <span class='ocrx_word' id='word_1_101' title='bbox 1696 861 1841 900; x_wconf 84' lang='lat' dir='ltr'>Stellae</span> 
     </span>
     <span class='ocr_line' id='line_1_20' title="bbox 195 915 1841 963; baseline -0.001 -9"><span class='ocrx_word' id='word_1_102' title='bbox 195 916 390 955; x_wconf 86' lang='lat' dir='ltr'>Vulturis</span> <span class='ocrx_word' id='word_1_103' title='bbox 401 916 455 954; x_wconf 91' lang='lat' dir='ltr'>ab</span> <span class='ocrx_word' id='word_1_104' title='bbox 467 915 550 954; x_wconf 88' lang='lat' dir='ltr'>hac</span> <span class='ocrx_word' id='word_1_105' title='bbox 564 921 611 957; x_wconf 73' lang='lat' dir='ltr'>V</span> <span class='ocrx_word' id='word_1_106' title='bbox 624 917 669 953; x_wconf 91' lang='lat' dir='ltr'>in</span> <span class='ocrx_word' id='word_1_107' title='bbox 681 916 1031 954; x_wconf 89' lang='lat' dir='ltr'>antecedentiam</span> <span class='ocrx_word' id='word_1_108' title='bbox 1042 915 1261 963; x_wconf 88' lang='lat' dir='ltr'>fignorum</span> <span class='ocrx_word' id='word_1_109' title='bbox 1273 916 1349 953; x_wconf 90' lang='lat' dir='ltr'>esse</span> <span class='ocrx_word' id='word_1_110' title='bbox 1361 915 1411 953; x_wconf 85' lang='lat'>93</span> <span class='ocrx_word' id='word_1_111' title='bbox 1425 915 1479 953; x_wconf 89' lang='lat' dir='ltr'>G.</span> <span class='ocrx_word' id='word_1_112' title='bbox 1492 915 1543 953; x_wconf 88' lang='lat'>22</span> <span class='ocrx_word' id='word_1_113' title='bbox 1554 915 1617 953; x_wconf 90' lang='lat' dir='ltr'>M.</span> <span class='ocrx_word' id='word_1_114' title='bbox 1630 915 1841 962; x_wconf 91' lang='lat' dir='ltr'>peculiari</span> 
     </span>
     <span class='ocr_line' id='line_1_21' title="bbox 195 968 1841 1017; baseline -0.001 -9"><span class='ocrx_word' id='word_1_115' title='bbox 195 970 388 1017; x_wconf 90' lang='lat' dir='ltr'>quodam</span> <span class='ocrx_word' id='word_1_116' title='bbox 401 969 439 1007; x_wconf 86' lang='lat'>&amp;</span> <span class='ocrx_word' id='word_1_117' title='bbox 449 970 631 1006; x_wconf 91' lang='lat' dir='ltr'>minime</span> <span class='ocrx_word' id='word_1_118' title='bbox 645 968 791 1007; x_wconf 85' lang='lat' dir='ltr'>fallaci</span> <span class='ocrx_word' id='word_1_119' title='bbox 802 968 1102 1013; x_wconf 91' lang='lat' dir='ltr'>Instrumento,</span> <span class='ocrx_word' id='word_1_120' title='bbox 1120 969 1238 1016; x_wconf 92' lang='lat' dir='ltr'>quod</span> <span class='ocrx_word' id='word_1_121' title='bbox 1249 968 1596 1016; x_wconf 88' lang='lat' dir='ltr'>intercapedines</span> <span class='ocrx_word' id='word_1_122' title='bbox 1608 968 1841 1006; x_wconf 89' lang='lat' dir='ltr'>Stellarum</span> 
     </span>
     <span class='ocr_line' id='line_1_22' title="bbox 195 1021 1840 1069; baseline -0.001 -8"><span class='ocrx_word' id='word_1_123' title='bbox 195 1025 326 1061; x_wconf 88' lang='lat' dir='ltr'>etiam</span> <span class='ocrx_word' id='word_1_124' title='bbox 345 1022 602 1069; x_wconf 91' lang='lat' dir='ltr'>Quadrante</span> <span class='ocrx_word' id='word_1_125' title='bbox 622 1023 813 1060; x_wconf 92' lang='lat' dir='ltr'>maiores</span> <span class='ocrx_word' id='word_1_126' title='bbox 833 1021 1104 1066; x_wconf 89' lang='lat' dir='ltr'>scrutaretur,</span> <span class='ocrx_word' id='word_1_127' title='bbox 1127 1022 1420 1069; x_wconf 88' lang='lat' dir='ltr'>explorassem,</span> <span class='ocrx_word' id='word_1_128' title='bbox 1442 1033 1533 1059; x_wconf 92' lang='lat' dir='ltr'>non</span> <span class='ocrx_word' id='word_1_129' title='bbox 1554 1021 1728 1059; x_wconf 88' lang='lat' dir='ltr'>difficile</span> <span class='ocrx_word' id='word_1_130' title='bbox 1749 1021 1840 1065; x_wconf 88' lang='lat' dir='ltr'>fuit,</span> 
     </span>
     <span class='ocr_line' id='line_1_23' title="bbox 194 1074 1840 1118; baseline -0.001 -4"><span class='ocrx_word' id='word_1_131' title='bbox 194 1075 389 1115; x_wconf 90' lang='lat' dir='ltr'>adhibita</span> <span class='ocrx_word' id='word_1_132' title='bbox 410 1075 643 1113; x_wconf 90' lang='lat' dir='ltr'>ambarum</span> <span class='ocrx_word' id='word_1_133' title='bbox 663 1075 897 1113; x_wconf 88' lang='lat' dir='ltr'>Stellarum</span> <span class='ocrx_word' id='word_1_134' title='bbox 919 1074 1224 1118; x_wconf 89' lang='lat' dir='ltr'>declinatione,</span> <span class='ocrx_word' id='word_1_135' title='bbox 1248 1074 1539 1113; x_wconf 85' lang='lat' dir='ltr'>differentiam</span> <span class='ocrx_word' id='word_1_136' title='bbox 1560 1074 1840 1112; x_wconf 88' lang='lat' dir='ltr'>Ascenfiona-</span> 
     </span>
     <span class='ocr_line' id='line_1_24' title="bbox 193 1126 1842 1176; baseline -0.001 -9"><span class='ocrx_word' id='word_1_137' title='bbox 193 1129 281 1167; x_wconf 90' lang='lat' dir='ltr'>lem</span> <span class='ocrx_word' id='word_1_138' title='bbox 296 1131 579 1176; x_wconf 91' lang='lat' dir='ltr'>interceptam</span> <span class='ocrx_word' id='word_1_139' title='bbox 596 1128 864 1176; x_wconf 88' lang='lat' dir='ltr'>cognoscere,</span> <span class='ocrx_word' id='word_1_140' title='bbox 886 1128 924 1166; x_wconf 86' lang='lat'>&amp;</span> <span class='ocrx_word' id='word_1_141' title='bbox 944 1127 1059 1172; x_wconf 92' lang='lat' dir='ltr'>hinc,</span> <span class='ocrx_word' id='word_1_142' title='bbox 1080 1133 1170 1166; x_wconf 88' lang='lat' dir='ltr'>tam</span> <span class='ocrx_word' id='word_1_143' title='bbox 1186 1127 1495 1166; x_wconf 90' lang='lat' dir='ltr'>Ascenfionem</span> <span class='ocrx_word' id='word_1_144' title='bbox 1510 1126 1684 1171; x_wconf 68' lang='lat' dir='ltr'>rectam,</span> <span class='ocrx_word' id='word_1_145' title='bbox 1706 1139 1842 1175; x_wconf 90' lang='lat' dir='ltr'>quam</span> 
     </span>
     <span class='ocr_line' id='line_1_25' title="bbox 193 1181 1842 1231; baseline -0.001 -10"><span class='ocrx_word' id='word_1_146' title='bbox 193 1182 511 1231; x_wconf 88' lang='lat' dir='ltr'>longitudinem</span> <span class='ocrx_word' id='word_1_147' title='bbox 522 1181 848 1220; x_wconf 87' lang='lat' dir='ltr'>&amp;latitudinem</span> <span class='ocrx_word' id='word_1_148' title='bbox 859 1181 1004 1220; x_wconf 90' lang='lat' dir='ltr'>Stellae</span> <span class='ocrx_word' id='word_1_149' title='bbox 1016 1181 1224 1226; x_wconf 92' lang='lat' dir='ltr'>Vulturis,</span> <span class='ocrx_word' id='word_1_150' title='bbox 1237 1187 1389 1219; x_wconf 87' lang='lat' dir='ltr'>notam</span> <span class='ocrx_word' id='word_1_151' title='bbox 1401 1181 1673 1225; x_wconf 88' lang='lat' dir='ltr'>constituere;</span> <span class='ocrx_word' id='word_1_152' title='bbox 1687 1181 1842 1219; x_wconf 90' lang='lat' dir='ltr'>eadem</span> 
     </span>
     <span class='ocr_line' id='line_1_26' title="bbox 193 1233 1837 1284; baseline -0.001 -11"><span class='ocrx_word' id='word_1_153' title='bbox 193 1236 597 1284; x_wconf 86' lang='lat' dir='ltr'>Argumentationis</span> <span class='ocrx_word' id='word_1_154' title='bbox 614 1234 842 1279; x_wconf 92' lang='lat' dir='ltr'>Methodo,</span> <span class='ocrx_word' id='word_1_155' title='bbox 864 1246 953 1282; x_wconf 92' lang='lat' dir='ltr'>qua</span> <span class='ocrx_word' id='word_1_156' title='bbox 972 1234 1168 1282; x_wconf 92' lang='lat' dir='ltr'>superius</span> <span class='ocrx_word' id='word_1_157' title='bbox 1187 1246 1288 1273; x_wconf 94' lang='lat' dir='ltr'>cum</span> <span class='ocrx_word' id='word_1_158' title='bbox 1303 1234 1497 1273; x_wconf 87' lang='lat' dir='ltr'>Stellulae</span> <span class='ocrx_word' id='word_1_159' title='bbox 1513 1237 1559 1272; x_wconf 94' lang='lat' dir='ltr'>in</span> <span class='ocrx_word' id='word_1_160' title='bbox 1574 1233 1747 1282; x_wconf 72' lang='lat' dir='ltr'>pectore</span> <span class='ocrx_word' id='word_1_161' title='bbox 1764 1234 1837 1272; x_wconf 84' lang='lat' dir='ltr'>Pe-</span> 
     </span>
     <span class='ocr_line' id='line_1_27' title="bbox 192 1287 1837 1337; baseline -0.001 -10"><span class='ocrx_word' id='word_1_162' title='bbox 192 1289 277 1337; x_wconf 89' lang='lat' dir='ltr'>gafi</span> <span class='ocrx_word' id='word_1_163' title='bbox 288 1289 436 1327; x_wconf 91' lang='lat' dir='ltr'>locum</span> <span class='ocrx_word' id='word_1_164' title='bbox 447 1290 782 1335; x_wconf 89' lang='lat' dir='ltr'>inquireremus,</span> <span class='ocrx_word' id='word_1_165' title='bbox 794 1287 856 1326; x_wconf 90' lang='lat' dir='ltr'>ufi</span> <span class='ocrx_word' id='word_1_166' title='bbox 866 1288 1027 1326; x_wconf 91' lang='lat' dir='ltr'>sumus.</span> <span class='ocrx_word' id='word_1_167' title='bbox 1045 1288 1180 1326; x_wconf 91' lang='lat' dir='ltr'>Hunc</span> <span class='ocrx_word' id='word_1_168' title='bbox 1193 1290 1324 1326; x_wconf 90' lang='lat' dir='ltr'>etiam</span> <span class='ocrx_word' id='word_1_169' title='bbox 1336 1288 1531 1325; x_wconf 90' lang='lat' dir='ltr'>Vulturis</span> <span class='ocrx_word' id='word_1_170' title='bbox 1543 1287 1688 1326; x_wconf 89' lang='lat' dir='ltr'>Stellae</span> <span class='ocrx_word' id='word_1_171' title='bbox 1700 1287 1837 1332; x_wconf 81' lang='lat' dir='ltr'>situm,</span> 
     </span>
     <span class='ocr_line' id='line_1_28' title="bbox 193 1341 1837 1390; baseline -0.001 -10"><span class='ocrx_word' id='word_1_172' title='bbox 193 1354 269 1390; x_wconf 88' lang='lat' dir='ltr'>per</span> <span class='ocrx_word' id='word_1_173' title='bbox 285 1342 459 1390; x_wconf 85' lang='lat' dir='ltr'>Spicam</span> <span class='ocrx_word' id='word_1_174' title='bbox 475 1347 537 1390; x_wconf 76' lang='lat' dir='ltr'>m),</span> <span class='ocrx_word' id='word_1_175' title='bbox 558 1353 585 1379; x_wconf 89' lang='lat' dir='ltr'>a</span> <span class='ocrx_word' id='word_1_176' title='bbox 605 1353 693 1388; x_wconf 89' lang='lat' dir='ltr'>qua</span> <span class='ocrx_word' id='word_1_177' title='bbox 708 1343 753 1379; x_wconf 91' lang='lat' dir='ltr'>in</span> <span class='ocrx_word' id='word_1_178' title='bbox 770 1341 1125 1388; x_wconf 89' lang='lat' dir='ltr'>consequentiam</span> <span class='ocrx_word' id='word_1_179' title='bbox 1146 1346 1398 1379; x_wconf 91' lang='lat' dir='ltr'>remouetur</span> <span class='ocrx_word' id='word_1_180' title='bbox 1415 1341 1457 1379; x_wconf 89' lang='lat' dir='ltr'>P.</span> <span class='ocrx_word' id='word_1_181' title='bbox 1473 1341 1536 1379; x_wconf 81' lang='lat'>96.</span> <span class='ocrx_word' id='word_1_182' title='bbox 1554 1341 1618 1378; x_wconf 89' lang='lat' dir='ltr'>M.</span> <span class='ocrx_word' id='word_1_183' title='bbox 1634 1341 1704 1380; x_wconf 56' lang='lat'>45÷3</span> <span class='ocrx_word' id='word_1_184' title='bbox 1724 1343 1837 1378; x_wconf 89' lang='lat' dir='ltr'>uice-</span> 
     </span>
     <span class='ocr_line' id='line_1_29' title="bbox 192 1394 1838 1442; baseline -0.001 -9"><span class='ocrx_word' id='word_1_185' title='bbox 192 1395 317 1433; x_wconf 92' lang='lat' dir='ltr'>uersa</span> <span class='ocrx_word' id='word_1_186' title='bbox 332 1394 630 1442; x_wconf 91' lang='lat' dir='ltr'>comprobaui,</span> <span class='ocrx_word' id='word_1_187' title='bbox 648 1401 778 1442; x_wconf 91' lang='lat' dir='ltr'>atque</span> <span class='ocrx_word' id='word_1_188' title='bbox 796 1394 952 1432; x_wconf 91' lang='lat' dir='ltr'>eodem</span> <span class='ocrx_word' id='word_1_189' title='bbox 967 1395 1101 1432; x_wconf 90' lang='lat' dir='ltr'>modo</span> <span class='ocrx_word' id='word_1_190' title='bbox 1117 1394 1157 1432; x_wconf 90' lang='lat' dir='ltr'>se</span> <span class='ocrx_word' id='word_1_191' title='bbox 1173 1394 1335 1432; x_wconf 89' lang='lat' dir='ltr'>habere</span> <span class='ocrx_word' id='word_1_192' title='bbox 1350 1396 1554 1442; x_wconf 91' lang='lat' dir='ltr'>comperi.</span> <span class='ocrx_word' id='word_1_193' title='bbox 1572 1394 1674 1432; x_wconf 88' lang='lat' dir='ltr'>Erat</span> <span class='ocrx_word' id='word_1_194' title='bbox 1689 1399 1838 1432; x_wconf 88' lang='lat' dir='ltr'>autem</span> 
     </span>
     <span class='ocr_line' id='line_1_30' title="bbox 192 1447 1837 1496; baseline -0.001 -10"><span class='ocrx_word' id='word_1_195' title='bbox 192 1449 318 1496; x_wconf 89' lang='lat' dir='ltr'>spicae</span> <span class='ocrx_word' id='word_1_196' title='bbox 338 1448 473 1492; x_wconf 91' lang='lat' dir='ltr'>locus,</span> <span class='ocrx_word' id='word_1_197' title='bbox 495 1459 585 1485; x_wconf 93' lang='lat' dir='ltr'>non</span> <span class='ocrx_word' id='word_1_198' title='bbox 606 1447 755 1486; x_wconf 90' lang='lat' dir='ltr'>saltem</span> <span class='ocrx_word' id='word_1_199' title='bbox 771 1460 798 1486; x_wconf 94' lang='lat' dir='ltr'>a</span> <span class='ocrx_word' id='word_1_200' title='bbox 814 1447 926 1492; x_wconf 90' lang='lat' dir='ltr'>Sole,</span> <span class='ocrx_word' id='word_1_201' title='bbox 948 1459 1024 1495; x_wconf 89' lang='lat' dir='ltr'>per</span> <span class='ocrx_word' id='word_1_202' title='bbox 1039 1448 1270 1491; x_wconf 88' lang='lat' dir='ltr'>Venerem,</span> <span class='ocrx_word' id='word_1_203' title='bbox 1293 1447 1330 1485; x_wconf 93' lang='grc'>8(</span> <span class='ocrx_word' id='word_1_204' title='bbox 1351 1450 1462 1485; x_wconf 91' lang='lat' dir='ltr'>inter</span> <span class='ocrx_word' id='word_1_205' title='bbox 1482 1448 1649 1485; x_wconf 88' lang='lat' dir='ltr'>medias</span> <span class='ocrx_word' id='word_1_206' title='bbox 1670 1447 1837 1492; x_wconf 87' lang='lat' dir='ltr'>Stellas,</span> 
     </span>
     <span class='ocr_line' id='line_1_31' title="bbox 192 1500 1838 1549; baseline -0.001 -9"><span class='ocrx_word' id='word_1_207' title='bbox 192 1501 413 1546; x_wconf 70' lang='lat' dir='ltr'>deductus,</span> <span class='ocrx_word' id='word_1_208' title='bbox 434 1501 504 1539; x_wconf 90' lang='lat' dir='ltr'>sed</span> <span class='ocrx_word' id='word_1_209' title='bbox 524 1513 627 1546; x_wconf 90' lang='lat' dir='ltr'>una,</span> <span class='ocrx_word' id='word_1_210' title='bbox 648 1513 725 1549; x_wconf 92' lang='lat' dir='ltr'>per</span> <span class='ocrx_word' id='word_1_211' title='bbox 744 1500 1021 1539; x_wconf 89' lang='lat' dir='ltr'>latitudinem</span> <span class='ocrx_word' id='word_1_212' title='bbox 1042 1500 1080 1538; x_wconf 90' lang='lat'>&amp;</span> <span class='ocrx_word' id='word_1_213' title='bbox 1100 1501 1452 1545; x_wconf 85' lang='lat' dir='ltr'>declinationem,</span> <span class='ocrx_word' id='word_1_214' title='bbox 1473 1501 1612 1538; x_wconf 92' lang='lat' dir='ltr'>ueluti</span> <span class='ocrx_word' id='word_1_215' title='bbox 1628 1500 1838 1548; x_wconf 90' lang='lat' dir='ltr'>superiori</span> 
     </span>
     <span class='ocr_line' id='line_1_32' title="bbox 193 1553 1837 1601; baseline -0.001 -8"><span class='ocrx_word' id='word_1_216' title='bbox 193 1557 325 1593; x_wconf 89' lang='lat' dir='ltr'>etiam</span> <span class='ocrx_word' id='word_1_217' title='bbox 342 1554 453 1593; x_wconf 91' lang='lat' dir='ltr'>libro</span> <span class='ocrx_word' id='word_1_218' title='bbox 469 1555 776 1599; x_wconf 82' lang='lat' dir='ltr'>iudicauimus,</span> <span class='ocrx_word' id='word_1_219' title='bbox 798 1556 1088 1598; x_wconf 86' lang='lat' dir='ltr'>examinatus,</span> <span class='ocrx_word' id='word_1_220' title='bbox 1109 1559 1156 1592; x_wconf 91' lang='lat' dir='ltr'>ut</span> <span class='ocrx_word' id='word_1_221' title='bbox 1176 1554 1231 1592; x_wconf 95' lang='lat' dir='ltr'>ob</span> <span class='ocrx_word' id='word_1_222' title='bbox 1252 1555 1307 1598; x_wconf 94' lang='lat' dir='ltr'>id,</span> <span class='ocrx_word' id='word_1_223' title='bbox 1329 1554 1381 1592; x_wconf 93' lang='lat' dir='ltr'>de</span> <span class='ocrx_word' id='word_1_224' title='bbox 1402 1554 1672 1601; x_wconf 87' lang='lat' dir='ltr'>longitudine</span> <span class='ocrx_word' id='word_1_225' title='bbox 1689 1553 1727 1591; x_wconf 89' lang='grc'>8(</span> <span class='ocrx_word' id='word_1_226' title='bbox 1743 1554 1837 1592; x_wconf 87' lang='lat' dir='ltr'>lati-</span> 
     </span>
     <span class='ocr_line' id='line_1_33' title="bbox 192 1606 1838 1655; baseline -0.001 -9"><span class='ocrx_word' id='word_1_227' title='bbox 192 1608 342 1646; x_wconf 91' lang='lat' dir='ltr'>tudine</span> <span class='ocrx_word' id='word_1_228' title='bbox 366 1606 605 1655; x_wconf 74' lang='lat' dir='ltr'>saepedic‘tae</span> <span class='ocrx_word' id='word_1_229' title='bbox 630 1607 787 1645; x_wconf 89' lang='lat' dir='ltr'>lucidae</span> <span class='ocrx_word' id='word_1_230' title='bbox 808 1607 1016 1652; x_wconf 90' lang='lat' dir='ltr'>Vulturis,</span> <span class='ocrx_word' id='word_1_231' title='bbox 1043 1619 1132 1655; x_wconf 92' lang='lat' dir='ltr'>quo</span> <span class='ocrx_word' id='word_1_232' title='bbox 1156 1609 1303 1645; x_wconf 89' lang='lat' dir='ltr'>minus</span> <span class='ocrx_word' id='word_1_233' title='bbox 1329 1610 1407 1645; x_wconf 92' lang='lat' dir='ltr'>rite</span> <span class='ocrx_word' id='word_1_234' title='bbox 1432 1607 1673 1645; x_wconf 90' lang='lat' dir='ltr'>adinuenta</span> <span class='ocrx_word' id='word_1_235' title='bbox 1696 1606 1838 1651; x_wconf 87' lang='lat' dir='ltr'>fuerit,</span> 
     </span>
     <span class='ocr_line' id='line_1_34' title="bbox 192 1660 1837 1708; baseline -0.001 -9"><span class='ocrx_word' id='word_1_236' title='bbox 192 1661 365 1699; x_wconf 89' lang='lat' dir='ltr'>nullum</span> <span class='ocrx_word' id='word_1_237' title='bbox 385 1661 506 1699; x_wconf 83' lang='lat' dir='ltr'>restet</span> <span class='ocrx_word' id='word_1_238' title='bbox 527 1661 722 1699; x_wconf 92' lang='lat' dir='ltr'>dubium.</span> <span class='ocrx_word' id='word_1_239' title='bbox 745 1661 809 1698; x_wconf 86' lang='lat' dir='ltr'>Ex</span> <span class='ocrx_word' id='word_1_240' title='bbox 829 1660 911 1698; x_wconf 93' lang='lat' dir='ltr'>hac</span> <span class='ocrx_word' id='word_1_241' title='bbox 931 1672 1052 1705; x_wconf 89' lang='lat' dir='ltr'>uero,</span> <span class='ocrx_word' id='word_1_242' title='bbox 1073 1660 1344 1708; x_wconf 91' lang='lat' dir='ltr'>reliquarum</span> <span class='ocrx_word' id='word_1_243' title='bbox 1361 1663 1492 1699; x_wconf 92' lang='lat' dir='ltr'>etiam</span> <span class='ocrx_word' id='word_1_244' title='bbox 1508 1660 1710 1705; x_wconf 85' lang='lat' dir='ltr'>fixarum,</span> <span class='ocrx_word' id='word_1_245' title='bbox 1732 1672 1837 1707; x_wconf 91' lang='lat' dir='ltr'>qua-</span> 
     </span>
     <span class='ocr_line' id='line_1_35' title="bbox 193 1713 1839 1761; baseline -0.001 -9"><span class='ocrx_word' id='word_1_246' title='bbox 193 1726 291 1753; x_wconf 91' lang='lat' dir='ltr'>rum</span> <span class='ocrx_word' id='word_1_247' title='bbox 300 1716 346 1752; x_wconf 93' lang='lat' dir='ltr'>in</span> <span class='ocrx_word' id='word_1_248' title='bbox 355 1714 439 1752; x_wconf 93' lang='lat' dir='ltr'>hoc</span> <span class='ocrx_word' id='word_1_249' title='bbox 449 1714 635 1752; x_wconf 90' lang='lat' dir='ltr'>Cometa</span> <span class='ocrx_word' id='word_1_250' title='bbox 647 1714 925 1752; x_wconf 89' lang='lat' dir='ltr'>describendo</span> <span class='ocrx_word' id='word_1_251' title='bbox 937 1713 1038 1752; x_wconf 90' lang='lat' dir='ltr'>usus</span> <span class='ocrx_word' id='word_1_252' title='bbox 1050 1714 1364 1761; x_wconf 87' lang='lat' dir='ltr'>requirebatur,</span> <span class='ocrx_word' id='word_1_253' title='bbox 1376 1714 1485 1757; x_wconf 86' lang='lat' dir='ltr'>loca,</span> <span class='ocrx_word' id='word_1_254' title='bbox 1497 1719 1588 1751; x_wconf 90' lang='lat' dir='ltr'>tam</span> <span class='ocrx_word' id='word_1_255' title='bbox 1600 1715 1645 1751; x_wconf 93' lang='lat' dir='ltr'>in</span> <span class='ocrx_word' id='word_1_256' title='bbox 1656 1713 1839 1761; x_wconf 88' lang='lat' dir='ltr'>longum</span> 
     </span>
     <span class='ocr_line' id='line_1_36' title="bbox 193 1766 1838 1816; baseline -0.001 -10"><span class='ocrx_word' id='word_1_257' title='bbox 193 1779 327 1816; x_wconf 88' lang='lat' dir='ltr'>quam</span> <span class='ocrx_word' id='word_1_258' title='bbox 347 1767 486 1806; x_wconf 91' lang='lat' dir='ltr'>latum</span> <span class='ocrx_word' id='word_1_259' title='bbox 506 1767 719 1811; x_wconf 88' lang='lat' dir='ltr'>deriuaui,</span> <span class='ocrx_word' id='word_1_260' title='bbox 740 1767 872 1815; x_wconf 90' lang='lat' dir='ltr'>idque</span> <span class='ocrx_word' id='word_1_261' title='bbox 892 1779 968 1814; x_wconf 92' lang='lat' dir='ltr'>per</span> <span class='ocrx_word' id='word_1_262' title='bbox 988 1766 1207 1805; x_wconf 86' lang='lat' dir='ltr'>distantias</span> <span class='ocrx_word' id='word_1_263' title='bbox 1228 1767 1282 1805; x_wconf 95' lang='lat' dir='ltr'>ab</span> <span class='ocrx_word' id='word_1_264' title='bbox 1304 1769 1507 1812; x_wconf 91' lang='lat' dir='ltr'>inuicem,</span> <span class='ocrx_word' id='word_1_265' title='bbox 1531 1778 1665 1811; x_wconf 94' lang='lat' dir='ltr'>nouo,</span> <span class='ocrx_word' id='word_1_266' title='bbox 1689 1771 1729 1804; x_wconf 91' lang='lat' dir='ltr'>et</span> <span class='ocrx_word' id='word_1_267' title='bbox 1750 1766 1838 1805; x_wconf 88' lang='lat' dir='ltr'>alia</span> 
     </span>
     <span class='ocr_line' id='line_1_37' title="bbox 192 1817 1838 1870; baseline -0.001 -11"><span class='ocrx_word' id='word_1_268' title='bbox 192 1823 362 1859; x_wconf 91' lang='lat' dir='ltr'>ratione</span> <span class='ocrx_word' id='word_1_269' title='bbox 380 1819 628 1865; x_wconf 63' lang='lat' dir='ltr'>fabrefadto,</span> <span class='ocrx_word' id='word_1_270' title='bbox 651 1820 849 1868; x_wconf 91' lang='lat' dir='ltr'>nullique</span> <span class='ocrx_word' id='word_1_271' title='bbox 866 1817 881 1870; x_wconf 90' lang='grc' dir='ltr'>ΙΙ</span> <span class='ocrx_word' id='word_1_272' title='bbox 896 1820 1070 1868; x_wconf 90' lang='lat' dir='ltr'>prorsus</span> <span class='ocrx_word' id='word_1_273' title='bbox 1087 1823 1222 1858; x_wconf 90' lang='lat' dir='ltr'>errori</span> <span class='ocrx_word' id='word_1_274' title='bbox 1241 1820 1433 1859; x_wconf 86' lang='lat' dir='ltr'>obnoxio</span> <span class='ocrx_word' id='word_1_275' title='bbox 1450 1820 1667 1865; x_wconf 88' lang='lat' dir='ltr'>Sextante,</span> <span class='ocrx_word' id='word_1_276' title='bbox 1689 1831 1838 1867; x_wconf 91' lang='lat' dir='ltr'>accep-</span> 
     </span>
     <span class='ocr_line' id='line_1_38' title="bbox 192 1873 1837 1919; baseline -0.001 -7"><span class='ocrx_word' id='word_1_277' title='bbox 192 1879 269 1919; x_wconf 91' lang='lat' dir='ltr'>tas,</span> <span class='ocrx_word' id='word_1_278' title='bbox 293 1873 498 1913; x_wconf 91' lang='lat' dir='ltr'>adhibitis</span> <span class='ocrx_word' id='word_1_279' title='bbox 521 1876 653 1912; x_wconf 92' lang='lat' dir='ltr'>etiam</span> <span class='ocrx_word' id='word_1_280' title='bbox 676 1874 918 1912; x_wconf 90' lang='lat' dir='ltr'>earundem</span> <span class='ocrx_word' id='word_1_281' title='bbox 939 1874 1316 1912; x_wconf 90' lang='lat' dir='ltr'>declinationibus.</span> <span class='ocrx_word' id='word_1_282' title='bbox 1337 1874 1462 1911; x_wconf 92' lang='lat' dir='ltr'>Vnde</span> <span class='ocrx_word' id='word_1_283' title='bbox 1484 1873 1741 1911; x_wconf 84' lang='lat' dir='ltr'>differentiae</span> <span class='ocrx_word' id='word_1_284' title='bbox 1761 1873 1837 1911; x_wconf 91' lang='lat' dir='ltr'>As-</span> 
     </span>
     <span class='ocr_line' id='line_1_39' title="bbox 193 1927 1837 1975; baseline -0.001 -10"><span class='ocrx_word' id='word_1_285' title='bbox 193 1927 459 1966; x_wconf 89' lang='lat' dir='ltr'>cenfionales</span> <span class='ocrx_word' id='word_1_286' title='bbox 475 1939 502 1965; x_wconf 92' lang='lat' dir='ltr'>a</span> <span class='ocrx_word' id='word_1_287' title='bbox 517 1927 713 1972; x_wconf 91' lang='lat' dir='ltr'>Vulture‚</span> <span class='ocrx_word' id='word_1_288' title='bbox 730 1927 803 1965; x_wconf 95' lang='lat' dir='ltr'>uel</span> <span class='ocrx_word' id='word_1_289' title='bbox 819 1929 1023 1971; x_wconf 91' lang='lat' dir='ltr'>inuicem,</span> <span class='ocrx_word' id='word_1_290' title='bbox 1044 1932 1292 1975; x_wconf 91' lang='lat' dir='ltr'>patuerunt,</span> <span class='ocrx_word' id='word_1_291' title='bbox 1310 1927 1347 1965; x_wconf 91' lang='grc'>8(</span> <span class='ocrx_word' id='word_1_292' title='bbox 1363 1927 1466 1965; x_wconf 92' lang='lat' dir='ltr'>hinc</span> <span class='ocrx_word' id='word_1_293' title='bbox 1482 1928 1626 1971; x_wconf 89' lang='lat' dir='ltr'>etiam,</span> <span class='ocrx_word' id='word_1_294' title='bbox 1644 1938 1751 1964; x_wconf 91' lang='lat' dir='ltr'>uera</span> <span class='ocrx_word' id='word_1_295' title='bbox 1768 1938 1837 1964; x_wconf 92' lang='lat' dir='ltr'>ea-</span> 
     </span>
     <span class='ocr_line' id='line_1_40' title="bbox 192 1979 1838 2028; baseline -0.001 -9"><span class='ocrx_word' id='word_1_296' title='bbox 192 1993 291 2019; x_wconf 90' lang='lat' dir='ltr'>rum</span> <span class='ocrx_word' id='word_1_297' title='bbox 306 1981 415 2025; x_wconf 89' lang='lat' dir='ltr'>loca,</span> <span class='ocrx_word' id='word_1_298' title='bbox 432 1992 521 2028; x_wconf 92' lang='lat' dir='ltr'>quo</span> <span class='ocrx_word' id='word_1_299' title='bbox 537 1980 593 2018; x_wconf 93' lang='lat' dir='ltr'>ad</span> <span class='ocrx_word' id='word_1_300' title='bbox 605 1980 823 2028; x_wconf 91' lang='lat' dir='ltr'>Eclipticae</span> <span class='ocrx_word' id='word_1_301' title='bbox 840 1979 1030 2024; x_wconf 71' lang='lat' dir='ltr'>ductum,</span> <span class='ocrx_word' id='word_1_302' title='bbox 1047 1992 1139 2018; x_wconf 91' lang='lat' dir='ltr'>non</span> <span class='ocrx_word' id='word_1_303' title='bbox 1150 1980 1380 2019; x_wconf 85' lang='lat' dir='ltr'>difficulter</span> <span class='ocrx_word' id='word_1_304' title='bbox 1391 1983 1689 2023; x_wconf 85' lang='lat' dir='ltr'>innotuerunt,</span> <span class='ocrx_word' id='word_1_305' title='bbox 1705 1980 1838 2027; x_wconf 92' lang='lat' dir='ltr'>idque</span> 
     </span>
     <span class='ocr_line' id='line_1_41' title="bbox 191 2033 1838 2082; baseline -0.001 -10"><span class='ocrx_word' id='word_1_306' title='bbox 191 2034 319 2082; x_wconf 91' lang='lat' dir='ltr'>longe</span> <span class='ocrx_word' id='word_1_307' title='bbox 340 2036 511 2072; x_wconf 91' lang='lat' dir='ltr'>certiori</span> <span class='ocrx_word' id='word_1_308' title='bbox 531 2034 806 2081; x_wconf 92' lang='lat' dir='ltr'>compendio,</span> <span class='ocrx_word' id='word_1_309' title='bbox 828 2045 962 2081; x_wconf 91' lang='lat' dir='ltr'>quam</span> <span class='ocrx_word' id='word_1_310' title='bbox 982 2033 1012 2071; x_wconf 90' lang='lat' dir='ltr'>fi</span> <span class='ocrx_word' id='word_1_311' title='bbox 1031 2033 1256 2072; x_wconf 90' lang='lat' dir='ltr'>tranfitum</span> <span class='ocrx_word' id='word_1_312' title='bbox 1271 2045 1348 2081; x_wconf 91' lang='lat' dir='ltr'>per</span> <span class='ocrx_word' id='word_1_313' title='bbox 1364 2034 1678 2077; x_wconf 90' lang='lat' dir='ltr'>Meridianum,</span> <span class='ocrx_word' id='word_1_314' title='bbox 1699 2033 1772 2071; x_wconf 94' lang='lat' dir='ltr'>uel</span> <span class='ocrx_word' id='word_1_315' title='bbox 1792 2035 1838 2071; x_wconf 93' lang='lat' dir='ltr'>in</span> 
     </span>
     <span class='ocr_line' id='line_1_42' title="bbox 193 2086 1837 2135; baseline -0.001 -10"><span class='ocrx_word' id='word_1_316' title='bbox 193 2090 316 2125; x_wconf 91' lang='lat' dir='ltr'>certis</span> <span class='ocrx_word' id='word_1_317' title='bbox 325 2087 575 2125; x_wconf 91' lang='lat' dir='ltr'>Azimuthis</span> <span class='ocrx_word' id='word_1_318' title='bbox 585 2086 973 2134; x_wconf 89' lang='lat' dir='ltr'>altitudinibusque</span> <span class='ocrx_word' id='word_1_319' title='bbox 983 2092 1182 2135; x_wconf 89' lang='lat' dir='ltr'>tempora</span> <span class='ocrx_word' id='word_1_320' title='bbox 1192 2089 1238 2125; x_wconf 92' lang='lat' dir='ltr'>in</span> <span class='ocrx_word' id='word_1_321' title='bbox 1250 2087 1477 2125; x_wconf 88' lang='lat' dir='ltr'>confilium</span> <span class='ocrx_word' id='word_1_322' title='bbox 1488 2086 1837 2125; x_wconf 90' lang='lat' dir='ltr'>adhibuissemus.</span> 
     </span>
    </p>

    <p class='ocr_par' dir='ltr' id='par_1_11' title="bbox 191 2140 1839 2562">
     <span class='ocr_line' id='line_1_43' title="bbox 245 2140 1839 2189; baseline 0 -11"><span class='ocrx_word' id='word_1_323' title='bbox 245 2141 314 2178; x_wconf 93' lang='lat' dir='ltr'>Ne</span> <span class='ocrx_word' id='word_1_324' title='bbox 337 2152 445 2178; x_wconf 93' lang='lat' dir='ltr'>uero</span> <span class='ocrx_word' id='word_1_325' title='bbox 468 2143 565 2188; x_wconf 88' lang='lat' dir='ltr'>quis</span> <span class='ocrx_word' id='word_1_326' title='bbox 588 2140 808 2184; x_wconf 83' lang='lat' dir='ltr'>existimet,</span> <span class='ocrx_word' id='word_1_327' title='bbox 832 2140 966 2188; x_wconf 92' lang='lat' dir='ltr'>usque</span> <span class='ocrx_word' id='word_1_328' title='bbox 989 2141 1101 2178; x_wconf 92' lang='lat' dir='ltr'>adeo</span> <span class='ocrx_word' id='word_1_329' title='bbox 1123 2152 1335 2189; x_wconf 90' lang='lat' dir='ltr'>magnum</span> <span class='ocrx_word' id='word_1_330' title='bbox 1358 2140 1585 2179; x_wconf 88' lang='lat' dir='ltr'>discrimen</span> <span class='ocrx_word' id='word_1_331' title='bbox 1608 2142 1719 2178; x_wconf 89' lang='lat' dir='ltr'>inter</span> <span class='ocrx_word' id='word_1_332' title='bbox 1741 2140 1839 2178; x_wconf 92' lang='lat' dir='ltr'>loca</span> 
     </span>
     <span class='ocr_line' id='line_1_44' title="bbox 192 2193 1838 2242; baseline -0.001 -11"><span class='ocrx_word' id='word_1_333' title='bbox 192 2193 353 2232; x_wconf 89' lang='lat' dir='ltr'>harum</span> <span class='ocrx_word' id='word_1_334' title='bbox 373 2193 607 2232; x_wconf 88' lang='lat' dir='ltr'>Stellarum</span> <span class='ocrx_word' id='word_1_335' title='bbox 627 2196 828 2242; x_wconf 91' lang='lat' dir='ltr'>primitus</span> <span class='ocrx_word' id='word_1_336' title='bbox 849 2198 1037 2241; x_wconf 91' lang='lat' dir='ltr'>accepta,</span> <span class='ocrx_word' id='word_1_337' title='bbox 1059 2193 1097 2231; x_wconf 88' lang='grc'>8(</span> <span class='ocrx_word' id='word_1_338' title='bbox 1117 2206 1236 2232; x_wconf 93' lang='lat' dir='ltr'>nunc</span> <span class='ocrx_word' id='word_1_339' title='bbox 1256 2194 1404 2232; x_wconf 92' lang='lat' dir='ltr'>denuo</span> <span class='ocrx_word' id='word_1_340' title='bbox 1425 2194 1726 2241; x_wconf 88' lang='lat' dir='ltr'>redintegrata,</span> <span class='ocrx_word' id='word_1_341' title='bbox 1751 2195 1838 2231; x_wconf 86' lang='lat' dir='ltr'>exi-</span> 
     </span>
     <span class='ocr_line' id='line_1_45' title="bbox 191 2246 1838 2294; baseline -0.001 -9"><span class='ocrx_word' id='word_1_342' title='bbox 191 2247 308 2291; x_wconf 84' lang='lat' dir='ltr'>stere,</span> <span class='ocrx_word' id='word_1_343' title='bbox 325 2252 372 2285; x_wconf 93' lang='lat' dir='ltr'>ut</span> <span class='ocrx_word' id='word_1_344' title='bbox 386 2252 617 2294; x_wconf 86' lang='lat' dir='ltr'>propterea</span> <span class='ocrx_word' id='word_1_345' title='bbox 633 2259 698 2291; x_wconf 84' lang='lat' dir='ltr'>ea,</span> <span class='ocrx_word' id='word_1_346' title='bbox 715 2259 815 2294; x_wconf 87' lang='lat' dir='ltr'>quae</span> <span class='ocrx_word' id='word_1_347' title='bbox 831 2249 877 2284; x_wconf 92' lang='lat' dir='ltr'>in</span> <span class='ocrx_word' id='word_1_348' title='bbox 893 2247 977 2285; x_wconf 94' lang='lat' dir='ltr'>hoc</span> <span class='ocrx_word' id='word_1_349' title='bbox 992 2247 1103 2285; x_wconf 90' lang='lat' dir='ltr'>libro</span> <span class='ocrx_word' id='word_1_350' title='bbox 1118 2247 1336 2294; x_wconf 89' lang='lat' dir='ltr'>prioribus</span> <span class='ocrx_word' id='word_1_351' title='bbox 1353 2247 1731 2285; x_wconf 88' lang='lat' dir='ltr'>obseruationibus</span> <span class='ocrx_word' id='word_1_352' title='bbox 1742 2246 1838 2284; x_wconf 90' lang='lat' dir='ltr'>fun-</span> 
     </span>
     <span class='ocr_line' id='line_1_46' title="bbox 192 2300 1838 2348; baseline 0 -10"><span class='ocrx_word' id='word_1_353' title='bbox 192 2301 363 2345; x_wconf 90' lang='lat' dir='ltr'>dantur,</span> <span class='ocrx_word' id='word_1_354' title='bbox 386 2302 507 2338; x_wconf 88' lang='lat' dir='ltr'>irrita</span> <span class='ocrx_word' id='word_1_355' title='bbox 529 2300 737 2338; x_wconf 87' lang='lat' dir='ltr'>euadant:</span> <span class='ocrx_word' id='word_1_356' title='bbox 760 2302 807 2338; x_wconf 92' lang='lat' dir='ltr'>in</span> <span class='ocrx_word' id='word_1_357' title='bbox 829 2312 969 2348; x_wconf 85' lang='lat' dir='ltr'>parua</span> <span class='ocrx_word' id='word_1_358' title='bbox 988 2300 1182 2345; x_wconf 90' lang='lat' dir='ltr'>Tabella,</span> <span class='ocrx_word' id='word_1_359' title='bbox 1207 2303 1408 2338; x_wconf 93' lang='lat' dir='ltr'>omnium</span> <span class='ocrx_word' id='word_1_360' title='bbox 1429 2312 1583 2338; x_wconf 91' lang='lat' dir='ltr'>earum</span> <span class='ocrx_word' id='word_1_361' title='bbox 1604 2300 1838 2338; x_wconf 90' lang='lat' dir='ltr'>Stellarum</span> 
     </span>
     <span class='ocr_line' id='line_1_47' title="bbox 192 2353 1837 2401; baseline -0.001 -10"><span class='ocrx_word' id='word_1_362' title='bbox 192 2353 485 2401; x_wconf 90' lang='lat' dir='ltr'>longitudines</span> <span class='ocrx_word' id='word_1_363' title='bbox 501 2353 539 2391; x_wconf 87' lang='lat'>&amp;</span> <span class='ocrx_word' id='word_1_364' title='bbox 554 2353 817 2397; x_wconf 85' lang='lat' dir='ltr'>latitudines,</span> <span class='ocrx_word' id='word_1_365' title='bbox 838 2365 891 2391; x_wconf 85' lang='lat' dir='ltr'>ex</span> <span class='ocrx_word' id='word_1_366' title='bbox 907 2354 1151 2392; x_wconf 90' lang='lat' dir='ltr'>Neotericis</span> <span class='ocrx_word' id='word_1_367' title='bbox 1167 2354 1510 2401; x_wconf 90' lang='lat' dir='ltr'>certioribusque</span> <span class='ocrx_word' id='word_1_368' title='bbox 1526 2353 1837 2392; x_wconf 89' lang='lat' dir='ltr'>obseruationi-</span> 
     </span>
     <span class='ocr_line' id='line_1_48' title="bbox 191 2406 1837 2455; baseline -0.001 -11"><span class='ocrx_word' id='word_1_369' title='bbox 191 2407 272 2445; x_wconf 95' lang='lat' dir='ltr'>bus</span> <span class='ocrx_word' id='word_1_370' title='bbox 293 2407 554 2454; x_wconf 89' lang='lat' dir='ltr'>depromtas,</span> <span class='ocrx_word' id='word_1_371' title='bbox 576 2407 614 2444; x_wconf 91' lang='grc'>8(</span> <span class='ocrx_word' id='word_1_372' title='bbox 635 2407 690 2445; x_wconf 90' lang='lat' dir='ltr'>ad</span> <span class='ocrx_word' id='word_1_373' title='bbox 706 2408 892 2445; x_wconf 90' lang='lat' dir='ltr'>Annum</span> <span class='ocrx_word' id='word_1_374' title='bbox 912 2408 1018 2451; x_wconf 89' lang='lat'>1577,</span> <span class='ocrx_word' id='word_1_375' title='bbox 1039 2418 1116 2454; x_wconf 89' lang='lat' dir='ltr'>per</span> <span class='ocrx_word' id='word_1_376' title='bbox 1137 2406 1306 2446; x_wconf 64' lang='lat' dir='ltr'>octauae</span> <span class='ocrx_word' id='word_1_377' title='bbox 1325 2407 1520 2455; x_wconf 85' lang='lat' dir='ltr'>Sphaerae</span> <span class='ocrx_word' id='word_1_378' title='bbox 1542 2418 1569 2445; x_wconf 95' lang='lat' dir='ltr'>a</span> <span class='ocrx_word' id='word_1_379' title='bbox 1590 2406 1837 2453; x_wconf 90' lang='lat' dir='ltr'>Copernico</span> 
     </span>
     <span class='ocr_line' id='line_1_49' title="bbox 192 2459 1838 2507; baseline -0.001 -10"><span class='ocrx_word' id='word_1_380' title='bbox 192 2459 421 2507; x_wconf 92' lang='lat' dir='ltr'>hucusque</span> <span class='ocrx_word' id='word_1_381' title='bbox 441 2462 778 2507; x_wconf 90' lang='lat' dir='ltr'>promotionem,</span> <span class='ocrx_word' id='word_1_382' title='bbox 799 2461 1195 2507; x_wconf 90' lang='lat' dir='ltr'>proportionaliter,</span> <span class='ocrx_word' id='word_1_383' title='bbox 1217 2463 1339 2499; x_wconf 86' lang='lat' dir='ltr'>iuxta</span> <span class='ocrx_word' id='word_1_384' title='bbox 1359 2460 1609 2498; x_wconf 87' lang='lat' dir='ltr'>mensuram</span> <span class='ocrx_word' id='word_1_385' title='bbox 1630 2461 1838 2506; x_wconf 89' lang='lat' dir='ltr'>temporis</span> 
     </span>
     <span class='ocr_line' id='line_1_50' title="bbox 192 2512 1838 2562; baseline -0.001 -12"><span class='ocrx_word' id='word_1_386' title='bbox 192 2513 450 2561; x_wconf 90' lang='lat' dir='ltr'>intermedij,</span> <span class='ocrx_word' id='word_1_387' title='bbox 469 2512 685 2558; x_wconf 52' lang='lat' dir='ltr'>reductas,</span> <span class='ocrx_word' id='word_1_388' title='bbox 697 2513 834 2552; x_wconf 91' lang='lat' dir='ltr'>oculis</span> <span class='ocrx_word' id='word_1_389' title='bbox 850 2513 1086 2562; x_wconf 91' lang='lat' dir='ltr'>subijciam,</span> <span class='ocrx_word' id='word_1_390' title='bbox 1103 2525 1282 2561; x_wconf 89' lang='lat' dir='ltr'>unaque</span> <span class='ocrx_word' id='word_1_391' title='bbox 1298 2519 1388 2552; x_wconf 92' lang='lat' dir='ltr'>tam</span> <span class='ocrx_word' id='word_1_392' title='bbox 1404 2513 1687 2561; x_wconf 90' lang='lat' dir='ltr'>longitudinis</span> <span class='ocrx_word' id='word_1_393' title='bbox 1704 2524 1838 2559; x_wconf 91' lang='lat' dir='ltr'>quam</span> 
     </span>
    </p>

    <p class='ocr_par' dir='ltr' id='par_1_12' title="bbox 299 2566 1839 2603">
     <span class='ocr_line' id='line_1_51' title="bbox 299 2566 1839 2603; baseline -0.005 6"><span class='ocrx_word' id='word_1_394' title='bbox 299 2574 332 2599; x_wconf 77' lang='grc'>5*</span> <span class='ocrx_word' id='word_1_395' title='bbox 1598 2566 1839 2603; x_wconf 90' lang='lat' dir='ltr'>latitudinis</span> 
     </span>
    </p>
   </div>
  </div>
 </body>
</html>
