2209 3213
95 802 125 827 10

95 1068 124 1093 15

91 1334 124 1359 20

91 1600 123 1625 25

93 1865 126 1891 30

93 2131 126 2156 35

94 2399 127 2423 40

415 203 503 240 AD
526 203 837 241 CRAIGUM
859 204 1131 242 SCOTUM
1154 205 1237 241 DE
1259 204 1554 242 COMETIS
1744 206 1811 243 421

162 312 304 352 tionis,
327 310 364 347 &
385 309 508 347 nulla
530 321 647 347 nova
668 311 860 356 recipere
882 321 1078 356 corpora.
1102 311 1217 348 Cum
1235 312 1353 348 enim
1371 313 1641 358 experientia
1657 311 1747 359 ipsa
1764 313 1809 349 in

162 375 279 401 nova
295 362 412 400 stella
425 362 463 400 &
475 361 670 400 Cometis
688 364 794 399 citra
810 374 989 400 omnem
1006 363 1324 401 haesitationem
1342 366 1611 402 contrarium
1628 365 1809 402 demon-

161 417 267 460 stret,
289 416 396 453 falsa
411 415 467 453 est
483 416 578 462 ejus
596 414 760 462 pofitio,
783 421 877 452 utut
894 421 955 453 tot
970 416 1134 459 seculis,
1157 422 1251 454 rata
1268 417 1306 455 &
1322 417 1579 462 indubitata,
1601 420 1646 455 in
1669 420 1809 455 omni-

161 470 241 508 bus
264 480 376 517 pene
400 467 690 516 philosophiae
714 467 869 505 scholis
892 469 1199 515 proclametur.
1221 471 1293 507 An
1316 470 1358 508 id
1381 470 1435 508 est
1457 471 1764 514 demonstrare,
1788 483 1810 508 e

161 521 459 570 probabilibus
480 521 630 559 saltem
652 520 911 568 conjecturis
933 533 1025 559 rem
1047 522 1241 569 aliqvam
1262 525 1321 560 ita
1337 523 1377 561 se
1394 523 1569 566 habere,
1592 524 1708 571 qvafi
1730 536 1810 571 pro

162 575 425 613 authoritate
450 573 714 612 asseverareP
740 574 924 612 Facessat
949 575 1023 612 ista
1047 587 1069 612 e
1094 575 1515 614 Mathematicorum
1540 579 1810 615 intemeratis

162 627 367 667 doctrinis
388 627 711 665 demonstrandi
732 629 855 671 rati0,
875 627 904 664 fi
923 627 1110 675 Phyficis
1132 628 1228 666 haec
1249 629 1414 672 sufficit,
1437 642 1536 668 eam
1556 630 1809 668 facilitatem

161 682 216 720 ad
228 683 420 719 veritatis
432 680 619 718 abstrusa
630 680 872 727 penetralia
885 682 1180 727 perveniendi,
1199 682 1284 719 illis
1297 682 1501 729 equidem
1514 695 1605 721 non
1619 684 1808 728 invideo,

161 737 296 772 miror
312 735 450 781 magis
467 733 582 780 qvod
599 733 762 771 coelum
779 733 816 770 &
833 733 1021 771 coelestia
1037 746 1222 781 corpora
1238 735 1348 772 nulli
1364 738 1598 773 mutationi
1616 737 1810 774 obnoxia

162 787 263 825 inde
280 799 306 825 a
322 789 464 834 prima
480 798 628 824 rerum
644 788 864 824 creatione
885 787 1213 833 permanserint,
1236 788 1451 835 stellaeqve
1468 789 1635 837 semper
1652 790 1808 827 eodem

162 852 361 884 numero,
378 839 693 887 magnitudine,
711 839 856 877 colore
874 840 1094 877 illuxerint
1112 840 1148 877 &
1165 846 1310 878 motus
1327 845 1524 888 perpetui
1541 842 1810 881 uniformem

161 893 521 932 convolutionem
530 894 800 930 retinuerint.
814 893 861 930 Id
871 905 962 931 non
971 893 1232 931 sufficienter
1242 895 1396 941 probat
1406 895 1569 933 coelum
1580 908 1808 943 nunqvam

160 947 388 986 admittere
404 957 522 984 nova
538 946 686 993 aliqva
702 957 898 993 corpora,
917 947 1158 993 eademqve
1173 949 1319 985 minus
1335 947 1534 995 perfecfffl,
1553 961 1650 995 qvae
1666 955 1806 987 muta-

160 1003 269 1039 tioni
291 1002 423 1038 etiam
443 999 736 1047 subijciantur,
760 999 1024 1046 tandemqve
1050 1001 1125 1037 esse
1149 1000 1356 1038 desinant.
1382 1001 1449 1039 Sic
1471 1004 1589 1039 enim
1612 1008 1651 1039 et
1673 1002 1810 1040 Terra

161 1059 292 1101 atque
309 1054 457 1091 Maria
478 1052 621 1100 qvoad
643 1054 775 1090 totius
797 1053 1189 1091 considerationem
1211 1060 1470 1101 permanent
1492 1057 1537 1092 in
1559 1055 1713 1092 eodem
1731 1055 1808 1093 fitu

162 1108 199 1145 8(
220 1109 470 1154 qvantitate‚
492 1110 621 1153 prout
641 1118 668 1144 a
689 1107 831 1153 primo
853 1117 1001 1144 rerum
1022 1112 1120 1144 ortu
1142 1109 1386 1151 extiterunt,
1409 1108 1536 1154 idqve
1554 1120 1644 1145 non
1661 1111 1808 1146 minus

113 1175 124 1188 r
161 1172 293 1208 qvam
309 1160 383 1198 Sol
400 1164 439 1197 et
456 1159 583 1197 Luna
599 1159 852 1206 reliqvaqve
871 1159 969 1197 coeli
987 1156 1001 1209 ΙΙ
1018 1159 1142 1197 Astra
1164 1160 1287 1206 (nam
1303 1161 1587 1207 particulares
1605 1162 1809 1208 qvaedam

160 1215 438 1256 mutationes,
465 1224 562 1259 qvae
586 1224 662 1259 per
685 1212 887 1250 accidens
911 1215 957 1250 in
980 1213 1204 1259 superficie
1229 1216 1497 1261 contingunt,
1524 1215 1690 1252 nullius
1713 1215 1809 1252 sunt

160 1269 385 1310 momenti,
402 1277 482 1304 nec
496 1270 668 1303 mutant
680 1271 756 1303 aut
768 1265 989 1303 destruunt
1000 1266 1292 1304 universalem
1305 1267 1636 1313 consistentiam)
1650 1268 1807 1306 nihilo-

160 1323 307 1358 minus
318 1322 365 1357 in
375 1319 512 1357 Terra
524 1318 561 1356 8(
574 1318 693 1356 Mari
705 1318 743 1356 8(
755 1320 868 1356 circa
884 1319 981 1357 haec
997 1331 1321 1367 nonnunqvam
1339 1332 1468 1358 novae
1483 1326 1522 1358 et
1533 1321 1807 1359 miraculosae

160 1375 462 1422 generationes
479 1377 601 1410 extra
617 1372 868 1410 consvetum
890 1378 1061 1410 naturae
1078 1373 1279 1411 ordinem
1297 1379 1546 1417 cernuntur,
1570 1386 1667 1421 qvae
1688 1377 1809 1421 prius

161 1439 251 1465 non
267 1427 455 1469 fuerunt,
473 1425 511 1463 &
527 1425 672 1473 postea
688 1427 821 1463 etiam
837 1425 1056 1464 deficiunt.
1075 1426 1190 1473 Qvid
1205 1432 1354 1464 autem
1367 1432 1482 1464 vetat
1494 1429 1538 1464 in
1551 1427 1809 1474 amplissimo

161 1486 200 1519 et
222 1479 435 1518 immenso
459 1479 535 1516 illo
558 1478 764 1516 aethereae
787 1481 977 1526 regionis
998 1479 1169 1517 theatro
1190 1480 1307 1517 idem
1327 1480 1397 1517 vel
1418 1480 1552 1518 simile
1575 1481 1676 1527 qvid
1699 1493 1808 1518 non—

160 1545 388 1580 nunqvam
409 1531 686 1580 contingere?
707 1533 765 1569 At
786 1532 908 1570 dicis:
931 1532 1183 1570 inferiorem
1201 1533 1238 1570 8(
1256 1533 1580 1571 Elementarem
1602 1539 1809 1572 naturam

161 1587 328 1626 alienas
344 1586 637 1633 impressiones
654 1585 780 1623 facile
798 1587 1001 1632 recipere,
1020 1586 1252 1624 Coelestem
1266 1598 1371 1624 vero
1387 1586 1508 1624 illam
1522 1586 1559 1624 8(
1572 1586 1809 1634 [implicem

160 1652 251 1678 non
267 1642 382 1678 item.
405 1639 498 1677 Cur
513 1650 618 1676 vero
635 1639 677 1676 id
694 1640 740 1676 in
757 1639 883 1682 coelo,
906 1639 1063 1677 coelesti
1082 1640 1228 1682 modo,
1247 1651 1269 1677 e
1287 1639 1445 1677 coelesti
1462 1642 1593 1677 etiam
1610 1642 1808 1683 materia,

161 1694 255 1732 fieri
275 1704 367 1731 non
387 1693 527 1740 posset,
550 1692 665 1739 qvod
686 1694 732 1729 in
754 1691 992 1730 Elementis
1012 1691 1370 1730 Elementariter?
1393 1693 1547 1740 Neqve
1569 1695 1687 1730 enim
1709 1694 1809 1731 coeli

161 1748 344 1785 materia
361 1746 398 1784 &
414 1750 573 1783 natura
592 1745 646 1783 ab
666 1745 766 1782 ullis
782 1745 1056 1793 Philosophis
1078 1745 1289 1784 hactenus
1312 1746 1505 1784 absolute
1527 1748 1710 1793 cognita,
1734 1752 1809 1784 aut

163 1802 284 1838 omni
295 1800 429 1837 modo
442 1800 650 1836 extricata
661 1798 728 1842 est,
741 1799 853 1836 adeo
866 1799 1123 1837 inexhausta
1135 1804 1283 1837 manet
1296 1801 1448 1837 aeterni
1461 1799 1499 1836 8(
1511 1799 1808 1846 imperscruta-

161 1853 258 1892 bilis
274 1852 443 1900 opificis
459 1852 685 1899 sapientia:
704 1852 797 1889 Imo
815 1863 870 1889 ne
887 1864 940 1889 ea
957 1853 1144 1899 qvidem,
1162 1864 1259 1899 qvae
1272 1854 1318 1889 in
1330 1854 1453 1890 terris
1465 1852 1651 1899 serpunt,
1669 1855 1808 1890 mani-

162 1907 242 1945 bus
258 1905 496 1944 tractantur
508 1905 545 1942 &
557 1905 740 1952 pedibus
753 1905 989 1948 calcantur,
1007 1906 1118 1943 adeo
1131 1906 1257 1943 nobis
1270 1906 1413 1952 qvoad
1426 1905 1547 1943 suam
1560 1906 1809 1944 naturalem

163 1959 520 2007 compositionem
537 1958 574 1996 8(
592 1959 809 1996 essentiam
823 1958 1049 2006 explorata
1061 1959 1168 2002 sunt,
1186 1961 1290 2005 qvin
1306 1959 1547 2006 plurimum
1559 1959 1704 1997 adhuc
1716 1959 1808 1997 sub-

162 2013 207 2051 fit
219 2013 351 2060 dubij‚
362 2012 432 2050 vel
444 2012 530 2050 illic
543 2012 617 2050 ubi
629 2013 812 2049 minime
825 2017 1013 2059 putatur.
1032 2012 1081 2049 Et
1093 2024 1174 2049 nos
1188 2012 1385 2050 immensi
1398 2013 1676 2059 inaccessiqve
1692 2012 1808 2050 illius

163 2066 261 2104 coeli
277 2068 508 2104 materiam
525 2070 652 2112 atqve
670 2064 894 2102 officinam
910 2065 1237 2112 penetraliaqve
1254 2067 1405 2103 omnia
1422 2067 1573 2103 intime
1590 2064 1808 2113 perspecta

163 2120 336 2163 habere,
359 2119 429 2157 vel
451 2119 542 2157 solo
565 2118 640 2156 isto
664 2118 849 2156 Ethnico
866 2118 1093 2156 Aristotele
1116 2119 1243 2157 nobis
1266 2119 1548 2165 persvadente
1572 2118 1641 2156 vel
1663 2121 1808 2166 potius

163 2175 428 2220 imponente,
446 2174 577 2210 nimis
594 2171 768 2209 credule
785 2170 1050 2209 statuamus?

216 2226 299 2264 Sed
320 2226 376 2264 ad
397 2224 662 2274 objedtiones
682 2230 780 2262 tuas
801 2225 1064 2272 progrediar.
1088 2225 1306 2272 Principio
1327 2230 1412 2263 tres
1431 2225 1528 2262 illas
1546 2237 1680 2269 meas,
1702 2237 1809 2272 qvas

163 2291 294 2317 vocas
302 2278 550 2324 Maximas,
562 2278 820 2326 aggrederis,
830 2278 985 2325 qvibus
997 2278 1260 2326 generaliori
1271 2278 1405 2316 modo
1414 2279 1709 2325 comprobavi,
1718 2290 1809 2316 non

163 2332 278 2370 fuisse
299 2332 532 2371 Cometam
553 2332 679 2369 illum
701 2331 1038 2375 Elementarem,
1059 2332 1259 2369 videlicet
1281 2343 1333 2369 ex
1355 2330 1486 2369 ductu
1507 2337 1652 2369 motus
1676 2343 1807 2379 appa—

164 2388 308 2429 rentis,
326 2397 411 2433 qvo
427 2391 638 2433 perpetuo
655 2389 744 2422 tota
761 2384 837 2422 sua
853 2384 1083 2422 duratione
1095 2396 1248 2422 arcum
1261 2385 1409 2423 circuli
1422 2386 1605 2422 maximi
1618 2384 1807 2432 designa-

162 2440 233 2482 vit,
246 2450 464 2486 nusqvam
476 2439 529 2477 ab
542 2438 639 2482 hoc,
651 2438 721 2475 vel
733 2440 778 2475 in
790 2437 917 2480 hanc,
930 2438 999 2475 vel
1011 2438 1133 2476 illam
1145 2444 1314 2485 partem
1326 2439 1550 2485 qvidpiam
1563 2437 1807 2481 deflectens,

164 2496 203 2529 et
218 2492 391 2540 insuper
407 2494 452 2530 in
469 2492 625 2530 eodem
641 2493 812 2529 tramite
828 2502 918 2528 non
930 2491 1236 2529 tumultarium
1248 2491 1317 2528 sed
1331 2492 1582 2529 ordinatum
1594 2491 1807 2537 paulatim

1484 2556 1510 2582 a
1526 2546 1806 2581 concitatiore
