2209 3213
487 208 1010 247 RECENTIORIBUS
1030 208 1488 247 PHAENOMENIS
1753 207 1810 245 13l

168 316 451 362 Primumque
474 316 520 352 in
539 313 779 363 Triangulo
801 315 948 359 HOZ,
973 327 1073 353 cum
1093 315 1181 353 ZH
1202 314 1248 353 fit
1269 315 1311 353 P.
1332 315 1395 353 34.
1418 315 1480 352 Μ.
1502 315 1538 358 7,
1563 315 1696 352 Latus
1716 314 1811 357 ΖΟ,

168 369 211 406 Ρ.
227 368 291 407 70.
309 367 371 405 Μ.
388 368 443 412 41,
465 379 519 406 ex
535 368 856 415 complemento
873 368 1117 416 posterioris
1133 368 1399 411 Altitudinis‚
1422 368 1559 414 (Nam
1575 369 1726 405 omnia
1743 378 1811 405 ea-

168 422 268 459 dem
279 421 490 469 processus
502 420 540 459 &
553 421 833 468 operationis
845 421 1113 459 cohaerentia
1124 421 1247 464 fiunt,
1259 427 1387 469 prout
1399 423 1444 458 in
1456 423 1597 469 primo
1610 420 1812 468 exemplo

83 480 143 512 153
169 474 400 513 dilucidius
421 474 723 521 explicuimus,
746 486 802 512 ne
823 486 934 522 opus
954 474 1000 512 fit
1020 486 1113 512 rem
1133 471 1148 525 ΙΙ
1168 480 1304 512 totam
1324 474 1474 523 ijsdem
1494 474 1636 512 verbis
1656 473 1813 521 saepius

115 540 130 565 5
167 527 342 566 taediol'e
362 526 573 575 repetere)
594 527 728 574 fitque
749 528 952 575 Angulus
973 528 1121 571 HZO,
1143 528 1185 566 P.
1207 528 1270 566 84.
1292 528 1355 565 M.
1372 528 1435 572 45,
1456 528 1659 574 prouenit
1680 527 1813 564 Latus

168 581 214 619 H
224 580 275 624 O,
292 580 335 619 P.
347 580 401 618 71.
415 580 478 618 M.
491 581 535 618 ll.
549 580 588 619 S.
601 581 664 624 54,
681 581 883 628 Angulus
895 581 941 618 H
950 581 1044 625 OZ,
1061 581 1103 618 P.
1116 581 1179 619 36.
1192 581 1255 619 Μ.
1267 581 1303 619 9.
1317 580 1357 619 S.
1369 580 1432 624 28,
1449 580 1651 628 Angulus
1663 580 1750 617 ZH
1759 580 1811 623 O,

168 634 210 672 P.
227 633 290 672 83.
308 633 371 672 M.
387 634 424 671 4.
441 633 482 672 S.
498 634 553 677 51,
570 645 597 672 a
613 645 701 681 quo
717 633 747 671 fi
762 633 987 672 auferatur
1002 634 1204 682 Angulus
1220 634 1378 678 NHO,
1398 645 1530 681 quem
1547 632 1676 671 efficit
1692 632 1811 671 diffe-

167 689 308 725 rentia
323 688 530 734 temporis
546 689 716 734 vtrique
729 687 1036 725 Obseruationi
1051 687 1281 734 interlapfi‚
1298 687 1341 725 P.
1353 687 1416 724 24.
1430 687 1493 724 M.
1506 687 1590 730 525,
1608 686 1813 733 relinquit

167 740 395 788 Angulum
407 740 558 784 ZHN,
573 742 619 778 in
632 740 769 778 altero
780 740 1020 788 Triangulo
1032 741 1066 778 Z
1075 740 1119 778 H
1128 740 1171 778 N
1183 742 1417 788 cognitum.
1435 740 1639 787 Cumque
1651 739 1813 777 ibidem

100 805 130 830 ιο
168 793 300 831 Latus
316 793 417 837 ZH‚
439 792 485 831 fit
500 793 544 831 P.
560 793 623 831 34.
641 793 704 831 M.
722 794 758 838 7,
780 794 889 838 HN,
911 794 954 831 P.
971 794 1024 832 71.
1043 794 1105 831 M.
1123 794 1167 831 ll.
1185 793 1225 832 S.
1241 794 1304 837 54,
1326 795 1405 831 erit
1421 793 1554 831 Latus
1570 793 1667 836 ZN,
1689 792 1731 830 P.
1749 792 1811 831 56.

167 846 231 884 M.
243 846 306 885 52.
320 846 360 884 S.
372 847 413 891 5;
430 847 549 894 quod
565 858 657 884 non
672 847 800 894 plene
817 849 983 895 integro
999 846 1200 894 scrupulo
1217 846 1359 884 differt
1374 858 1401 884 a
1417 847 1570 884 Latere
1586 846 1692 889 ZM,
1709 847 1812 889 imo,

166 898 250 937 hoc
262 899 352 947 ipso
363 899 583 938 tantillum
594 902 741 938 minus
753 900 912 943 euadit,
930 911 1030 938 cum
1046 902 1191 947 potius
1206 902 1351 937 maius
1368 899 1543 937 existere
1558 899 1771 942 debuisset‚
1784 898 1813 936 fi

166 953 317 1000 aliqua
331 952 536 991 senfibilis
551 952 655 991 huic
667 953 866 991 Cometae
882 952 1061 991 affuisset
1076 953 1328 996 Parallaxis,
1346 952 1669 999 concordatque
1685 963 1785 989 cum
1798 948 1812 1001 ΙΙ

81 1011 142 1043 154
167 1006 488 1053 complemento
500 1006 755 1044 Altitudinis
766 1008 908 1054 primo
921 1006 1187 1045 Obseruatae.
1201 1006 1333 1053 Quod
1344 1017 1449 1043 vero
1460 1007 1590 1043 vnius
1601 1004 1690 1043 fere
1702 1004 1812 1043 scru-

100 1071 130 1096 15
168 1059 261 1106 puli
280 1058 522 1097 infinuatur
542 1059 798 1103 differentia,
820 1071 920 1107 quae
940 1061 1086 1107 potius
1106 1061 1151 1097 in
1172 1061 1440 1097 contrarium
1461 1058 1667 1101 abundat,
1691 1058 1813 1096 suam

167 1117 359 1150 meretur
370 1112 693 1151 excusationem
704 1113 822 1160 apud
835 1124 922 1157 eos,
940 1115 1015 1160 qui
1026 1113 1187 1151 Praxin
1199 1113 1510 1151 Mechanicam
1522 1111 1813 1149 Astronomiae

169 1171 473 1210 exercuerunt;
496 1165 734 1214 praesertim
756 1167 801 1204 in
823 1171 914 1204 tam
935 1166 1076 1204 subtili
1098 1168 1286 1214 negotio,
1309 1165 1382 1204 vbi
1404 1177 1472 1203 res
1495 1166 1609 1203 circa
1628 1166 1814 1202 minima

168 1218 371 1257 versatur.
389 1218 539 1266 Quare
555 1220 611 1258 ad
626 1221 801 1258 tertium
815 1219 1067 1267 exemplum
1079 1231 1377 1267 properemus,
1394 1217 1548 1257 facturi
1560 1220 1692 1256 etiam
1703 1219 1749 1255 in
1761 1229 1813 1255 eo

169 1274 495 1319 experientiam,
517 1284 576 1311 an
595 1272 793 1320 aliquam
812 1275 1001 1321 reperire
1022 1273 1149 1311 liceat
1169 1273 1432 1316 Parallaxin,
1457 1272 1495 1310 &
1518 1282 1611 1309 rem
1634 1282 1814 1309 omnem

97 1336 130 1362 20
166 1330 349 1373 vtraque
374 1325 570 1374 superius
595 1327 798 1374 assignata
822 1326 1101 1374 Figuratione
1127 1326 1274 1364 denuo
1302 1326 1594 1374 expedientes,
1624 1324 1814 1362 breuiter

166 1378 397 1423 calculum,
414 1390 470 1417 ne
482 1381 609 1427 copia
620 1379 927 1419 declarationis
939 1382 1154 1418 reiteratae
1166 1379 1407 1418 molestiam
1418 1380 1571 1427 pariat,
1588 1377 1813 1425 perseque-

276 2557 322 2583 17*
1700 2560 1809 2586 mur.
