2209 3213
504 223 1027 262 RECENTIORIBUS
1048 224 1508 263 PHAENOMENIS
1782 225 1832 262 59

773 329 873 368 DIE
894 330 943 367 ΙΙ.
961 330 1242 375 JANVARII.

271 391 312 429 X
325 391 640 429 obseruatione
652 391 862 429 distantiae
877 403 929 429 eo
944 392 1012 429 die
1029 391 1190 430 habitae
1534 410 1539 415 ·

288 456 316 482 a
336 443 494 482 Scheat
513 443 669 492 Pegafi,
691 444 729 481 &
750 444 896 482 Prima
915 444 1042 489 Colli,
1063 451 1191 492 prout
1534 416 1574 463 p

184 497 238 536 ab
260 498 385 535 initio
408 498 647 545 assignatur,
670 496 716 535 fit
736 498 777 535 A
798 497 956 535 Scheat
976 497 1132 546 Pegasi,
1156 498 1189 536 B

134 563 146 588 5
183 552 326 598 prima
342 550 469 595 Colli,
491 550 528 588 C
545 550 743 589 Cometa.
767 550 916 597 Quare
937 553 1129 598 primum
1145 553 1191 589 in

183 603 423 651 Triangulo
435 603 568 648 APB,
585 605 664 641 erit
677 603 810 641 Latus
822 604 913 648 ΑΡ,
930 604 972 641 Ρ.
985 604 1048 642 58.
1062 604 1125 642 Μ.
1138 604 1190 648 51,

183 657 316 695 Latus
332 657 419 701 ΡΒ,
436 657 479 694 Ρ.
491 656 554 695 70.
569 656 633 694 Μ.
645 656 708 701 33,
725 657 927 704 Angulus
943 657 1076 701 APB,
1093 657 1136 695 Ρ.
1153 658 1189 695 6.

183 709 246 748 M.
259 710 296 755 0,
312 709 446 748 Latus
461 710 552 754 AB,
568 710 611 747 P.
624 710 676 747 12.
692 710 756 747 Μ.
768 710 831 754 53,
847 710 1050 758 Angulus
1067 710 1190 754 BAP,

183 763 225 801 P.
247 762 328 801 153.
350 762 413 800 M.
435 763 488 801 51.
516 762 689 801 Deinde
714 765 760 801 in
784 763 1024 810 Triangulo
1049 763 1190 808 ABC,
1240 747 1282 795 ς1
1771 742 1804 794 Α

116 828 146 854 ιο
183 818 288 863 quia
303 816 437 854 Latus
453 816 535 854 AB
553 815 608 854 est
623 816 666 854 P.
684 816 737 854 12.
755 816 818 854 M.
835 816 898 861 53,
916 816 954 854 &
969 816 1063 860 AC,
1084 816 1127 854 P.
1145 817 1189 854 11.

183 869 290 913 Μ.8,
304 869 380 908 BC
391 881 496 907 vero
508 869 550 907 P.
560 870 604 907 11.
614 869 677 907 M.
686 870 739 914 10,
753 872 831 907 erit
843 869 1046 917 Angulus
1059 869 1190 913 CAB,

182 922 225 960 Ρ.
248 923 311 961 55.
338 922 400 960 Μ.
423 923 476 960 10.
503 922 698 960 Demum
723 925 769 960 in
793 922 1033 970 Triangulo
1060 922 1190 967 CPA,

182 987 283 1013 cum
299 975 446 1014 existat
462 976 595 1013 Latus
613 975 709 1020 CA,
726 976 768 1013 P.
782 976 825 1013 ll.
839 975 903 1013 M.
915 976 951 1020 8,
968 975 1054 1020 ΡΑ,
1072 975 1114 1013 Ρ.
1126 975 1189 1014 58.

182 1028 246 1066 Μ.
262 1029 317 1073 51,
337 1028 541 1076 Angulus
556 1040 661 1067 vero
679 1028 803 1067 CAP
818 1030 1051 1076 proueniat
1067 1029 1109 1066 P.
1126 1029 1189 1067 98.

115 1095 144 1119 15
182 1082 245 1120 M.
268 1082 323 1127 41,
346 1084 424 1119 erit
447 1082 580 1120 Latus
603 1081 691 1126 PC,
715 1082 757 1119 P.
779 1082 832 1120 61.
857 1081 920 1119 M.
941 1082 978 1126 9,
1001 1081 1189 1129 comple-

180 1140 380 1173 mentum
395 1135 635 1173 latitudinis
652 1134 863 1179 Cometae,
881 1134 919 1172 &
935 1135 1137 1183 Angulus
1153 1135 1289 1179 APC,
1307 1135 1349 1172 P.
1363 1135 1415 1172 12.
1429 1135 1492 1172 M.
1505 1134 1568 1178 35,
1585 1134 1831 1173 differentia

181 1188 475 1236 longitudinis.
498 1188 648 1235 Quare
668 1188 798 1236 ipfius
819 1188 1019 1226 Cometae
1039 1188 1266 1236 longitudo
1288 1188 1422 1226 existit
1442 1190 1488 1226 in
1509 1188 1619 1226 Part.
1642 1188 1695 1226 10.
1717 1188 1829 1226 Min.

180 1242 231 1280 54
254 1243 310 1286 )(‚
326 1241 554 1280 latitudine
570 1246 778 1280 manente
794 1242 836 1279 P.
853 1241 917 1280 28.
935 1241 998 1279 M.
1015 1242 1069 1280 51.

770 1330 871 1368 DIE
891 1330 941 1368 V.
958 1329 1239 1376 JANVARII.

110 1404 144 1430 20
505 1412 548 1462 P
932 1391 1172 1430 EPETITA
1185 1393 1319 1440 priori
1331 1391 1603 1440 figuratione,
1619 1392 1830 1439 siquidem

946 1445 1096 1494 ijsdem
1112 1445 1184 1484 hic
1199 1451 1373 1484 vtamur
1389 1445 1543 1489 Stellis,
1564 1445 1602 1483 8(
1623 1451 1829 1483 manente

845 1498 1085 1547 Triangulo
1099 1499 1220 1537 APB
1237 1501 1283 1537 in
1299 1498 1516 1543 omnibus,
1534 1504 1578 1536 vt
1598 1501 1730 1546 prius,
1752 1501 1830 1536 erit

846 1554 891 1589 in
907 1552 1146 1600 Triangulo
1164 1552 1304 1596 CAB,
1320 1552 1454 1590 Latus
1471 1552 1568 1595 CA,
1585 1552 1627 1589 P.
1640 1552 1676 1590 9.
1690 1552 1753 1590 M.
1766 1553 1828 1596 50,

846 1605 979 1643 Latus
1003 1605 1098 1650 BA,
1120 1605 1164 1643 Ρ.
1188 1606 1242 1643 12.
1267 1605 1329 1643 Μ.
1351 1605 1414 1650 53,
1437 1605 1571 1643 Latus
1595 1605 1686 1649 BC,
1709 1605 1752 1643 P.
1774 1606 1827 1643 10.

109 1670 142 1696 25
847 1658 910 1696 M.
932 1658 995 1703 34,
1015 1658 1218 1706 Angulus
1239 1658 1380 1702 CAB,
1403 1658 1446 1696 P.
1467 1658 1530 1696 53.
1553 1658 1616 1696 M.
1638 1658 1700 1702 42,
1725 1658 1762 1696 8(
1782 1660 1828 1696 in

846 1711 1085 1759 Triangulo
1109 1711 1244 1756 CAP,
1270 1712 1404 1750 Latus
1427 1711 1524 1756 CA,
1550 1711 1593 1749 P.
1617 1712 1653 1749 9.
1678 1712 1741 1749 M.
1765 1712 1828 1755 50,

774 1768 814 1825 Α
846 1765 933 1809 ΡΑ,
945 1765 988 1802 Ρ.
1000 1765 1063 1803 58.
1077 1765 1140 1803 Μ.
1153 1766 1207 1810 51,
1220 1765 1423 1813 Angulus
1435 1764 1562 1809 CAP,
1574 1765 1617 1802 P.
1628 1764 1707 1802 100.
1719 1765 1782 1803 M.
1791 1764 1827 1807 9,

194 1778 229 1828 C
846 1818 1034 1865 ideoque
1051 1818 1184 1856 Latus
1200 1818 1288 1863 PC,
1309 1819 1352 1856 P.
1369 1818 1422 1856 61.
1440 1818 1504 1856 M.
1519 1817 1554 1862 3,
1572 1817 1610 1855 8(
1625 1818 1828 1866 Angulus

104 1878 146 1910 63
846 1871 982 1916 APC,
994 1871 1036 1909 P.
1050 1872 1095 1909 11.
1108 1872 1171 1909 M.
1184 1873 1220 1910 5.
1236 1868 1477 1921 Quo-nrum
1487 1870 1572 1909 hoc
1584 1870 1829 1909 differentia

109 1937 142 1963 30
846 1924 1142 1972 longitudinis,
1161 1927 1281 1972 prius
1298 1924 1670 1972 complementum
1686 1924 1828 1962 latitu-

846 1978 960 2016 dinis
976 1978 1123 2023 existit,
1143 1984 1186 2016 vt
1207 1978 1253 2016 fit
1269 1978 1325 2016 ad
1341 1978 1425 2016 hoc
1440 1983 1612 2025 tempus
1629 1977 1828 2016 Cometae

846 2031 1073 2079 longitudo
1089 2033 1135 2069 in
1150 2032 1193 2070 P.
1206 2031 1260 2070 12.
1278 2031 1341 2069 M.
1354 2031 1404 2069 24
1423 2033 1479 2076 )(,
1495 2031 1723 2069 latitudine
1741 2033 1827 2069 exi-

845 2084 976 2122 stente
992 2085 1035 2122 P.
1052 2085 1114 2123 28.
1132 2085 1195 2123 M.
1212 2085 1275 2123 57.

754 2182 855 2221 DIE
877 2182 950 2220 IX.
967 2182 988 2228 J
992 2182 1249 2220 ANVARII.

108 2256 142 2282 35
264 2244 306 2283 X
330 2244 528 2283 distantia
548 2244 747 2284 Cometae
769 2256 795 2283 a
815 2244 972 2283 Scheat
994 2243 1031 2282 8(
1051 2244 1197 2282 lucida
1216 2243 1442 2292 Trianguli
1465 2246 1511 2281 in
1534 2243 1827 2291 superioribus

282 2298 498 2346 assignata,
514 2298 559 2336 fit
575 2300 621 2336 in
636 2300 840 2345 proxima
855 2297 1116 2346 figuratione
1132 2298 1173 2335 A
1190 2297 1359 2342 Scheat,
1376 2297 1410 2335 Β
1426 2297 1572 2335 lucida
1587 2297 1826 2344 Trianguli,

179 2350 216 2389 C
233 2350 431 2389 Cometa.
454 2351 604 2398 Quare
624 2353 669 2389 in
687 2351 928 2399 Triangulo
948 2351 1081 2395 PBA,
1103 2362 1203 2388 cum
1223 2350 1269 2388 fit
1290 2351 1423 2388 Latus
1439 2350 1530 2394 ΑΡ,
1551 2350 1594 2388 P.
1611 2350 1673 2388 58.
1692 2350 1755 2387 Μ.
1772 2351 1826 2394 51,

178 2403 264 2449 ΡΒ,
284 2404 327 2442 Ρ.
344 2404 407 2443 54.
424 2405 488 2442 Μ.
505 2405 568 2448 54,
589 2404 792 2452 Angulus
808 2404 941 2448 APB,
958 2404 1000 2442 P.
1018 2404 1054 2442 3.
1072 2404 1135 2442 Μ.
1153 2404 1215 2448 39,
1237 2405 1315 2441 erit
1334 2404 1467 2441 Latus
1483 2403 1578 2447 AB,
1594 2403 1637 2441 P.
1654 2404 1690 2441 5.
1708 2403 1771 2441 M.
1789 2403 1824 2446 0,

179 2456 217 2495 8(
239 2457 442 2505 Angulus
465 2458 598 2502 BAP,
621 2458 664 2496 P.
681 2458 743 2496 36.
766 2458 829 2496 M.
852 2458 905 2496 51.
930 2457 1048 2495 Dein
1070 2459 1117 2495 in
1138 2456 1378 2505 Triangulo
1400 2456 1541 2501 ABC,
1565 2458 1670 2504 quia
1693 2456 1825 2494 Latus

109 2522 142 2547 40
178 2510 261 2548 AB
278 2510 333 2548 est
348 2511 391 2548 P.
409 2511 445 2549 5.
463 2511 525 2548 M.
543 2511 579 2555 0,
596 2511 634 2548 8(
651 2511 743 2555 BC,
759 2511 802 2548 P.
815 2511 851 2549 7.
865 2511 928 2548 M.
941 2510 1003 2554 40,
1020 2510 1114 2554 AC,
1130 2510 1173 2548 P.
1186 2510 1221 2548 8.
1236 2510 1298 2547 M.
1313 2511 1365 2554 15,
1383 2512 1461 2547 erit
1475 2509 1677 2557 Angulus
1694 2509 1825 2600 {Ass}

283 2571 316 2597 8*
1738 2592 1744 2599 .
1817 2592 1823 2599 .
