2209 3213
116 914 146 940 10

116 1206 146 1232 15

113 1472 147 1498 20

127 1623 147 1654 -ῐ-

114 1739 147 1764 25

504 239 1025 278 RECENTIORIBUS
1046 239 1504 279 PHAENOMENIS
1777 241 1828 278 69

185 345 387 383 existente
411 345 465 383 G.
482 345 545 383 60.
566 347 671 383 min.
690 345 753 388 42,
777 346 1043 393 Anguloque
1066 345 1206 389 ΑΒΕ,
1231 346 1285 384 G.
1307 346 1369 384 99.
1391 348 1495 384 min.
1517 348 1554 390 5,
1578 347 1711 384 Latus
1732 346 1826 391 AC,

185 398 240 436 G.
257 399 319 436 66.
337 398 400 436 M.
418 398 480 442 50,
502 398 873 446 complementum
890 399 1210 437 Declinationis
1227 399 1437 443 Cometae,
1455 400 1493 437 8(
1508 405 1721 447 praeterea
1736 401 1827 438 An-

183 451 310 499 gulus
326 451 457 495 BAC,
479 451 534 489 G.
551 451 614 489 69.
632 452 695 489 M.
713 451 775 495 35,
797 451 1042 490 differentia
1057 452 1330 490 Ascenfionis
1347 451 1488 490 Rec‘tae
1505 465 1531 491 a
1546 453 1734 500 Tropico
1751 453 1827 501 hy-

183 504 332 542 berno.
350 504 415 542 Est
431 506 577 551 itaque
594 504 649 542 ad
665 504 750 542 hoc
766 505 967 543 Vltimum
982 510 1154 552 tempus
1166 505 1340 543 visionis
1352 508 1458 550 eius,
1472 506 1672 544 Ascenfio
1685 504 1827 550 Recta,

185 557 239 596 G.
252 557 341 595 339.
354 557 417 595 M.
430 557 492 601 35,
509 569 598 596 vna
613 569 714 595 cum
731 558 1050 602 Declinatione,
1069 558 1123 597 G.
1135 558 1198 596 23.
1211 559 1275 596 M.
1288 559 1330 596 10
1341 559 1494 597 Borea.
1508 559 1633 597 Vnde
1649 561 1695 596 in
1710 559 1829 597 hunc

183 610 378 654 modum,
402 622 425 648 e
448 611 559 648 datis
581 610 946 658 Longitudinibus
967 611 1005 649 &
1026 611 1358 655 Latitudinibus,
1382 611 1573 659 respec'tu
1597 612 1828 660 Eclipticae‚

184 663 382 702 Cometae
393 663 676 702 Ascenfiones
689 663 839 702 Redias
852 664 889 702 &
902 664 1244 708 Declinationes,
1261 676 1350 712 quo
1366 665 1421 703 ad
1433 665 1734 712 AEquatorem‚
1751 665 1829 703 fin-

182 717 293 765 gulis
305 718 631 764 apparitionum
643 717 811 755 Diebus
823 717 1145 765 adaptauimus‚
1163 718 1205 756 id
1219 718 1337 765 quod
1349 720 1395 755 in
1406 718 1490 756 hoc
1503 718 1658 765 Capite
1669 718 1828 757 facien-

183 770 289 808 dum
304 769 622 818 proposuimus.

236 895 535 941 ADDITIO
559 896 648 940 EX
670 896 1321 941 OBSERUATIONIBUS
1343 896 1780 951 SUBSEQUEN-

753 964 909 1003 TIUM
930 964 1258 1003 ANNORUM.

230 1035 273 1073 N
293 1035 549 1082 praescriptis
565 1035 898 1073 Ascenfionibus
915 1034 1053 1073 Rectis
1074 1035 1112 1073 8(
1133 1035 1526 1080 Declinationibus,
1548 1038 1623 1075 uia
1640 1036 1829 1075 Geome-

241 1090 348 1126 trica
360 1100 382 1126 e
395 1088 758 1136 Longitudinibus
770 1094 810 1126 et
822 1088 1144 1126 Latitudinibus
1156 1088 1355 1127 Cometae
1372 1089 1588 1133 eruendis,
1606 1089 1667 1127 ufi
1683 1089 1830 1127 sumus

183 1141 345 1189 ubique
362 1141 669 1179 Declinatione
686 1141 905 1189 Eclipticae
921 1144 1130 1185 maxima,
1148 1142 1202 1180 G.
1216 1142 1278 1180 23.
1297 1143 1360 1180 M.
1372 1142 1435 1186 27,
1453 1143 1830 1190 quemadmodum

183 1194 293 1233 alias
310 1196 441 1232 etiam
456 1199 547 1232 toto
563 1194 647 1232 hoc
662 1194 773 1232 libro
790 1195 987 1242 (excepto
1004 1195 1158 1233 ultimo
1171 1195 1344 1242 Capite)
1362 1198 1532 1243 quoties
1549 1198 1643 1234 eius
1655 1195 1755 1234 usus
1767 1207 1830 1234 re-

183 1249 379 1295 quiritur,
397 1247 575 1295 qualem
590 1254 693 1286 tunc
708 1250 916 1295 temporis
933 1260 986 1286 ex
1003 1249 1232 1287 altitudine
1246 1248 1358 1287 Solis
1371 1249 1635 1293 Meridiana,
1653 1251 1699 1287 in
1715 1254 1830 1287 utro-

183 1312 268 1349 que
284 1301 482 1345 solstitio,
503 1300 699 1339 adhibita
715 1303 847 1339 etiam
868 1301 1083 1349 parallaxi
1100 1302 1241 1340 Solari
1258 1302 1648 1349 deprehenderam.
1665 1302 1831 1341 Verum

183 1356 288 1402 quia
307 1359 411 1392 tunc
427 1352 723 1398 Refractioni&
746 1366 881 1402 quam
903 1354 977 1393 Sol
997 1357 1043 1393 in
1064 1355 1311 1393 decliuitate
1328 1355 1526 1393 Brumali
1544 1355 1743 1399 insinuat,
1765 1368 1830 1394 ra-

182 1409 348 1446 tionem
372 1409 520 1445 minus
545 1413 814 1455 compertam
841 1407 1072 1451 habebam,
1104 1408 1419 1456 Obliquitatem
1449 1409 1564 1447 hanc
1589 1411 1832 1448 maximam

183 1461 281 1509 plus
297 1463 520 1508 quaternis
536 1460 745 1508 scrupulis
761 1461 868 1499 iusto
884 1463 1102 1499 minorem
1118 1461 1523 1509 praesupponebam.
1540 1463 1697 1501 Inueni
1714 1464 1832 1501 enim

236 1514 592 1562 subsequentibus
608 1517 749 1558 annis,
771 1514 859 1553 alia
874 1515 1068 1562 quadam
1085 1514 1313 1559 Methodo,
1332 1515 1405 1553 ubi
1422 1515 1535 1554 Solis
1551 1518 1596 1554 in
1613 1516 1779 1554 Bruma

289 1566 478 1614 suspecta
501 1567 727 1606 decliuitas
749 1579 841 1605 non
863 1568 1106 1611 adhibetur,
1131 1568 1485 1606 Declinationem
1506 1569 1725 1617 Eclipticae

343 1622 587 1659 maximam
602 1620 686 1659 hoc
703 1632 803 1659 aeuo
821 1621 1009 1665 existere,
1026 1621 1069 1659 P.
1081 1621 1144 1659 23.
1156 1624 1261 1659 min.
1274 1622 1350 1665 3113,
1368 1627 1413 1660 ut
1425 1621 1528 1660 alibi
1541 1624 1672 1661 etiam

396 1674 623 1712 indicatur.
636 1674 802 1712 Verum
819 1686 919 1712 cum
935 1674 1180 1713 differentia
1192 1677 1364 1722 apriori
1380 1676 1558 1714 assumta
1574 1675 1620 1713 fit

449 1729 698 1775 perexigua,
725 1727 780 1765 ob
803 1728 995 1775 paucula
1019 1728 1095 1766 illa
1117 1728 1318 1775 scrupula
1340 1730 1402 1766 rei
1424 1730 1565 1775 inqui-

503 1780 652 1818 rendae
664 1782 894 1818 ueritatem
905 1780 1201 1819 insenfibiliter
1210 1783 1441 1825 uariantia‚
1451 1787 1512 1819 to-

556 1838 650 1871 tum
672 1833 891 1872 calculum
913 1836 1051 1882 magis
1073 1834 1299 1879 fastidioso,
1325 1846 1461 1882 quam

767 1887 862 1925 utili
877 1887 1039 1931 labore,
1056 1893 1250 1935 repetere

926 1940 1061 1979 nolui.
1079 1937 1094 1990 ΙΙ

1639 2578 1832 2616 CAPVT
