2209 3213
385 199 461 235 406
857 195 939 231 DE
962 194 1232 232 COMETA
1254 194 1419 231 ANNI
1442 194 1548 232 1585

1123 300 1238 346 caui)
1251 300 1320 337 sed
1333 302 1465 337 etiam
1476 299 1591 337 bello
1602 299 1639 337 &
1649 299 1871 339 hostilibus
1880 303 2022 340 incur-

1122 353 1313 391 sionibus
1324 353 1378 390 ab
1393 352 1476 390 hoc
1489 352 1675 391 Cometa
1690 353 2022 402 praefignifican-

1121 412 1201 444 tur.
1225 406 1356 452 Quod
1378 407 1509 443 etiam
1527 405 1628 443 fitus
1645 406 1775 454 ipfius
1791 409 1837 444 in
1854 406 2023 446 oetaua

1123 460 1268 503 domo,
1282 471 1334 497 eo
1345 464 1554 506 tempore,
1567 471 1655 506 quo
1666 459 1919 507 Eclipticam
1930 472 2023 508 per-

488 521 535 560 (ᾳ
848 531 872 560 χ-
986 520 1002 556 7
1121 512 1328 555 tranfiuit‚
1353 512 1594 560 plurimum
1620 512 1861 551 confirmat.
1889 513 2023 551 Hunc
2062 527 2078 552 5

445 564 481 596 ’ὑ
491 550 599 622 ᾧ,
625 564 702 595 (01⁷⁷-
726 558 879 617 rrqrfiruw
1122 568 1240 603 enim
1251 565 1367 604 Coeli
1376 566 1523 603 locum
1532 565 2023 605 mortiferam&luc‘tuo-

435 601 527 665 sqv‘·
609 613 799 657 pEccliprch
809 614 878 646 051:
910 613 954 654 δ’
986 616 1021 648 2„
1120 618 1211 657 sam
1222 619 1385 657 habere
1397 619 2023 668 denunciationem,Astrologi

477 683 518 718 ᾖ»
658 668 698 697 D·
727 667 763 695 Η·
788 669 832 696 Μ·
1121 672 1404 710 consentiunt.
1434 672 1488 710 Vt
1512 683 1617 710 vero
1646 672 1854 710 breuibus
1883 678 2024 710 totum

491 709 575 779 NJ’·
602 730 616 768 x
658 725 696 749 2²
723 726 763 756 14
780 726 844 757 40·
953 723 958 728 “
1120 727 1353 773 negocium
1365 725 2023 772 absoluam,fiquidemCometa

526 777 543 790 ”
853 788 859 791 s
932 771 961 796 Ὗ*
989 787 1006 804 0
1120 790 1196 826 per
1210 778 1263 823 se,
1281 778 1370 826 ipso
1382 777 1555 826 aspectu
1566 778 1792 817 tenebroso
1803 784 2022 826 portento·
2064 792 2094 817 ιο

1120 832 1201 876 sus,
1222 831 1441 879 Vtriusque
1461 831 1676 870 maleficae
1699 837 1904 870 naturam
1926 844 2021 879 par-

1120 887 1327 932 ticipauit,
1340 885 1660 933 Angularisque
1670 887 1716 922 in
1726 885 1974 923 Nouilunio
1984 885 2022 923 &

1119 940 1166 976 in
1187 938 1365 976 tranfitu
1390 949 1467 986 per
1489 938 1755 985 Eclipticam,
1781 940 1827 976 in
1851 937 2022 977 OCtauo

1119 991 1216 1029 loco
1242 994 1390 1036 extitit,
1418 993 1569 1029 omnia
1593 991 1682 1029 fere
1707 991 1929 1030 malorum
1953 1002 2021 1039 ge·

378 1057 485 1083 nera
501 1045 771 1089 mortalibus,
792 1046 838 1082 in
854 1047 906 1082 iis
922 1045 1159 1093 praesertim
1175 1044 1293 1088 locis,
1310 1044 1382 1083 vbi
1397 1045 1495 1083 suos
1512 1042 1701 1083 Effectus
1717 1044 2021 1083 vehementius
2063 1057 2092 1082 15

379 1099 583 1142 intendet,
610 1098 863 1145 impendere
886 1101 1091 1136 minatur.
1118 1098 1164 1136 Id
1186 1094 1372 1148 ta-ssmen
1393 1110 1482 1136 vna
1505 1097 1867 1136 confiderandum
1889 1100 2020 1142 venit,
2033 1105 2118 1136 de

380 1152 496 1199 quod
512 1151 647 1189 veluti
663 1151 732 1189 hic
750 1151 937 1189 Cometa
953 1151 1089 1196 exilis,
1111 1163 1249 1195 rarus,
1270 1162 1350 1189 nec
1367 1151 1593 1189 euidenter
1609 1162 1826 1199 apparens
1843 1156 1946 1195 erat,
1968 1150 2022 1188 fic

379 1206 509 1243 etiam
522 1203 709 1243 Effectus
725 1204 854 1252 ipfius
869 1204 1039 1243 futuros
1051 1204 1267 1248 obscuros,
1283 1206 1436 1242 tacitos
1448 1204 1485 1242 8(
1497 1205 1680 1242 latenter
1695 1204 1924 1252 serpentes,
1941 1216 2021 1242 nec

379 1258 515 1295 subito
531 1257 826 1300 vehementes,
846 1259 921 1305 qui
937 1257 1085 1296 furtim
1102 1257 1140 1295 &
1155 1257 1369 1305 paulatim
1384 1258 1483 1305 plus
1499 1257 1649 1296 damni
1667 1258 1864 1301 inferent,
1886 1269 2021 1305 quam

379 1311 599 1348 confestim
620 1313 665 1348 in
686 1311 837 1349 oculos
857 1311 1122 1349 incurrendo
1140 1310 1266 1349 facile
1286 1311 1674 1349 animaduertatur.
1697 1311 1829 1358 Quod
1844 1322 1950 1349 vero
1966 1311 2020 1349 ab
2059 1323 2093 1348 20

378 1366 502 1401 initio
524 1365 624 1407 dixi,
647 1364 880 1402 Cometam
900 1364 1018 1402 hunc
1035 1364 1326 1402 Prodromum
1343 1364 1565 1412 quendam
1582 1364 1759 1402 existere
1775 1362 2021 1402 Effectuum

380 1416 713 1455 Coniunc'iionis
736 1417 852 1455 illius
872 1420 1081 1455 maximae
1102 1429 1220 1455 nunc
1240 1419 1435 1465 vigentis,
1459 1418 1502 1456 id
1524 1429 1615 1455 non
1637 1419 1697 1456 ita
1717 1417 2021 1465 accipiendum

378 1472 467 1514 erit,
490 1471 607 1517 quod
627 1470 854 1518 Synodum
872 1471 995 1508 illam
1013 1470 1421 1518 ponderofissimam,
1442 1482 1519 1518 per
1534 1470 1587 1515 se,
1608 1470 1828 1509 infelicem
1849 1470 1886 1508 8(
1907 1470 2020 1509 dete-

378 1526 538 1561 riorem
558 1535 705 1561 rerum
725 1524 879 1562 statum
895 1524 1154 1571 portendere
1171 1523 1421 1568 existimem,
1442 1524 1513 1562 sed
1532 1526 1689 1571 potius,
1711 1535 1812 1562 cum
1828 1524 2022 1571 Septima

377 1576 423 1614 fit
435 1589 461 1614 a
473 1577 647 1615 Mundo
664 1577 838 1615 condito
856 1577 1182 1625 (praesuppofita
1193 1589 1245 1615 ea
1257 1579 1396 1615 aetatis
1408 1577 1571 1615 Mundi
1583 1579 1903 1621 numeratione,
1921 1588 2021 1624 quae
2059 1589 2093 1614 25

378 1632 668 1668 communiter
691 1636 863 1677 recepta
886 1630 958 1677 est)
982 1630 1019 1668 8(
1043 1630 1300 1669 Sabbatismi
1320 1630 1549 1678 Mysticam
1569 1630 1928 1678 significationem
1948 1630 2020 1668 ob-

377 1685 523 1727 tineat,
540 1683 963 1730 praedominantibus
979 1686 1112 1722 etiam
1128 1686 1173 1722 in
1189 1683 1273 1722 hoc
1289 1683 1481 1731 Trigono
1498 1684 1643 1731 Igneo,
1661 1685 1737 1731 qui
1752 1695 1869 1722 nunc
1885 1683 2020 1727 instat,
2059 1686 2079 1718 ÷

377 1736 604 1774 beneuolis
620 1737 822 1781 Planetis,
845 1736 883 1774 &
903 1737 1013 1775 alias
1028 1737 1189 1775 multas
1206 1737 1260 1775 ob
1277 1737 1441 1781 causas,
1463 1736 1515 1775 de
1537 1737 1696 1784 quibus
1716 1749 1834 1775 nunc
1854 1748 1946 1774 non
1967 1736 2022 1774 est

379 1789 549 1827 dicendi
574 1790 712 1833 locus;
738 1789 1000 1837 sperandum
1024 1793 1102 1828 erit
1127 1792 1329 1828 omnium
1353 1801 1501 1828 rerum
1526 1790 1835 1834 conditionem,
1860 1795 1951 1828 tam
1975 1791 2021 1827 in

379 1842 613 1890 Religione,
641 1855 775 1890 quam
800 1843 929 1881 rebus
953 1843 1154 1888 Politicis,
1180 1845 1226 1881 in
1250 1843 1492 1887 meliorem,
1517 1841 1819 1891 perfectiorem
1845 1842 1882 1880 8(
1905 1848 2020 1881 tran·
2058 1855 2092 1880 30

379 1895 627 1942 quilliorem
639 1896 804 1939 statum,
820 1898 1085 1935 innouatum
1095 1899 1159 1934 iri.
1178 1897 1482 1935 Nihilominus
1493 1896 1522 1934 fi
1533 1902 1594 1935 tot
1606 1898 1806 1934 enormia
1817 1895 1855 1934 8(
1867 1908 1894 1934 a
1904 1896 2020 1934 Vero

380 1947 597 1995 Rectoque
614 1950 785 1992 dissona,
803 1961 903 1997 quae
920 1961 996 1997 per
1011 1956 1152 1988 totum
1164 1950 1329 1989 Orbem
1344 1949 1467 1994 fiunt,
1484 1952 1530 1987 in
1546 1949 1889 1997 praestantiorem
1905 1949 2019 1987 Har-

379 2004 574 2039 moniam
602 2003 909 2041 concinnanda
932 2003 1039 2047 sunt,
1066 2004 1346 2041 necessarium
1372 2005 1462 2047 erit,
1489 2003 1816 2050 quamplurima
1840 2002 2020 2049 impedi-

378 2060 526 2092 menta
542 2057 773 2099 remoueri,
790 2058 1181 2104 impuritatumque
1197 2068 1289 2094 non
1301 2058 1505 2104 exiguam
1517 2055 1849 2094 defaecationem
1860 2067 2020 2103 praece-

379 2107 492 2145 dere.
513 2108 677 2145 Eorum
693 2111 839 2155 itaque
855 2109 1088 2154 malorum,
1106 2121 1206 2157 quae
1222 2109 1463 2148 feliciorem
1478 2109 1767 2157 proculdubio
1779 2108 2020 2147 affuturum
2059 2120 2092 2146 35

379 2171 526 2197 rerum
546 2160 698 2198 statum
719 2161 957 2205 anteibunt,
979 2162 1049 2200 hic
1066 2163 1253 2201 Cometa
1272 2165 1556 2210 praenuncius
1576 2163 1653 2200 esse
1671 2163 1853 2200 videtur.
1875 2163 2020 2209 Atque

380 2212 474 2250 haec
491 2214 543 2251 de
559 2215 789 2261 generibus
805 2220 1046 2253 euentuum
1062 2215 1107 2253 fit
1124 2216 1266 2254 dixisse
1282 2216 1393 2254 satis.
1411 2212 1425 2266 ΙΙ

432 2266 502 2303 Ad
515 2266 727 2314 Regiones
738 2279 842 2305 vero
859 2267 896 2305 8(
909 2269 1097 2315 populos
1115 2270 1233 2316 quod
1249 2271 1412 2313 attinet,
1430 2269 1588 2316 quibus
1604 2268 1776 2306 decreta
1791 2268 1924 2306 huius
1936 2267 2128 2306 Co-Dc12r

380 2325 508 2356 metae
528 2321 859 2366 portenduntur,
880 2323 1079 2367 inprimis
1101 2334 1201 2359 cum
1219 2322 1407 2360 Piscibus
1423 2322 1460 2360 &
1477 2323 1625 2360 Ariete
1646 2327 1848 2359 mutuam
1868 2321 2019 2359 analo·
2058 2324 2077 2355 †

379 2373 495 2419 giam
512 2373 754 2410 obtinentes
771 2373 1057 2420 designantur.
1075 2374 1188 2421 Quae
1205 2387 1309 2413 vero
1325 2376 1423 2413 loca
1433 2375 1666 2413 Terrestria
1681 2374 1750 2412 his
1762 2374 1903 2422 Signis
1919 2385 2019 2412 con·
2058 2386 2092 2412 40

379 2427 573 2469 ueniant,
596 2437 686 2463 non
707 2426 832 2464 facile
852 2426 906 2463 est
925 2433 1040 2465 certo
1061 2427 1294 2471 affirmare,
1316 2428 1527 2476 siquidem
1548 2439 1648 2476 quae
1668 2427 1752 2466 hoc
1773 2429 1818 2465 in
1839 2429 2021 2475 negocio

380 2479 2021 2528 communiterabAstrologisrecensentur,nullaeuidentiExperientiafidem

1755 2539 2019 2571 mereantur.
