2209 3213
325 219 400 255 236
816 212 899 249 DE
921 211 1146 249 MUNDI
1166 208 1467 247 AETHEREI

325 324 584 361 centricitate
608 323 712 361 eius,
737 319 774 356 &
797 318 908 356 Solis
931 322 1053 355 motu
1076 316 1234 359 medio,
1258 315 1416 362 quibus
1439 315 1644 353 omnibus
1667 318 1711 353 in
1734 316 1816 353 1136
1838 316 1962 363 Prag-

325 378 457 414 matia
474 373 738 412 absoluenda
751 383 860 418 opus
873 376 975 413 erat,
992 369 1239 407 sensibiliter
1250 368 1450 406 declinat.
1468 368 1771 407 Nihilominus
1783 369 1825 407 id
1837 368 1962 407 facile

325 430 385 466 illi
406 428 688 469 concesserim,
710 431 752 462 vt
774 436 826 461 ex
848 435 899 461 ea
919 423 1047 461 causa
1068 422 1308 460 admodum
1329 422 1511 459 euidens
1531 423 1576 459 in
1598 422 1795 460 Cometae
1816 423 1963 470 Appa-

324 483 471 519 rentiis
496 479 714 517 saluandis
740 478 1113 515 disconuenientia
1138 477 1210 512 vix
1235 476 1432 518 oriretur,
1463 475 1661 522 ideoque,
1692 475 1810 522 quod
1834 478 1964 513 vnius

324 535 492 582 gradus,
515 532 677 569 nedum
697 532 827 568 trium
849 541 949 567 cum
965 529 1220 576 quadrante,
1242 528 1443 566 acciderit
1463 540 1539 575 per
1559 527 1673 566 hanc
1690 528 1964 577 Hypothesin

324 588 377 624 ab
398 586 487 633 ipsa
504 585 818 623 Obseruatione
839 582 1136 629 discrepantia,
1157 592 1442 628 nequaquam
1458 583 1562 619 vitio
1580 593 1746 625 eorum,
1768 593 1868 629 quae
1888 594 1965 629 per

324 639 514 677 Tabulas
538 638 633 675 illas
656 639 801 674 minus
826 634 973 673 exacte
996 635 1393 682 suppeditabantur,
1418 634 1611 672 excusari
1633 634 1776 682 potest,
1803 635 1886 673 Sed
1910 635 1964 673 ob

324 692 458 739 ipsam
475 690 748 739 Hypothesin
765 701 855 727 non
871 689 968 726 satis
984 693 1083 736 apte
1100 687 1384 731 constitutam,
1406 686 1620 726 defectum
1640 687 1765 726 illum
1787 690 1964 726 euenire

324 746 552 783 necessario
569 744 769 790 sequitur.

377 799 493 835 Licet
512 808 616 835 vero
638 796 733 834 haec
754 798 867 833 circa
887 796 1181 842 Apparentias
1201 793 1334 832 huius
1355 793 1553 832 Cometae
1574 805 1650 841 per
1671 799 1833 832 certam
1853 790 1868 844 ΙΙ
1889 794 1964 832 ali·

325 863 458 898 quam
479 849 753 898 Hypothefin
773 848 1041 886 excusandas
1061 847 1308 895 speculatio,
1329 858 1421 885 non
1441 847 1646 885 omnibus
1666 846 1751 884 suis
1771 849 1966 885 numeris

324 904 518 942 absoluta
534 904 798 945 inueniatur,
816 913 895 940 nec
911 901 1008 949 ipsis
1025 900 1314 939 exactioribus
1327 899 1716 938 Obseruationibus
1731 905 1822 938 toto
1838 900 1965 938 dura-

324 960 453 995 tionis
469 956 684 994 curriculo
701 957 823 993 omni
839 966 892 992 ex
908 960 1028 1002 parte
1043 954 1387 1001 correspondeat,
1399 958 1443 991 vt
1453 965 1571 991 nunc
1583 953 1681 991 satis
1692 953 1966 991 manifestum

325 1010 607 1048 reddidimus:
638 1008 928 1047 nihilominus
953 1007 1335 1045 commendatione
1361 1007 1645 1054 dignissimam
1669 1006 1821 1045 censeo
1851 1006 1966 1045 hanc

325 1063 533 1101 Moestlini
544 1065 589 1100 in
602 1062 887 1110 excogitanda
898 1061 973 1099 illa
985 1061 1226 1099 admodum
1237 1059 1506 1108 ingeniosam
1518 1061 1834 1105 inuentionem,
1847 1060 1966 1107 quafi

324 1129 415 1155 non
430 1116 617 1154 totaliter
633 1118 726 1153 eius
738 1116 1018 1162 Apparentiis
1030 1114 1325 1158 subueniebat,
1342 1118 1536 1151 attamen
1547 1115 1770 1161 praecipua
1782 1125 1834 1151 ex
1845 1118 1966 1161 parte

325 1172 386 1207 rei
406 1169 634 1217 propositae
651 1169 889 1206 Veritatem
910 1168 1154 1215 assequutus
1176 1167 1242 1211 est,
1264 1178 1485 1214 nemoque
1506 1166 1593 1211 illo,
1615 1177 1715 1204 mea
1731 1166 1966 1210 Sententia,

324 1224 503 1270 propius
520 1222 557 1260 &
574 1223 889 1269 competentius
905 1221 960 1259 ad
975 1226 1138 1259 metam
1154 1222 1332 1268 petitam
1349 1220 1602 1258 collimauit.
1620 1219 1670 1257 Et
1686 1224 1798 1258 certe
1815 1231 1868 1257 ex
1884 1219 1968 1257 hoc

326 1276 414 1323 ipso
427 1276 608 1319 erudito,
619 1275 656 1313 8(
666 1274 995 1313 Mathematicae
1006 1274 1207 1312 Scientiae
1220 1275 1428 1311 eximiam
1440 1275 1733 1321 cognitionem
1744 1273 1967 1311 redolente

326 1329 505 1373 Libello,
530 1340 661 1376 quem
681 1328 733 1365 de
755 1327 940 1366 Cometa
963 1327 1046 1365 hoc
1067 1327 1307 1375 publicauit
1327 1326 1587 1371 Moestlinus,
1610 1328 1700 1364 imo
1720 1326 1790 1364 vel
1811 1338 1864 1364 ex
1884 1325 1967 1364 hac

325 1382 414 1420 sola
431 1381 736 1430 Hypotheseos
752 1381 1063 1425 constitutione,
1085 1392 1174 1427 qua
1194 1382 1288 1418 eius
1308 1385 1478 1418 motum
1498 1384 1783 1427 apparentem
1798 1379 1967 1418 saluare

326 1440 520 1478 conatur,
541 1434 670 1482 ipfius
690 1436 853 1482 ingenii
868 1433 1210 1481 profunditatem
1227 1433 1264 1471 8(
1281 1433 1482 1472 Scientiae
1497 1433 1813 1471 Astronomicae
1830 1432 1967 1470 excel-

326 1488 486 1526 lentem
507 1490 718 1535 peritiam,
740 1493 953 1534 tanquam
970 1499 1023 1525 ex
1038 1498 1181 1534 vngue
1198 1487 1405 1531 Leonem,
1425 1486 1626 1534 colligere
1646 1486 1755 1524 licet.
1777 1486 1871 1524 Nec
1891 1485 1967 1524 du-

325 1541 426 1585 bito,
443 1541 472 1578 [1
484 1541 559 1578 Vir
571 1541 640 1578 hic
653 1540 948 1578 Instrumentis
963 1540 1082 1578 iustae
1098 1540 1411 1588 magnitudinis
1425 1539 1590 1578 affabre
1602 1551 1625 1577 e
1636 1539 1771 1577 solido
1783 1539 1968 1577 Metallo

327 1595 558 1632 elaboratis
574 1606 665 1632 non
681 1594 988 1638 destitueretur,
1005 1593 1252 1641 sumtusque
1269 1593 1344 1632 alii
1359 1593 1577 1631 necessarii
1592 1593 1648 1631 ad
1661 1597 1831 1631 tantum
1844 1592 1968 1640 Opus

326 1647 642 1686 absoluendum
657 1647 720 1685 illi
736 1659 836 1685 cum
849 1647 950 1685 Otio
967 1647 1005 1685 8(
1021 1648 1315 1694 oportunitate
1331 1645 1543 1685 tractandi
1558 1645 1844 1693 suppeterent,
1861 1647 1968 1693 quin

326 1703 371 1738 in
386 1700 556 1738 sublimi
573 1700 649 1738 illa
665 1700 702 1738 &
719 1700 897 1748 augusta
911 1700 1137 1738 Astrorum
1154 1699 1343 1738 Scientia
1358 1711 1385 1738 a
1400 1699 1485 1737 suis
1504 1699 1676 1737 mendis
1691 1699 1967 1743 vindicanda,

326 1765 416 1801 prae
433 1754 529 1801 alijs
546 1755 694 1791 eximii
710 1753 826 1801 quid,
843 1753 957 1791 felici
971 1753 1152 1791 successu
1167 1753 1410 1791 moliretur:
1426 1752 1675 1800 praesertim,
1692 1764 1792 1790 cum
1807 1763 1968 1800 magno

327 1818 476 1844 amore
495 1807 627 1844 huius
643 1806 823 1844 Diuinae
840 1806 1041 1845 Scientiae
1061 1811 1273 1851 teneatur,
1295 1806 1333 1844 8(
1353 1806 1408 1844 ad
1430 1817 1529 1844 eam
1549 1807 1738 1853 penitius
1759 1806 1967 1853 capessen-

327 1861 429 1898 dam
445 1860 624 1907 Ingenio
637 1859 674 1897 8(
686 1860 907 1907 diligentia
922 1871 1014 1898 non
1031 1865 1187 1904 careat,
1204 1864 1420 1907 aetateque
1436 1859 1611 1906 insuper
1626 1858 1808 1896 florente
1824 1858 1968 1896 adhuc

327 1913 533 1959 praeditus
549 1912 606 1957 fit,
624 1924 712 1960 qua
728 1914 1057 1951 diuturnitatem
1070 1913 1439 1951 Obseruationum
1451 1912 1489 1950 8(
1500 1911 1662 1950 laboris
1677 1912 1841 1950 molem
1856 1911 1968 1949 susti-

328 1977 430 2003 nere
447 1965 602 2003 valeat.
620 1966 721 2012 Quo
738 1968 918 2004 nomine
934 1966 1193 2004 Illustrissimi
1210 1966 1467 2004 Germaniae
1480 1966 1699 2013 Principes
1711 1964 1749 2003 8(
1760 1965 1852 2002 Viri
1865 1964 1968 2012 Opi-

327 2019 407 2056 bus
424 2018 709 2062 abundantes,
726 2031 819 2057 rem
835 2022 956 2057 omni
972 2019 1102 2058 laude
1116 2024 1414 2067 perpetuaque
1426 2020 1641 2056 memoria
1652 2018 1779 2066 longe
1791 2018 1968 2066 dignissi-

328 2083 447 2109 mam
456 2071 716 2119 praestarent,
724 2072 753 2109 fi
763 2074 856 2110 eius
866 2073 1093 2111 conatibus
1102 2073 1178 2111 sua
1187 2072 1443 2111 liberalitate
1453 2076 1668 2120 oportune
1677 2071 1968 2109 subuenirent.

329 2125 433 2162 Non
450 2126 567 2162 enim
584 2125 638 2162 est
654 2125 738 2162 1106
753 2125 939 2163 studium
954 2126 1186 2164 mediocris
1201 2125 1389 2164 fortunae
1405 2125 1668 2168 Hominum,
1689 2129 1733 2162 vt
1753 2124 1808 2162 ab
1828 2126 1880 2162 iis
1898 2124 1968 2162 de-

328 2177 416 2215 bito
428 2178 560 2215 modo
573 2180 775 2221 exerceri,
787 2179 857 2216 vel
869 2178 998 2217 11611111
1011 2177 1200 2217 defectus
1212 2179 1371 2226 aliquis
1383 2178 1555 2222 incidat,
1572 2177 1676 2216 iuste
1688 2178 1969 2225 redintegrari

329 2231 461 2277 possit;
478 2230 547 2268 sed
564 2231 697 2268 veluti
713 2231 813 2268 inde
830 2231 996 2278 semper
1011 2232 1065 2270 ab
1082 2234 1205 2270 initio
1222 2232 1340 2280 apud
1356 2232 1492 2279 Reges
1504 2231 1541 2269 8(
1553 2231 1772 2278 Principes
1789 2230 1969 2278 Sapien-

328 2285 458 2320 tiores
475 2285 519 2320 in
536 2286 757 2331 praecipua
774 2284 1050 2323 Authoritate
1067 2285 1105 2322 8(
1121 2287 1267 2333 precio
1283 2285 1450 2332 semper
1465 2284 1664 2322 habitum
1680 2283 1747 2327 est,
1768 2283 1821 2321 fic
1838 2286 1969 2321 etiam

330 2336 494 2383 Regum
506 2336 543 2374 8(
556 2336 805 2384 Principum
818 2337 1017 2375 fauorem
1034 2338 1409 2386 auxiliatricesque
1425 2349 1585 2375 manus
1600 2342 1811 2384 perpetuo
1828 2338 1968 2383 requi-

329 2391 393 2433 rit,
406 2389 652 2436 praesertim,
665 2390 735 2428 vbi
748 2390 809 2427 illi
821 2393 895 2437 qui
907 2390 1008 2428 huic
1020 2391 1156 2429 studio
1169 2403 1350 2439 operam
1362 2392 1569 2429 eximiam
1581 2401 1749 2428 nauare
1761 2389 1968 2437 satagunt,

329 2453 420 2479 non
435 2442 599 2489 ipfimet
616 2453 667 2480 ea
684 2439 698 2492 ΙΙ
714 2445 776 2480 161
792 2443 1019 2481 familiaris
1035 2446 1161 2491 copia
1177 2444 1377 2488 affluunt,
1394 2455 1482 2491 qua
1494 2455 1571 2491 per
1581 2443 1622 2480 se
1634 2442 1747 2480 hisce
1760 2442 1968 2480 sumtibus

329 2494 538 2533 faciendis
553 2495 777 2533 sufficiant.
795 2496 878 2534 Sed
894 2498 1095 2535 rarissime
1113 2497 1241 2545 (proh
1257 2497 1398 2543 dolor)
1415 2499 1526 2535 inter
1541 2496 1766 2543 amplioris
1780 2495 1968 2533 fortunae

1749 2549 1968 2587 Homines

1990 801 2053 832 285

2008 1073 2037 1098 15

2006 1339 2039 1364 20

2006 1605 2039 1629 25

2006 1870 2040 1896 30

2007 2136 2040 2161 35

2008 2402 2041 2426 40

1993 2449 2058 2480 286
