<?xml version="1.0" encoding="UTF-8"?>
<!DOCTYPE html PUBLIC "-//W3C//DTD XHTML 1.0 Transitional//EN"
    "http://www.w3.org/TR/xhtml1/DTD/xhtml1-transitional.dtd">
<html xmlns="http://www.w3.org/1999/xhtml" xml:lang="en" lang="en">
 <head>
  <title>
</title>
<meta http-equiv="Content-Type" content="text/html;charset=utf-8" />
  <meta name='ocr-system' content='tesseract 3.04.00' />
  <meta name='ocr-capabilities' content='ocr_page ocr_carea ocr_par ocr_line ocrx_word'/>
</head>
<body>
  <div class='ocr_page' id='page_1' title='image "./operaomniaedidit04brahuoft/operaomniaedidit04brahuoft_0235.png"; bbox 0 0 2209 3213; ppageno 0'>
   <div class='ocr_carea' id='block_1_1' title="bbox 132 826 162 851">
    <p class='ocr_par' dir='ltr' id='par_1_1' title="bbox 132 826 162 851">
     <span class='ocr_line' id='line_1_1' title="bbox 132 826 162 851; baseline 0.033 -1"><span class='ocrx_word' id='word_1_1' title='bbox 132 826 162 851; x_wconf 91' lang='lat'>10</span> 
     </span>
    </p>
   </div>
   <div class='ocr_carea' id='block_1_2' title="bbox 109 926 173 957">
    <p class='ocr_par' dir='ltr' id='par_1_2' title="bbox 109 926 173 957">
     <span class='ocr_line' id='line_1_2' title="bbox 109 926 173 957; baseline 0 0"><span class='ocrx_word' id='word_1_2' title='bbox 109 926 173 957; x_wconf 84' lang='lat'>265</span> 
     </span>
    </p>
   </div>
   <div class='ocr_carea' id='block_1_3' title="bbox 130 1091 160 1116">
    <p class='ocr_par' dir='ltr' id='par_1_3' title="bbox 130 1091 160 1116">
     <span class='ocr_line' id='line_1_3' title="bbox 130 1091 160 1116; baseline 0 0"><span class='ocrx_word' id='word_1_3' title='bbox 130 1091 160 1116; x_wconf 89' lang='grc'>15</span> 
     </span>
    </p>
   </div>
   <div class='ocr_carea' id='block_1_4' title="bbox 126 1357 159 1382">
    <p class='ocr_par' dir='ltr' id='par_1_4' title="bbox 126 1357 159 1382">
     <span class='ocr_line' id='line_1_4' title="bbox 126 1357 159 1382; baseline 0.03 -1"><span class='ocrx_word' id='word_1_4' title='bbox 126 1357 159 1382; x_wconf 89' lang='grc'>20</span> 
     </span>
    </p>
   </div>
   <div class='ocr_carea' id='block_1_5' title="bbox 125 1623 158 1648">
    <p class='ocr_par' dir='ltr' id='par_1_5' title="bbox 125 1623 158 1648">
     <span class='ocr_line' id='line_1_5' title="bbox 125 1623 158 1648; baseline 0.03 -1"><span class='ocrx_word' id='word_1_5' title='bbox 125 1623 158 1648; x_wconf 88' lang='grc'>25</span> 
     </span>
    </p>
   </div>
   <div class='ocr_carea' id='block_1_6' title="bbox 124 1889 158 1914">
    <p class='ocr_par' dir='ltr' id='par_1_6' title="bbox 124 1889 158 1914">
     <span class='ocr_line' id='line_1_6' title="bbox 124 1889 158 1914; baseline 0 0"><span class='ocrx_word' id='word_1_6' title='bbox 124 1889 158 1914; x_wconf 87' lang='lat'>30</span> 
     </span>
    </p>
   </div>
   <div class='ocr_carea' id='block_1_7' title="bbox 124 2155 156 2179">
    <p class='ocr_par' dir='ltr' id='par_1_7' title="bbox 124 2155 156 2179">
     <span class='ocr_line' id='line_1_7' title="bbox 124 2155 156 2179; baseline 0 0"><span class='ocrx_word' id='word_1_7' title='bbox 124 2155 156 2179; x_wconf 89' lang='grc'>35</span> 
     </span>
    </p>
   </div>
   <div class='ocr_carea' id='block_1_8' title="bbox 124 2420 158 2445">
    <p class='ocr_par' dir='ltr' id='par_1_8' title="bbox 124 2420 158 2445">
     <span class='ocr_line' id='line_1_8' title="bbox 124 2420 158 2445; baseline 0.029 -1"><span class='ocrx_word' id='word_1_8' title='bbox 124 2420 158 2445; x_wconf 84' lang='lat'>40</span> 
     </span>
    </p>
   </div>
   <div class='ocr_carea' id='block_1_9' title="bbox 105 2520 170 2552">
    <p class='ocr_par' dir='ltr' id='par_1_9' title="bbox 105 2520 170 2552">
     <span class='ocr_line' id='line_1_9' title="bbox 105 2520 170 2552; baseline 0.015 -1"><span class='ocrx_word' id='word_1_9' title='bbox 105 2520 170 2552; x_wconf 83' lang='lat'>266</span> 
     </span>
    </p>
   </div>
   <div class='ocr_carea' id='block_1_10' title="bbox 520 230 1842 270">
    <p class='ocr_par' dir='ltr' id='par_1_10' title="bbox 520 230 1842 270">
     <span class='ocr_line' id='line_1_10' title="bbox 520 230 1842 270; baseline 0.002 -2"><span class='ocrx_word' id='word_1_10' title='bbox 520 230 1040 269; x_wconf 88' lang='lat' dir='ltr'><strong>RECENTIORIBUS</strong></span> <span class='ocrx_word' id='word_1_11' title='bbox 1061 231 1519 270; x_wconf 89' lang='lat' dir='ltr'>PHAENOMENIS</span> <span class='ocrx_word' id='word_1_12' title='bbox 1775 233 1842 270; x_wconf 86' lang='lat'>221</span> 
     </span>
    </p>
   </div>
   <div class='ocr_carea' id='block_1_11' title="bbox 194 335 1844 2616">
    <p class='ocr_par' dir='ltr' id='par_1_11' title="bbox 198 335 1844 916">
     <span class='ocr_line' id='line_1_11' title="bbox 255 335 1843 376; baseline 0.001 -2"><span class='ocrx_word' id='word_1_13' title='bbox 255 336 462 374; x_wconf 88' lang='lat' dir='ltr'>Recensui</span> <span class='ocrx_word' id='word_1_14' title='bbox 484 348 602 374; x_wconf 92' lang='lat' dir='ltr'>nunc</span> <span class='ocrx_word' id='word_1_15' title='bbox 624 335 732 375; x_wconf 69' lang='lat' dir='ltr'>Octo</span> <span class='ocrx_word' id='word_1_16' title='bbox 754 337 964 374; x_wconf 89' lang='lat' dir='ltr'>Moestlini</span> <span class='ocrx_word' id='word_1_17' title='bbox 986 339 1032 374; x_wconf 92' lang='lat' dir='ltr'>in</span> <span class='ocrx_word' id='word_1_18' title='bbox 1054 336 1138 374; x_wconf 88' lang='lat' dir='ltr'>hoc</span> <span class='ocrx_word' id='word_1_19' title='bbox 1160 337 1346 375; x_wconf 90' lang='lat' dir='ltr'>Cometa</span> <span class='ocrx_word' id='word_1_20' title='bbox 1369 338 1541 376; x_wconf 89' lang='lat' dir='ltr'>coelitus</span> <span class='ocrx_word' id='word_1_21' title='bbox 1564 337 1735 376; x_wconf 88' lang='lat' dir='ltr'>habitas</span> <span class='ocrx_word' id='word_1_22' title='bbox 1757 338 1843 376; x_wconf 91' lang='lat' dir='ltr'>Ob-</span> 
     </span>
     <span class='ocr_line' id='line_1_12' title="bbox 200 389 1843 438; baseline 0.001 -11"><span class='ocrx_word' id='word_1_23' title='bbox 200 389 478 433; x_wconf 89' lang='lat' dir='ltr'>seruationes,</span> <span class='ocrx_word' id='word_1_24' title='bbox 496 389 534 427; x_wconf 99' lang='grc'>8(</span> <span class='ocrx_word' id='word_1_25' title='bbox 549 389 658 433; x_wconf 91' lang='lat' dir='ltr'>loca,</span> <span class='ocrx_word' id='word_1_26' title='bbox 675 402 775 436; x_wconf 86' lang='lat' dir='ltr'>quae</span> <span class='ocrx_word' id='word_1_27' title='bbox 788 390 888 427; x_wconf 92' lang='lat' dir='ltr'>inde</span> <span class='ocrx_word' id='word_1_28' title='bbox 901 390 1003 428; x_wconf 90' lang='lat' dir='ltr'>huic</span> <span class='ocrx_word' id='word_1_29' title='bbox 1015 390 1218 434; x_wconf 76' lang='lat' dir='ltr'>attribuit,</span> <span class='ocrx_word' id='word_1_30' title='bbox 1236 402 1288 427; x_wconf 92' lang='lat' dir='ltr'>ex</span> <span class='ocrx_word' id='word_1_31' title='bbox 1305 391 1491 428; x_wconf 87' lang='lat' dir='ltr'>assumtis</span> <span class='ocrx_word' id='word_1_32' title='bbox 1503 391 1739 429; x_wconf 88' lang='lat' dir='ltr'>affixarum</span> <span class='ocrx_word' id='word_1_33' title='bbox 1751 393 1843 438; x_wconf 89' lang='lat' dir='ltr'>qui-</span> 
     </span>
     <span class='ocr_line' id='line_1_13' title="bbox 200 442 1842 490; baseline 0.002 -11"><span class='ocrx_word' id='word_1_34' title='bbox 200 442 281 480; x_wconf 93' lang='lat' dir='ltr'>bus</span> <span class='ocrx_word' id='word_1_35' title='bbox 292 444 434 486; x_wconf 84' lang='lat' dir='ltr'>vtitur,</span> <span class='ocrx_word' id='word_1_36' title='bbox 451 442 813 490; x_wconf 84' lang='lat' dir='ltr'>Longitudinibus</span> <span class='ocrx_word' id='word_1_37' title='bbox 826 443 863 480; x_wconf 87' lang='lat'>&amp;</span> <span class='ocrx_word' id='word_1_38' title='bbox 876 443 1208 487; x_wconf 85' lang='lat' dir='ltr'>Latitudinibus,</span> <span class='ocrx_word' id='word_1_39' title='bbox 1225 445 1346 481; x_wconf 86' lang='lat' dir='ltr'>iuxta</span> <span class='ocrx_word' id='word_1_40' title='bbox 1357 444 1687 482; x_wconf 88' lang='lat' dir='ltr'>Prutenicarum</span> <span class='ocrx_word' id='word_1_41' title='bbox 1699 444 1842 482; x_wconf 90' lang='lat' dir='ltr'>Tabu—</span> 
     </span>
     <span class='ocr_line' id='line_1_14' title="bbox 200 495 1842 543; baseline 0.002 -11"><span class='ocrx_word' id='word_1_42' title='bbox 200 495 343 533; x_wconf 88' lang='lat' dir='ltr'>larum</span> <span class='ocrx_word' id='word_1_43' title='bbox 359 507 580 539; x_wconf 84' lang='lat' dir='ltr'>numerOS,</span> <span class='ocrx_word' id='word_1_44' title='bbox 596 507 618 533; x_wconf 95' lang='lat' dir='ltr'>e</span> <span class='ocrx_word' id='word_1_45' title='bbox 633 496 926 543; x_wconf 90' lang='lat' dir='ltr'>Copernianis</span> <span class='ocrx_word' id='word_1_46' title='bbox 941 496 1238 534; x_wconf 85' lang='lat' dir='ltr'>fundamentis</span> <span class='ocrx_word' id='word_1_47' title='bbox 1254 496 1473 541; x_wconf 88' lang='lat' dir='ltr'>deriuatis,</span> <span class='ocrx_word' id='word_1_48' title='bbox 1491 497 1655 535; x_wconf 89' lang='lat' dir='ltr'>contuli</span> <span class='ocrx_word' id='word_1_49' title='bbox 1667 509 1767 535; x_wconf 92' lang='lat' dir='ltr'>cum</span> <span class='ocrx_word' id='word_1_50' title='bbox 1779 500 1842 541; x_wconf 92' lang='lat' dir='ltr'>iis,</span> 
     </span>
     <span class='ocr_line' id='line_1_15' title="bbox 201 548 1844 596; baseline 0.002 -11"><span class='ocrx_word' id='word_1_51' title='bbox 201 560 300 595; x_wconf 83' lang='lat' dir='ltr'>quae</span> <span class='ocrx_word' id='word_1_52' title='bbox 317 560 370 585; x_wconf 87' lang='lat' dir='ltr'>ex</span> <span class='ocrx_word' id='word_1_53' title='bbox 386 548 535 596; x_wconf 90' lang='lat' dir='ltr'>ijsdem</span> <span class='ocrx_word' id='word_1_54' title='bbox 552 548 808 586; x_wconf 90' lang='lat' dir='ltr'>dedomenis</span> <span class='ocrx_word' id='word_1_55' title='bbox 824 561 900 596; x_wconf 91' lang='lat' dir='ltr'>per</span> <span class='ocrx_word' id='word_1_56' title='bbox 911 549 1155 587; x_wconf 90' lang='lat' dir='ltr'>verificatos</span> <span class='ocrx_word' id='word_1_57' title='bbox 1172 561 1198 586; x_wconf 86' lang='lat' dir='ltr'>a</span> <span class='ocrx_word' id='word_1_58' title='bbox 1214 550 1339 587; x_wconf 87' lang='lat' dir='ltr'>nobis</span> <span class='ocrx_word' id='word_1_59' title='bbox 1356 550 1597 588; x_wconf 90' lang='lat' dir='ltr'>earundem</span> <span class='ocrx_word' id='word_1_60' title='bbox 1610 550 1844 588; x_wconf 86' lang='lat' dir='ltr'>Stellarum</span> 
     </span>
     <span class='ocr_line' id='line_1_16' title="bbox 199 601 1843 651; baseline 0.002 -13"><span class='ocrx_word' id='word_1_61' title='bbox 199 601 371 648; x_wconf 83' lang='lat' dir='ltr'>positus,</span> <span class='ocrx_word' id='word_1_62' title='bbox 393 601 636 639; x_wconf 91' lang='lat' dir='ltr'>eliciuntur.</span> <span class='ocrx_word' id='word_1_63' title='bbox 659 602 722 639; x_wconf 84' lang='lat' dir='ltr'>Ex</span> <span class='ocrx_word' id='word_1_64' title='bbox 739 602 897 648; x_wconf 88' lang='lat' dir='ltr'>quibus</span> <span class='ocrx_word' id='word_1_65' title='bbox 913 602 1109 649; x_wconf 91' lang='lat' dir='ltr'>idipsum,</span> <span class='ocrx_word' id='word_1_66' title='bbox 1132 602 1249 649; x_wconf 92' lang='lat' dir='ltr'>quod</span> <span class='ocrx_word' id='word_1_67' title='bbox 1268 605 1388 650; x_wconf 90' lang='lat' dir='ltr'>prius</span> <span class='ocrx_word' id='word_1_68' title='bbox 1404 603 1575 641; x_wconf 89' lang='lat' dir='ltr'>testatus</span> <span class='ocrx_word' id='word_1_69' title='bbox 1591 603 1696 647; x_wconf 89' lang='lat' dir='ltr'>sum,</span> <span class='ocrx_word' id='word_1_70' title='bbox 1718 603 1843 651; x_wconf 93' lang='lat' dir='ltr'>liqui-</span> 
     </span>
     <span class='ocr_line' id='line_1_17' title="bbox 199 654 1843 704; baseline 0.001 -12"><span class='ocrx_word' id='word_1_71' title='bbox 199 654 358 692; x_wconf 90' lang='lat' dir='ltr'>dissime</span> <span class='ocrx_word' id='word_1_72' title='bbox 374 659 502 701; x_wconf 88' lang='lat' dir='ltr'>patet,</span> <span class='ocrx_word' id='word_1_73' title='bbox 519 654 670 693; x_wconf 82' lang='lat' dir='ltr'>frustra</span> <span class='ocrx_word' id='word_1_74' title='bbox 686 656 896 692; x_wconf 89' lang='lat' dir='ltr'>nimirum</span> <span class='ocrx_word' id='word_1_75' title='bbox 912 667 938 693; x_wconf 89' lang='lat' dir='ltr'>a</span> <span class='ocrx_word' id='word_1_76' title='bbox 955 655 1178 692; x_wconf 90' lang='lat' dir='ltr'>Moestlino</span> <span class='ocrx_word' id='word_1_77' title='bbox 1195 657 1240 692; x_wconf 91' lang='lat' dir='ltr'>in</span> <span class='ocrx_word' id='word_1_78' title='bbox 1256 655 1388 693; x_wconf 91' lang='lat' dir='ltr'>huius</span> <span class='ocrx_word' id='word_1_79' title='bbox 1406 656 1604 694; x_wconf 83' lang='lat' dir='ltr'>Cometae</span> <span class='ocrx_word' id='word_1_80' title='bbox 1616 657 1843 704; x_wconf 88' lang='lat' dir='ltr'>Apparen-</span> 
     </span>
     <span class='ocr_line' id='line_1_18' title="bbox 199 707 1843 757; baseline 0.002 -13"><span class='ocrx_word' id='word_1_81' title='bbox 199 709 280 755; x_wconf 90' lang='lat' dir='ltr'>tijs,</span> <span class='ocrx_word' id='word_1_82' title='bbox 300 712 391 744; x_wconf 90' lang='lat' dir='ltr'>tam</span> <span class='ocrx_word' id='word_1_83' title='bbox 406 707 700 754; x_wconf 84' lang='lat' dir='ltr'>scrupulosam</span> <span class='ocrx_word' id='word_1_84' title='bbox 717 708 755 745; x_wconf 91' lang='grc'>8(</span> <span class='ocrx_word' id='word_1_85' title='bbox 771 708 1026 755; x_wconf 78' lang='lat' dir='ltr'>exquisitam</span> <span class='ocrx_word' id='word_1_86' title='bbox 1042 709 1345 746; x_wconf 83' lang='lat' dir='ltr'>certitudinem</span> <span class='ocrx_word' id='word_1_87' title='bbox 1363 711 1659 755; x_wconf 83' lang='lat' dir='ltr'>pronunciari,</span> <span class='ocrx_word' id='word_1_88' title='bbox 1681 721 1734 747; x_wconf 87' lang='lat' dir='ltr'>ex</span> <span class='ocrx_word' id='word_1_89' title='bbox 1755 722 1843 757; x_wconf 93' lang='lat' dir='ltr'>quo</span> 
     </span>
     <span class='ocr_line' id='line_1_19' title="bbox 199 760 1842 810; baseline 0.001 -12"><span class='ocrx_word' id='word_1_90' title='bbox 199 765 289 798; x_wconf 86' lang='lat' dir='ltr'>tam</span> <span class='ocrx_word' id='word_1_91' title='bbox 309 760 536 808; x_wconf 83' lang='lat' dir='ltr'>ambiguis,</span> <span class='ocrx_word' id='word_1_92' title='bbox 559 761 596 798; x_wconf 93' lang='grc'>8(</span> <span class='ocrx_word' id='word_1_93' title='bbox 618 763 753 798; x_wconf 89' lang='lat' dir='ltr'>errori</span> <span class='ocrx_word' id='word_1_94' title='bbox 775 761 967 799; x_wconf 87' lang='lat' dir='ltr'>euidenti</span> <span class='ocrx_word' id='word_1_95' title='bbox 988 762 1099 799; x_wconf 92' lang='lat' dir='ltr'>adeo</span> <span class='ocrx_word' id='word_1_96' title='bbox 1120 761 1322 810; x_wconf 86' lang='lat' dir='ltr'>obnoxijs</span> <span class='ocrx_word' id='word_1_97' title='bbox 1341 764 1503 800; x_wconf 85' lang='lat' dir='ltr'>nitatur</span> <span class='ocrx_word' id='word_1_98' title='bbox 1519 762 1708 800; x_wconf 88' lang='lat' dir='ltr'>fixarum</span> <span class='ocrx_word' id='word_1_99' title='bbox 1724 763 1842 801; x_wconf 87' lang='lat' dir='ltr'>locis.</span> 
     </span>
     <span class='ocr_line' id='line_1_20' title="bbox 199 812 1842 916; baseline 0.002 -65"><span class='ocrx_word' id='word_1_100' title='bbox 199 814 344 916; x_wconf 47' lang='lat' dir='ltr'>Atqui*I</span> <span class='ocrx_word' id='word_1_101' title='bbox 363 812 458 851; x_wconf 89' lang='lat' dir='ltr'>haec</span> <span class='ocrx_word' id='word_1_102' title='bbox 474 814 663 851; x_wconf 89' lang='lat' dir='ltr'>breuiter</span> <span class='ocrx_word' id='word_1_103' title='bbox 678 816 737 852; x_wconf 90' lang='lat' dir='ltr'>ita</span> <span class='ocrx_word' id='word_1_104' title='bbox 754 814 981 855; x_wconf 82' lang='lat' dir='ltr'>ostendisse.</span> <span class='ocrx_word' id='word_1_105' title='bbox 1003 813 1196 858; x_wconf 88' lang='lat' dir='ltr'>sufficiat,</span> <span class='ocrx_word' id='word_1_106' title='bbox 1218 827 1335 852; x_wconf 88' lang='lat' dir='ltr'>nune</span> <span class='ocrx_word' id='word_1_107' title='bbox 1352 815 1407 852; x_wconf 91' lang='lat' dir='ltr'>ad</span> <span class='ocrx_word' id='word_1_108' title='bbox 1424 820 1581 853; x_wconf 85' lang='lat' dir='ltr'>caetera</span> <span class='ocrx_word' id='word_1_109' title='bbox 1596 816 1842 863; x_wconf 86' lang='lat' dir='ltr'>progredia-</span> 
     </span>
     <span class='ocr_line' id='line_1_21' title="bbox 198 878 310 904; baseline 0 0"><span class='ocrx_word' id='word_1_110' title='bbox 198 878 310 904; x_wconf 90' lang='lat' dir='ltr'>mur.</span> 
     </span>
    </p>

    <p class='ocr_par' dir='ltr' id='par_1_12' title="bbox 194 919 1844 2565">
     <span class='ocr_line' id='line_1_22' title="bbox 252 919 1844 968; baseline 0.002 -11"><span class='ocrx_word' id='word_1_111' title='bbox 252 919 463 957; x_wconf 90' lang='lat' dir='ltr'><strong>CAPITE</strong></span> <span class='ocrx_word' id='word_1_112' title='bbox 488 919 756 963; x_wconf 87' lang='lat' dir='ltr'>SEPTIMO,</span> <span class='ocrx_word' id='word_1_113' title='bbox 782 922 974 967; x_wconf 88' lang='lat' dir='ltr'>primum</span> <span class='ocrx_word' id='word_1_114' title='bbox 997 932 1050 957; x_wconf 87' lang='lat' dir='ltr'>ex</span> <span class='ocrx_word' id='word_1_115' title='bbox 1073 920 1238 958; x_wconf 92' lang='lat' dir='ltr'>Circuli</span> <span class='ocrx_word' id='word_1_116' title='bbox 1263 923 1475 967; x_wconf 89' lang='lat' dir='ltr'>portione,</span> <span class='ocrx_word' id='word_1_117' title='bbox 1502 933 1633 968; x_wconf 90' lang='lat' dir='ltr'>quem</span> <span class='ocrx_word' id='word_1_118' title='bbox 1657 922 1844 960; x_wconf 89' lang='lat' dir='ltr'>Cometa</span> 
     </span>
     <span class='ocr_line' id='line_1_23' title="bbox 198 972 1843 1021; baseline 0.001 -11"><span class='ocrx_word' id='word_1_119' title='bbox 198 972 274 1010; x_wconf 91' lang='lat' dir='ltr'>suo</span> <span class='ocrx_word' id='word_1_120' title='bbox 297 977 432 1015; x_wconf 88' lang='lat' dir='ltr'>motu,</span> <span class='ocrx_word' id='word_1_121' title='bbox 455 972 530 1010; x_wconf 91' lang='lat' dir='ltr'>sub</span> <span class='ocrx_word' id='word_1_122' title='bbox 554 973 709 1010; x_wconf 90' lang='lat' dir='ltr'>eodem</span> <span class='ocrx_word' id='word_1_123' title='bbox 732 973 891 1020; x_wconf 92' lang='lat' dir='ltr'>vbique</span> <span class='ocrx_word' id='word_1_124' title='bbox 915 973 1133 1015; x_wconf 90' lang='lat' dir='ltr'>incedens,</span> <span class='ocrx_word' id='word_1_125' title='bbox 1160 973 1382 1021; x_wconf 81' lang='lat' dir='ltr'>descripsit,</span> <span class='ocrx_word' id='word_1_126' title='bbox 1409 974 1536 1011; x_wconf 89' lang='lat' dir='ltr'>infert</span> <span class='ocrx_word' id='word_1_127' title='bbox 1559 986 1661 1012; x_wconf 88' lang='lat' dir='ltr'>eum</span> <span class='ocrx_word' id='word_1_128' title='bbox 1684 987 1775 1012; x_wconf 93' lang='lat' dir='ltr'>non</span> <span class='ocrx_word' id='word_1_129' title='bbox 1798 977 1843 1013; x_wconf 93' lang='lat' dir='ltr'>in</span> 
     </span>
     <span class='ocr_line' id='line_1_24' title="bbox 199 1025 1842 1075; baseline 0.001 -12"><span class='ocrx_word' id='word_1_130' title='bbox 199 1025 463 1063; x_wconf 90' lang='lat' dir='ltr'>Elementari</span> <span class='ocrx_word' id='word_1_131' title='bbox 487 1026 678 1073; x_wconf 86' lang='lat' dir='ltr'>Regione</span> <span class='ocrx_word' id='word_1_132' title='bbox 701 1025 829 1069; x_wconf 90' lang='lat' dir='ltr'>fuisse,</span> <span class='ocrx_word' id='word_1_133' title='bbox 853 1026 1230 1072; x_wconf 88' lang='lat' dir='ltr'>quemadmodum</span> <span class='ocrx_word' id='word_1_134' title='bbox 1251 1027 1288 1064; x_wconf 87' lang='grc'>8(</span> <span class='ocrx_word' id='word_1_135' title='bbox 1309 1039 1390 1064; x_wconf 93' lang='lat' dir='ltr'>nos</span> <span class='ocrx_word' id='word_1_136' title='bbox 1412 1027 1604 1075; x_wconf 87' lang='lat' dir='ltr'>generali</span> <span class='ocrx_word' id='word_1_137' title='bbox 1625 1028 1758 1065; x_wconf 90' lang='lat' dir='ltr'>modo</span> <span class='ocrx_word' id='word_1_138' title='bbox 1778 1028 1842 1066; x_wconf 91' lang='lat' dir='ltr'>su-</span> 
     </span>
     <span class='ocr_line' id='line_1_25' title="bbox 197 1078 1842 1128; baseline 0.001 -12"><span class='ocrx_word' id='word_1_139' title='bbox 197 1081 344 1125; x_wconf 89' lang='lat' dir='ltr'>perius</span> <span class='ocrx_word' id='word_1_140' title='bbox 355 1078 626 1121; x_wconf 87' lang='lat' dir='ltr'>induximus;</span> <span class='ocrx_word' id='word_1_141' title='bbox 644 1079 713 1116; x_wconf 91' lang='lat' dir='ltr'>sed</span> <span class='ocrx_word' id='word_1_142' title='bbox 726 1079 1129 1116; x_wconf 85' lang='lat' dir='ltr'>Demonstrationes</span> <span class='ocrx_word' id='word_1_143' title='bbox 1142 1080 1287 1117; x_wconf 92' lang='lat' dir='ltr'>nullas</span> <span class='ocrx_word' id='word_1_144' title='bbox 1299 1082 1344 1117; x_wconf 92' lang='lat' dir='ltr'>in</span> <span class='ocrx_word' id='word_1_145' title='bbox 1356 1080 1551 1118; x_wconf 91' lang='lat' dir='ltr'>medium</span> <span class='ocrx_word' id='word_1_146' title='bbox 1563 1081 1737 1127; x_wconf 88' lang='lat' dir='ltr'>profert,</span> <span class='ocrx_word' id='word_1_147' title='bbox 1750 1084 1842 1128; x_wconf 92' lang='lat' dir='ltr'>qui-</span> 
     </span>
     <span class='ocr_line' id='line_1_26' title="bbox 196 1131 1844 1181; baseline 0.002 -12"><span class='ocrx_word' id='word_1_148' title='bbox 196 1132 277 1169; x_wconf 91' lang='lat' dir='ltr'>bus</span> <span class='ocrx_word' id='word_1_149' title='bbox 302 1131 621 1178; x_wconf 89' lang='lat' dir='ltr'>comprobetur,</span> <span class='ocrx_word' id='word_1_150' title='bbox 652 1132 918 1170; x_wconf 89' lang='lat' dir='ltr'>curriculum</span> <span class='ocrx_word' id='word_1_151' title='bbox 947 1132 1075 1179; x_wconf 81' lang='lat' dir='ltr'>ipsius</span> <span class='ocrx_word' id='word_1_152' title='bbox 1101 1133 1213 1170; x_wconf 88' lang='lat' dir='ltr'>adeo</span> <span class='ocrx_word' id='word_1_153' title='bbox 1239 1133 1480 1171; x_wconf 83' lang='lat' dir='ltr'>constanter</span> <span class='ocrx_word' id='word_1_154' title='bbox 1506 1133 1670 1171; x_wconf 89' lang='lat' dir='ltr'>Circuli</span> <span class='ocrx_word' id='word_1_155' title='bbox 1695 1137 1844 1181; x_wconf 85' lang='lat' dir='ltr'>magni</span> 
     </span>
     <span class='ocr_line' id='line_1_27' title="bbox 197 1184 1842 1233; baseline 0.002 -11"><span class='ocrx_word' id='word_1_156' title='bbox 197 1184 374 1223; x_wconf 56' lang='lat' dir='ltr'>duetum</span> <span class='ocrx_word' id='word_1_157' title='bbox 396 1185 648 1228; x_wconf 90' lang='lat' dir='ltr'>obseruasse;</span> <span class='ocrx_word' id='word_1_158' title='bbox 669 1185 712 1222; x_wconf 94' lang='lat' dir='ltr'>id</span> <span class='ocrx_word' id='word_1_159' title='bbox 733 1185 851 1232; x_wconf 93' lang='lat' dir='ltr'>quod</span> <span class='ocrx_word' id='word_1_160' title='bbox 872 1190 1047 1233; x_wconf 88' lang='lat' dir='ltr'>propter</span> <span class='ocrx_word' id='word_1_161' title='bbox 1068 1197 1155 1229; x_wconf 89' lang='lat' dir='ltr'>eos,</span> <span class='ocrx_word' id='word_1_162' title='bbox 1177 1188 1252 1233; x_wconf 92' lang='lat' dir='ltr'>qui</span> <span class='ocrx_word' id='word_1_163' title='bbox 1274 1186 1459 1233; x_wconf 90' lang='lat' dir='ltr'>idipsum</span> <span class='ocrx_word' id='word_1_164' title='bbox 1480 1198 1606 1233; x_wconf 85' lang='lat' dir='ltr'>aeque</span> <span class='ocrx_word' id='word_1_165' title='bbox 1623 1186 1761 1231; x_wconf 86' lang='lat' dir='ltr'>facile,</span> <span class='ocrx_word' id='word_1_166' title='bbox 1782 1192 1842 1225; x_wconf 89' lang='lat' dir='ltr'>at-</span> 
     </span>
     <span class='ocr_line' id='line_1_28' title="bbox 197 1237 1842 1287; baseline 0.002 -12"><span class='ocrx_word' id='word_1_167' title='bbox 197 1250 282 1285; x_wconf 91' lang='lat' dir='ltr'>que</span> <span class='ocrx_word' id='word_1_168' title='bbox 298 1240 334 1275; x_wconf 90' lang='lat' dir='ltr'>is</span> <span class='ocrx_word' id='word_1_169' title='bbox 350 1239 568 1281; x_wconf 87' lang='lat' dir='ltr'>asseuerat,</span> <span class='ocrx_word' id='word_1_170' title='bbox 585 1238 663 1276; x_wconf 86' lang='lat' dir='ltr'>nifi</span> <span class='ocrx_word' id='word_1_171' title='bbox 679 1237 867 1276; x_wconf 65' lang='lat' dir='ltr'>conuicti</span> <span class='ocrx_word' id='word_1_172' title='bbox 883 1238 1036 1283; x_wconf 88' lang='lat' dir='ltr'>forent,</span> <span class='ocrx_word' id='word_1_173' title='bbox 1055 1241 1100 1276; x_wconf 93' lang='lat' dir='ltr'>in</span> <span class='ocrx_word' id='word_1_174' title='bbox 1117 1239 1300 1277; x_wconf 90' lang='lat' dir='ltr'>dubium</span> <span class='ocrx_word' id='word_1_175' title='bbox 1312 1251 1483 1283; x_wconf 89' lang='lat' dir='ltr'>vocare,</span> <span class='ocrx_word' id='word_1_176' title='bbox 1500 1240 1569 1277; x_wconf 92' lang='lat' dir='ltr'>vel</span> <span class='ocrx_word' id='word_1_177' title='bbox 1585 1240 1758 1287; x_wconf 90' lang='lat' dir='ltr'>prorsus</span> <span class='ocrx_word' id='word_1_178' title='bbox 1773 1241 1842 1278; x_wconf 94' lang='lat' dir='ltr'>de-</span> 
     </span>
     <span class='ocr_line' id='line_1_29' title="bbox 197 1291 1843 1340; baseline 0.002 -12"><span class='ocrx_word' id='word_1_179' title='bbox 197 1302 356 1339; x_wconf 87' lang='lat' dir='ltr'>negare</span> <span class='ocrx_word' id='word_1_180' title='bbox 381 1292 553 1338; x_wconf 88' lang='lat' dir='ltr'>possent,</span> <span class='ocrx_word' id='word_1_181' title='bbox 583 1291 678 1329; x_wconf 90' lang='lat' dir='ltr'>fieri</span> <span class='ocrx_word' id='word_1_182' title='bbox 704 1293 911 1339; x_wconf 88' lang='lat' dir='ltr'>oportuit;</span> <span class='ocrx_word' id='word_1_183' title='bbox 941 1291 1191 1339; x_wconf 84' lang='lat' dir='ltr'>praesertim,</span> <span class='ocrx_word' id='word_1_184' title='bbox 1222 1305 1322 1330; x_wconf 92' lang='lat' dir='ltr'>cum</span> <span class='ocrx_word' id='word_1_185' title='bbox 1347 1293 1629 1340; x_wconf 90' lang='lat' dir='ltr'>quorundam</span> <span class='ocrx_word' id='word_1_186' title='bbox 1653 1293 1843 1331; x_wconf 90' lang='lat' dir='ltr'>aliorum</span> 
     </span>
     <span class='ocr_line' id='line_1_30' title="bbox 196 1344 1842 1393; baseline 0.002 -11"><span class='ocrx_word' id='word_1_187' title='bbox 196 1344 611 1387; x_wconf 74' lang='lat' dir='ltr'>animaduersiones,</span> <span class='ocrx_word' id='word_1_188' title='bbox 625 1345 834 1383; x_wconf 90' lang='lat' dir='ltr'>dissimilia</span> <span class='ocrx_word' id='word_1_189' title='bbox 846 1345 1032 1383; x_wconf 84' lang='lat' dir='ltr'>astruere</span> <span class='ocrx_word' id='word_1_190' title='bbox 1044 1345 1287 1384; x_wconf 89' lang='lat' dir='ltr'>videantur.</span> <span class='ocrx_word' id='word_1_191' title='bbox 1300 1346 1432 1384; x_wconf 90' lang='lat' dir='ltr'>Addit</span> <span class='ocrx_word' id='word_1_192' title='bbox 1442 1346 1586 1393; x_wconf 89' lang='lat' dir='ltr'>postea</span> <span class='ocrx_word' id='word_1_193' title='bbox 1597 1346 1842 1391; x_wconf 88' lang='lat' dir='ltr'>Canonem,</span> 
     </span>
     <span class='ocr_line' id='line_1_31' title="bbox 197 1398 1842 1447; baseline 0.002 -12"><span class='ocrx_word' id='word_1_194' title='bbox 197 1399 272 1445; x_wconf 91' lang='lat' dir='ltr'>qui</span> <span class='ocrx_word' id='word_1_195' title='bbox 287 1400 477 1445; x_wconf 89' lang='lat' dir='ltr'>partium</span> <span class='ocrx_word' id='word_1_196' title='bbox 490 1398 666 1442; x_wconf 89' lang='lat' dir='ltr'>Circuli,</span> <span class='ocrx_word' id='word_1_197' title='bbox 683 1398 758 1436; x_wconf 93' lang='lat' dir='ltr'>sub</span> <span class='ocrx_word' id='word_1_198' title='bbox 771 1410 858 1445; x_wconf 94' lang='lat' dir='ltr'>quo</span> <span class='ocrx_word' id='word_1_199' title='bbox 872 1398 1057 1436; x_wconf 89' lang='lat' dir='ltr'>Cometa</span> <span class='ocrx_word' id='word_1_200' title='bbox 1068 1400 1343 1443; x_wconf 89' lang='lat' dir='ltr'>mouebatur,</span> <span class='ocrx_word' id='word_1_201' title='bbox 1360 1399 1415 1438; x_wconf 94' lang='lat' dir='ltr'>ab</span> <span class='ocrx_word' id='word_1_202' title='bbox 1428 1399 1635 1447; x_wconf 89' lang='lat' dir='ltr'>Ecliptica</span> <span class='ocrx_word' id='word_1_203' title='bbox 1646 1400 1842 1447; x_wconf 90' lang='lat' dir='ltr'>obliqua-</span> 
     </span>
     <span class='ocr_line' id='line_1_32' title="bbox 195 1450 1842 1501; baseline 0.001 -13"><span class='ocrx_word' id='word_1_204' title='bbox 195 1452 361 1489; x_wconf 87' lang='lat' dir='ltr'>tionem</span> <span class='ocrx_word' id='word_1_205' title='bbox 371 1450 556 1489; x_wconf 89' lang='lat' dir='ltr'>exhibet.</span> <span class='ocrx_word' id='word_1_206' title='bbox 568 1451 734 1489; x_wconf 94' lang='lat' dir='ltr'>Locum</span> <span class='ocrx_word' id='word_1_207' title='bbox 744 1450 1057 1490; x_wconf 66' lang='lat' dir='ltr'>Interfectionis</span> <span class='ocrx_word' id='word_1_208' title='bbox 1066 1451 1199 1490; x_wconf 91' lang='lat' dir='ltr'>huius</span> <span class='ocrx_word' id='word_1_209' title='bbox 1210 1453 1374 1491; x_wconf 86' lang='lat' dir='ltr'>Circuli</span> <span class='ocrx_word' id='word_1_210' title='bbox 1385 1453 1583 1491; x_wconf 85' lang='lat' dir='ltr'>Cometae</span> <span class='ocrx_word' id='word_1_211' title='bbox 1594 1465 1694 1490; x_wconf 90' lang='lat' dir='ltr'>curn</span> <span class='ocrx_word' id='word_1_212' title='bbox 1704 1453 1842 1501; x_wconf 90' lang='lat' dir='ltr'>Eclip-</span> 
     </span>
     <span class='ocr_line' id='line_1_33' title="bbox 195 1504 1841 1553; baseline 0.002 -12"><span class='ocrx_word' id='word_1_213' title='bbox 195 1506 291 1548; x_wconf 88' lang='lat' dir='ltr'>tica,</span> <span class='ocrx_word' id='word_1_214' title='bbox 308 1505 474 1542; x_wconf 89' lang='lat' dir='ltr'>assumit</span> <span class='ocrx_word' id='word_1_215' title='bbox 490 1506 535 1542; x_wconf 89' lang='lat' dir='ltr'>in</span> <span class='ocrx_word' id='word_1_216' title='bbox 551 1504 593 1542; x_wconf 92' lang='lat' dir='ltr'>P.</span> <span class='ocrx_word' id='word_1_217' title='bbox 606 1504 647 1541; x_wconf 88' lang='lat'>21</span> <span class='ocrx_word' id='word_1_218' title='bbox 666 1509 722 1547; x_wconf 47' lang='lat' dir='ltr'>a,</span> <span class='ocrx_word' id='word_1_219' title='bbox 740 1507 935 1551; x_wconf 92' lang='lat' dir='ltr'>quinque</span> <span class='ocrx_word' id='word_1_220' title='bbox 951 1505 1101 1542; x_wconf 88' lang='lat' dir='ltr'>saltem</span> <span class='ocrx_word' id='word_1_221' title='bbox 1116 1505 1338 1553; x_wconf 85' lang='lat' dir='ltr'>scrupulis,</span> <span class='ocrx_word' id='word_1_222' title='bbox 1356 1506 1520 1544; x_wconf 90' lang='lat' dir='ltr'>nullius</span> <span class='ocrx_word' id='word_1_223' title='bbox 1537 1506 1620 1544; x_wconf 92' lang='lat' dir='ltr'>hoc</span> <span class='ocrx_word' id='word_1_224' title='bbox 1636 1506 1734 1544; x_wconf 89' lang='lat' dir='ltr'>loco</span> <span class='ocrx_word' id='word_1_225' title='bbox 1750 1518 1841 1544; x_wconf 91' lang='lat' dir='ltr'>mo-</span> 
     </span>
     <span class='ocr_line' id='line_1_34' title="bbox 195 1557 1842 1606; baseline 0.002 -12"><span class='ocrx_word' id='word_1_226' title='bbox 195 1559 343 1601; x_wconf 92' lang='lat' dir='ltr'>menti,</span> <span class='ocrx_word' id='word_1_227' title='bbox 365 1557 517 1595; x_wconf 90' lang='lat' dir='ltr'>nostris</span> <span class='ocrx_word' id='word_1_228' title='bbox 533 1559 724 1595; x_wconf 90' lang='lat' dir='ltr'>inuentis</span> <span class='ocrx_word' id='word_1_229' title='bbox 740 1558 1001 1595; x_wconf 89' lang='lat' dir='ltr'>vlteriorem.</span> <span class='ocrx_word' id='word_1_230' title='bbox 1024 1559 1251 1606; x_wconf 86' lang='lat' dir='ltr'>Angulum</span> <span class='ocrx_word' id='word_1_231' title='bbox 1267 1571 1372 1597; x_wconf 91' lang='lat' dir='ltr'>vero</span> <span class='ocrx_word' id='word_1_232' title='bbox 1389 1558 1513 1597; x_wconf 71' lang='lat' dir='ltr'>did‘tae</span> <span class='ocrx_word' id='word_1_233' title='bbox 1530 1559 1842 1606; x_wconf 87' lang='lat' dir='ltr'>obliquationis</span> 
     </span>
     <span class='ocr_line' id='line_1_35' title="bbox 195 1610 1842 1660; baseline 0.002 -13"><span class='ocrx_word' id='word_1_234' title='bbox 195 1612 442 1648; x_wconf 89' lang='lat' dir='ltr'>maximum</span> <span class='ocrx_word' id='word_1_235' title='bbox 453 1610 593 1648; x_wconf 88' lang='lat' dir='ltr'>statuit</span> <span class='ocrx_word' id='word_1_236' title='bbox 604 1611 654 1648; x_wconf 85' lang='lat'>29</span> <span class='ocrx_word' id='word_1_237' title='bbox 665 1613 856 1657; x_wconf 90' lang='lat' dir='ltr'>partium</span> <span class='ocrx_word' id='word_1_238' title='bbox 868 1613 1015 1649; x_wconf 91' lang='lat' dir='ltr'>minus</span> <span class='ocrx_word' id='word_1_239' title='bbox 1026 1612 1198 1650; x_wconf 91' lang='lat' dir='ltr'>duobus</span> <span class='ocrx_word' id='word_1_240' title='bbox 1210 1612 1431 1660; x_wconf 89' lang='lat' dir='ltr'>scrupulis,</span> <span class='ocrx_word' id='word_1_241' title='bbox 1449 1624 1581 1659; x_wconf 92' lang='lat' dir='ltr'>quem</span> <span class='ocrx_word' id='word_1_242' title='bbox 1593 1624 1674 1650; x_wconf 88' lang='lat' dir='ltr'>nos</span> <span class='ocrx_word' id='word_1_243' title='bbox 1686 1618 1842 1659; x_wconf 87' lang='lat' dir='ltr'>quarta</span> 
     </span>
     <span class='ocr_line' id='line_1_36' title="bbox 196 1664 1840 1712; baseline 0.001 -11"><span class='ocrx_word' id='word_1_244' title='bbox 196 1665 362 1701; x_wconf 90' lang='lat' dir='ltr'>circiter</span> <span class='ocrx_word' id='word_1_245' title='bbox 377 1668 498 1711; x_wconf 89' lang='lat' dir='ltr'>parte</span> <span class='ocrx_word' id='word_1_246' title='bbox 514 1664 673 1711; x_wconf 85' lang='lat' dir='ltr'>gradus</span> <span class='ocrx_word' id='word_1_247' title='bbox 684 1666 900 1702; x_wconf 89' lang='lat' dir='ltr'>maiorem</span> <span class='ocrx_word' id='word_1_248' title='bbox 912 1664 1294 1712; x_wconf 89' lang='lat' dir='ltr'>deprehendimus.</span> <span class='ocrx_word' id='word_1_249' title='bbox 1313 1666 1426 1711; x_wconf 86' lang='lat' dir='ltr'>Quae</span> <span class='ocrx_word' id='word_1_250' title='bbox 1440 1668 1571 1703; x_wconf 89' lang='lat' dir='ltr'>etiam</span> <span class='ocrx_word' id='word_1_251' title='bbox 1584 1665 1840 1711; x_wconf 81' lang='lat' dir='ltr'>differentia,</span> 
     </span>
     <span class='ocr_line' id='line_1_37' title="bbox 195 1716 1841 1766; baseline 0.002 -12"><span class='ocrx_word' id='word_1_252' title='bbox 195 1719 239 1754; x_wconf 92' lang='lat' dir='ltr'>in</span> <span class='ocrx_word' id='word_1_253' title='bbox 256 1717 331 1754; x_wconf 86' lang='lat' dir='ltr'>tali</span> <span class='ocrx_word' id='word_1_254' title='bbox 348 1716 459 1760; x_wconf 89' lang='lat' dir='ltr'>casu,</span> <span class='ocrx_word' id='word_1_255' title='bbox 477 1729 568 1754; x_wconf 90' lang='lat' dir='ltr'>non</span> <span class='ocrx_word' id='word_1_256' title='bbox 583 1719 731 1764; x_wconf 84' lang='lat' dir='ltr'>magni</span> <span class='ocrx_word' id='word_1_257' title='bbox 748 1717 803 1754; x_wconf 89' lang='lat' dir='ltr'>est</span> <span class='ocrx_word' id='word_1_258' title='bbox 819 1717 1037 1764; x_wconf 88' lang='lat' dir='ltr'>ponderis,</span> <span class='ocrx_word' id='word_1_259' title='bbox 1059 1730 1139 1756; x_wconf 92' lang='lat' dir='ltr'>nec</span> <span class='ocrx_word' id='word_1_260' title='bbox 1156 1719 1267 1756; x_wconf 90' lang='lat' dir='ltr'>adeo</span> <span class='ocrx_word' id='word_1_261' title='bbox 1284 1719 1385 1756; x_wconf 93' lang='lat' dir='ltr'>inde</span> <span class='ocrx_word' id='word_1_262' title='bbox 1401 1719 1700 1766; x_wconf 88' lang='lat' dir='ltr'>proueniebat‚</span> <span class='ocrx_word' id='word_1_263' title='bbox 1723 1720 1841 1766; x_wconf 91' lang='lat' dir='ltr'>quod</span> 
     </span>
     <span class='ocr_line' id='line_1_38' title="bbox 196 1769 1841 1819; baseline 0.002 -12"><span class='ocrx_word' id='word_1_264' title='bbox 196 1769 443 1807; x_wconf 90' lang='lat' dir='ltr'>Moestlinus</span> <span class='ocrx_word' id='word_1_265' title='bbox 459 1770 565 1808; x_wconf 90' lang='lat' dir='ltr'>locis</span> <span class='ocrx_word' id='word_1_266' title='bbox 581 1770 817 1808; x_wconf 86' lang='lat' dir='ltr'>affixarum</span> <span class='ocrx_word' id='word_1_267' title='bbox 833 1782 924 1808; x_wconf 93' lang='lat' dir='ltr'>non</span> <span class='ocrx_word' id='word_1_268' title='bbox 940 1771 1149 1815; x_wconf 88' lang='lat' dir='ltr'>restitutis,</span> <span class='ocrx_word' id='word_1_269' title='bbox 1167 1774 1212 1809; x_wconf 96' lang='lat' dir='ltr'>in</span> <span class='ocrx_word' id='word_1_270' title='bbox 1224 1772 1487 1819; x_wconf 82' lang='lat' dir='ltr'>designanda</span> <span class='ocrx_word' id='word_1_271' title='bbox 1498 1771 1630 1810; x_wconf 89' lang='lat' dir='ltr'>huius</span> <span class='ocrx_word' id='word_1_272' title='bbox 1643 1772 1841 1810; x_wconf 84' lang='lat' dir='ltr'>Cometae</span> 
     </span>
     <span class='ocr_line' id='line_1_39' title="bbox 195 1823 1840 1872; baseline 0.002 -12"><span class='ocrx_word' id='word_1_273' title='bbox 195 1823 485 1870; x_wconf 86' lang='lat' dir='ltr'>Longitudine</span> <span class='ocrx_word' id='word_1_274' title='bbox 507 1823 545 1861; x_wconf 91' lang='grc'>8(</span> <span class='ocrx_word' id='word_1_275' title='bbox 566 1823 813 1861; x_wconf 91' lang='lat' dir='ltr'>Latitudine</span> <span class='ocrx_word' id='word_1_276' title='bbox 836 1823 934 1861; x_wconf 91' lang='lat' dir='ltr'>vsus</span> <span class='ocrx_word' id='word_1_277' title='bbox 956 1824 1096 1867; x_wconf 82' lang='lat' dir='ltr'>fuerit,</span> <span class='ocrx_word' id='word_1_278' title='bbox 1119 1825 1238 1862; x_wconf 91' lang='lat' dir='ltr'>velut</span> <span class='ocrx_word' id='word_1_279' title='bbox 1261 1827 1306 1862; x_wconf 93' lang='lat' dir='ltr'>in</span> <span class='ocrx_word' id='word_1_280' title='bbox 1329 1825 1686 1863; x_wconf 90' lang='lat' dir='ltr'>antecedentibus</span> <span class='ocrx_word' id='word_1_281' title='bbox 1708 1831 1840 1872; x_wconf 87' lang='lat' dir='ltr'>patet;</span> 
     </span>
     <span class='ocr_line' id='line_1_40' title="bbox 195 1876 1841 1925; baseline 0.002 -12"><span class='ocrx_word' id='word_1_282' title='bbox 195 1876 265 1914; x_wconf 91' lang='lat' dir='ltr'>sed</span> <span class='ocrx_word' id='word_1_283' title='bbox 285 1876 424 1914; x_wconf 94' lang='lat' dir='ltr'>multo</span> <span class='ocrx_word' id='word_1_284' title='bbox 446 1878 589 1923; x_wconf 92' lang='lat' dir='ltr'>potius</span> <span class='ocrx_word' id='word_1_285' title='bbox 611 1879 715 1923; x_wconf 92' lang='lat' dir='ltr'>quia</span> <span class='ocrx_word' id='word_1_286' title='bbox 735 1888 812 1924; x_wconf 91' lang='lat' dir='ltr'>per</span> <span class='ocrx_word' id='word_1_287' title='bbox 828 1876 953 1914; x_wconf 90' lang='lat' dir='ltr'>filum</span> <span class='ocrx_word' id='word_1_288' title='bbox 970 1877 1333 1916; x_wconf 88' lang='lat' dir='ltr'>Obseruationem</span> <span class='ocrx_word' id='word_1_289' title='bbox 1349 1878 1446 1916; x_wconf 88' lang='lat' dir='ltr'>satis</span> <span class='ocrx_word' id='word_1_290' title='bbox 1463 1877 1660 1917; x_wconf 67' lang='lat' dir='ltr'>exactam</span> <span class='ocrx_word' id='word_1_291' title='bbox 1677 1890 1841 1925; x_wconf 90' lang='lat' dir='ltr'>nequa-</span> 
     </span>
     <span class='ocr_line' id='line_1_41' title="bbox 195 1929 1841 1979; baseline 0.002 -13"><span class='ocrx_word' id='word_1_292' title='bbox 195 1941 330 1976; x_wconf 90' lang='lat' dir='ltr'>quam</span> <span class='ocrx_word' id='word_1_293' title='bbox 347 1929 542 1967; x_wconf 91' lang='lat' dir='ltr'>obtinere</span> <span class='ocrx_word' id='word_1_294' title='bbox 558 1929 689 1974; x_wconf 90' lang='lat' dir='ltr'>licuit,</span> <span class='ocrx_word' id='word_1_295' title='bbox 711 1929 766 1967; x_wconf 93' lang='lat' dir='ltr'>ob</span> <span class='ocrx_word' id='word_1_296' title='bbox 784 1930 934 1968; x_wconf 90' lang='lat' dir='ltr'>causas</span> <span class='ocrx_word' id='word_1_297' title='bbox 954 1930 1082 1977; x_wconf 90' lang='lat' dir='ltr'>supra</span> <span class='ocrx_word' id='word_1_298' title='bbox 1100 1932 1328 1975; x_wconf 90' lang='lat' dir='ltr'>indicatas;</span> <span class='ocrx_word' id='word_1_299' title='bbox 1350 1931 1388 1969; x_wconf 89' lang='grc'>8(</span> <span class='ocrx_word' id='word_1_300' title='bbox 1409 1932 1498 1979; x_wconf 90' lang='lat' dir='ltr'>ipsa</span> <span class='ocrx_word' id='word_1_301' title='bbox 1514 1943 1581 1969; x_wconf 89' lang='lat' dir='ltr'>res</span> <span class='ocrx_word' id='word_1_302' title='bbox 1599 1932 1757 1976; x_wconf 91' lang='lat' dir='ltr'>docuit,</span> <span class='ocrx_word' id='word_1_303' title='bbox 1775 1932 1841 1969; x_wconf 93' lang='lat' dir='ltr'>In-</span> 
     </span>
     <span class='ocr_line' id='line_1_42' title="bbox 194 1981 1840 2030; baseline 0.001 -10"><span class='ocrx_word' id='word_1_304' title='bbox 194 1981 492 2020; x_wconf 67' lang='lat' dir='ltr'>tersedlionem</span> <span class='ocrx_word' id='word_1_305' title='bbox 516 1995 541 2020; x_wconf 89' lang='lat' dir='ltr'>a</span> <span class='ocrx_word' id='word_1_306' title='bbox 565 1988 755 2030; x_wconf 90' lang='lat' dir='ltr'>quatuor</span> <span class='ocrx_word' id='word_1_307' title='bbox 780 1983 921 2021; x_wconf 91' lang='lat' dir='ltr'>Stellis</span> <span class='ocrx_word' id='word_1_308' title='bbox 946 1984 1219 2022; x_wconf 89' lang='lat' dir='ltr'>transuerfim</span> <span class='ocrx_word' id='word_1_309' title='bbox 1244 1983 1415 2029; x_wconf 65' lang='lat' dir='ltr'>faciam,</span> <span class='ocrx_word' id='word_1_310' title='bbox 1441 1997 1533 2022; x_wconf 94' lang='lat' dir='ltr'>non</span> <span class='ocrx_word' id='word_1_311' title='bbox 1557 1985 1742 2023; x_wconf 87' lang='lat' dir='ltr'>incidisse</span> <span class='ocrx_word' id='word_1_312' title='bbox 1768 1985 1840 2023; x_wconf 93' lang='lat' dir='ltr'>ad-</span> 
     </span>
     <span class='ocr_line' id='line_1_43' title="bbox 195 2035 1840 2085; baseline 0.002 -12"><span class='ocrx_word' id='word_1_313' title='bbox 195 2036 389 2073; x_wconf 90' lang='lat' dir='ltr'>amussim</span> <span class='ocrx_word' id='word_1_314' title='bbox 399 2038 445 2073; x_wconf 93' lang='lat' dir='ltr'>in</span> <span class='ocrx_word' id='word_1_315' title='bbox 454 2035 718 2083; x_wconf 86' lang='lat' dir='ltr'>praefinitam</span> <span class='ocrx_word' id='word_1_316' title='bbox 726 2036 924 2074; x_wconf 85' lang='lat' dir='ltr'>Cometae</span> <span class='ocrx_word' id='word_1_317' title='bbox 934 2039 1064 2074; x_wconf 89' lang='lat' dir='ltr'>viam.</span> <span class='ocrx_word' id='word_1_318' title='bbox 1076 2038 1204 2075; x_wconf 89' lang='lat' dir='ltr'>Alius</span> <span class='ocrx_word' id='word_1_319' title='bbox 1215 2040 1333 2075; x_wconf 93' lang='lat' dir='ltr'>enim</span> <span class='ocrx_word' id='word_1_320' title='bbox 1343 2038 1471 2085; x_wconf 86' lang='lat' dir='ltr'>ipsius</span> <span class='ocrx_word' id='word_1_321' title='bbox 1481 2038 1603 2075; x_wconf 91' lang='lat' dir='ltr'>locus</span> <span class='ocrx_word' id='word_1_322' title='bbox 1613 2038 1840 2081; x_wconf 88' lang='lat' dir='ltr'>euadebat,</span> 
     </span>
     <span class='ocr_line' id='line_1_44' title="bbox 194 2088 1840 2137; baseline 0.002 -11"><span class='ocrx_word' id='word_1_323' title='bbox 194 2088 224 2126; x_wconf 89' lang='lat' dir='ltr'>fi</span> <span class='ocrx_word' id='word_1_324' title='bbox 245 2100 298 2126; x_wconf 92' lang='lat' dir='ltr'>eo</span> <span class='ocrx_word' id='word_1_325' title='bbox 318 2089 452 2127; x_wconf 93' lang='lat' dir='ltr'>modo</span> <span class='ocrx_word' id='word_1_326' title='bbox 471 2101 497 2127; x_wconf 94' lang='lat' dir='ltr'>a</span> <span class='ocrx_word' id='word_1_327' title='bbox 516 2094 705 2136; x_wconf 91' lang='lat' dir='ltr'>quatuor</span> <span class='ocrx_word' id='word_1_328' title='bbox 721 2090 849 2133; x_wconf 86' lang='lat' dir='ltr'>Fixis‚</span> <span class='ocrx_word' id='word_1_329' title='bbox 871 2101 947 2137; x_wconf 90' lang='lat' dir='ltr'>per</span> <span class='ocrx_word' id='word_1_330' title='bbox 967 2089 1092 2128; x_wconf 91' lang='lat' dir='ltr'>binas</span> <span class='ocrx_word' id='word_1_331' title='bbox 1112 2090 1252 2129; x_wconf 90' lang='lat' dir='ltr'>lineas</span> <span class='ocrx_word' id='word_1_332' title='bbox 1272 2091 1312 2129; x_wconf 91' lang='lat' dir='ltr'>se</span> <span class='ocrx_word' id='word_1_333' title='bbox 1333 2093 1524 2129; x_wconf 91' lang='lat' dir='ltr'>inuicem</span> <span class='ocrx_word' id='word_1_334' title='bbox 1544 2091 1748 2135; x_wconf 84' lang='lat' dir='ltr'>secantes,</span> <span class='ocrx_word' id='word_1_335' title='bbox 1770 2092 1840 2129; x_wconf 92' lang='lat' dir='ltr'>de-</span> 
     </span>
     <span class='ocr_line' id='line_1_45' title="bbox 194 2142 1840 2189; baseline 0.002 -10"><span class='ocrx_word' id='word_1_336' title='bbox 194 2147 478 2189; x_wconf 88' lang='lat' dir='ltr'>promeretur,</span> <span class='ocrx_word' id='word_1_337' title='bbox 501 2154 635 2189; x_wconf 93' lang='lat' dir='ltr'>quam</span> <span class='ocrx_word' id='word_1_338' title='bbox 652 2142 681 2180; x_wconf 86' lang='lat' dir='ltr'>fi</span> <span class='ocrx_word' id='word_1_339' title='bbox 697 2155 723 2180; x_wconf 91' lang='lat' dir='ltr'>a</span> <span class='ocrx_word' id='word_1_340' title='bbox 739 2142 910 2180; x_wconf 89' lang='lat' dir='ltr'>duabus</span> <span class='ocrx_word' id='word_1_341' title='bbox 926 2143 1087 2187; x_wconf 91' lang='lat' dir='ltr'>saltem,</span> <span class='ocrx_word' id='word_1_342' title='bbox 1109 2143 1304 2182; x_wconf 91' lang='lat' dir='ltr'>adhibita</span> <span class='ocrx_word' id='word_1_343' title='bbox 1321 2144 1518 2182; x_wconf 85' lang='lat' dir='ltr'>Cometae</span> <span class='ocrx_word' id='word_1_344' title='bbox 1535 2146 1619 2188; x_wconf 85' lang='lat' dir='ltr'>via,</span> <span class='ocrx_word' id='word_1_345' title='bbox 1641 2145 1757 2182; x_wconf 91' lang='lat' dir='ltr'>idem</span> <span class='ocrx_word' id='word_1_346' title='bbox 1778 2146 1840 2182; x_wconf 92' lang='lat' dir='ltr'>in-</span> 
     </span>
     <span class='ocr_line' id='line_1_46' title="bbox 194 2195 1840 2244; baseline 0.002 -11"><span class='ocrx_word' id='word_1_347' title='bbox 194 2195 490 2243; x_wconf 86' lang='lat' dir='ltr'>uestigaretur;</span> <span class='ocrx_word' id='word_1_348' title='bbox 508 2196 639 2242; x_wconf 91' lang='lat' dir='ltr'>idque</span> <span class='ocrx_word' id='word_1_349' title='bbox 655 2195 753 2233; x_wconf 86' lang='lat' dir='ltr'>satis</span> <span class='ocrx_word' id='word_1_350' title='bbox 770 2196 951 2233; x_wconf 88' lang='lat' dir='ltr'>notabili</span> <span class='ocrx_word' id='word_1_351' title='bbox 968 2196 1224 2241; x_wconf 86' lang='lat' dir='ltr'>differentia,</span> <span class='ocrx_word' id='word_1_352' title='bbox 1240 2203 1284 2235; x_wconf 90' lang='lat' dir='ltr'>vt</span> <span class='ocrx_word' id='word_1_353' title='bbox 1300 2198 1434 2244; x_wconf 92' lang='lat' dir='ltr'>paulo</span> <span class='ocrx_word' id='word_1_354' title='bbox 1446 2202 1577 2236; x_wconf 86' lang='lat' dir='ltr'>antea</span> <span class='ocrx_word' id='word_1_355' title='bbox 1589 2200 1720 2235; x_wconf 91' lang='lat' dir='ltr'>etiam</span> <span class='ocrx_word' id='word_1_356' title='bbox 1732 2198 1840 2235; x_wconf 91' lang='lat' dir='ltr'>indi-</span> 
     </span>
     <span class='ocr_line' id='line_1_47' title="bbox 195 2248 1840 2298; baseline 0.001 -12"><span class='ocrx_word' id='word_1_357' title='bbox 195 2250 406 2286; x_wconf 89' lang='lat' dir='ltr'>cauimus.</span> <span class='ocrx_word' id='word_1_358' title='bbox 431 2248 710 2296; x_wconf 91' lang='lat' dir='ltr'>Quapropter</span> <span class='ocrx_word' id='word_1_359' title='bbox 730 2261 822 2286; x_wconf 92' lang='lat' dir='ltr'>non</span> <span class='ocrx_word' id='word_1_360' title='bbox 842 2249 974 2296; x_wconf 84' lang='lat' dir='ltr'>Vsque</span> <span class='ocrx_word' id='word_1_361' title='bbox 995 2250 1106 2288; x_wconf 88' lang='lat' dir='ltr'>adeo</span> <span class='ocrx_word' id='word_1_362' title='bbox 1127 2252 1290 2288; x_wconf 91' lang='lat' dir='ltr'>mirum</span> <span class='ocrx_word' id='word_1_363' title='bbox 1310 2251 1492 2295; x_wconf 90' lang='lat' dir='ltr'>videtur,</span> <span class='ocrx_word' id='word_1_364' title='bbox 1517 2251 1635 2298; x_wconf 92' lang='lat' dir='ltr'>quod</span> <span class='ocrx_word' id='word_1_365' title='bbox 1656 2250 1840 2289; x_wconf 89' lang='lat' dir='ltr'>Inclina-</span> 
     </span>
     <span class='ocr_line' id='line_1_48' title="bbox 194 2301 1840 2352; baseline 0.002 -13"><span class='ocrx_word' id='word_1_366' title='bbox 194 2303 359 2339; x_wconf 90' lang='lat' dir='ltr'>tionem</span> <span class='ocrx_word' id='word_1_367' title='bbox 369 2301 535 2340; x_wconf 90' lang='lat' dir='ltr'>Circuli</span> <span class='ocrx_word' id='word_1_368' title='bbox 545 2302 743 2340; x_wconf 86' lang='lat' dir='ltr'>Cometae</span> <span class='ocrx_word' id='word_1_369' title='bbox 755 2302 810 2340; x_wconf 88' lang='lat' dir='ltr'>ad</span> <span class='ocrx_word' id='word_1_370' title='bbox 821 2302 1087 2349; x_wconf 79' lang='lat' dir='ltr'>Eclipticam,</span> <span class='ocrx_word' id='word_1_371' title='bbox 1100 2309 1256 2350; x_wconf 89' lang='lat' dir='ltr'>quarta</span> <span class='ocrx_word' id='word_1_372' title='bbox 1267 2305 1426 2351; x_wconf 86' lang='lat' dir='ltr'>gradus</span> <span class='ocrx_word' id='word_1_373' title='bbox 1437 2310 1558 2352; x_wconf 87' lang='lat' dir='ltr'>parte</span> <span class='ocrx_word' id='word_1_374' title='bbox 1571 2304 1677 2342; x_wconf 91' lang='lat' dir='ltr'>iusto</span> <span class='ocrx_word' id='word_1_375' title='bbox 1689 2303 1840 2342; x_wconf 63' lang='lat' dir='ltr'>aretio-</span> 
     </span>
     <span class='ocr_line' id='line_1_49' title="bbox 194 2355 1839 2404; baseline 0.002 -12"><span class='ocrx_word' id='word_1_376' title='bbox 194 2366 287 2392; x_wconf 89' lang='lat' dir='ltr'>rem</span> <span class='ocrx_word' id='word_1_377' title='bbox 302 2355 534 2393; x_wconf 91' lang='lat' dir='ltr'>reddiderit</span> <span class='ocrx_word' id='word_1_378' title='bbox 547 2355 807 2398; x_wconf 86' lang='lat' dir='ltr'>Moestlinus,</span> <span class='ocrx_word' id='word_1_379' title='bbox 824 2357 926 2400; x_wconf 91' lang='lat' dir='ltr'>imo,</span> <span class='ocrx_word' id='word_1_380' title='bbox 944 2356 1062 2403; x_wconf 91' lang='lat' dir='ltr'>quod</span> <span class='ocrx_word' id='word_1_381' title='bbox 1078 2362 1168 2394; x_wconf 90' lang='lat' dir='ltr'>tam</span> <span class='ocrx_word' id='word_1_382' title='bbox 1179 2369 1314 2404; x_wconf 93' lang='lat' dir='ltr'>prope</span> <span class='ocrx_word' id='word_1_383' title='bbox 1327 2358 1382 2395; x_wconf 92' lang='lat' dir='ltr'>ad</span> <span class='ocrx_word' id='word_1_384' title='bbox 1394 2357 1571 2404; x_wconf 90' lang='lat' dir='ltr'>scopum</span> <span class='ocrx_word' id='word_1_385' title='bbox 1584 2357 1839 2399; x_wconf 85' lang='lat' dir='ltr'>collinearit,</span> 
     </span>
     <span class='ocr_line' id='line_1_50' title="bbox 194 2408 1839 2456; baseline 0.002 -11"><span class='ocrx_word' id='word_1_386' title='bbox 194 2408 333 2445; x_wconf 91' lang='lat' dir='ltr'>multo</span> <span class='ocrx_word' id='word_1_387' title='bbox 354 2408 656 2446; x_wconf 90' lang='lat' dir='ltr'>admirabilius</span> <span class='ocrx_word' id='word_1_388' title='bbox 677 2408 842 2452; x_wconf 85' lang='lat' dir='ltr'>censeo,</span> <span class='ocrx_word' id='word_1_389' title='bbox 863 2409 1073 2456; x_wconf 90' lang='lat' dir='ltr'>fiquidem</span> <span class='ocrx_word' id='word_1_390' title='bbox 1093 2409 1131 2447; x_wconf 87' lang='lat'>&amp;</span> <span class='ocrx_word' id='word_1_391' title='bbox 1150 2409 1499 2448; x_wconf 68' lang='lat' dir='ltr'>Intersetfftionem</span> <span class='ocrx_word' id='word_1_392' title='bbox 1519 2413 1603 2448; x_wconf 85' lang='lat' dir='ltr'>viae</span> <span class='ocrx_word' id='word_1_393' title='bbox 1625 2413 1718 2448; x_wconf 92' lang='lat' dir='ltr'>eius</span> <span class='ocrx_word' id='word_1_394' title='bbox 1740 2422 1839 2447; x_wconf 84' lang='lat' dir='ltr'>curn</span> 
     </span>
     <span class='ocr_line' id='line_1_51' title="bbox 195 2461 1839 2510; baseline 0.001 -12"><span class='ocrx_word' id='word_1_395' title='bbox 195 2461 413 2508; x_wconf 88' lang='lat' dir='ltr'>Ecliptica,</span> <span class='ocrx_word' id='word_1_396' title='bbox 434 2461 570 2499; x_wconf 89' lang='lat' dir='ltr'>ferme</span> <span class='ocrx_word' id='word_1_397' title='bbox 587 2462 774 2500; x_wconf 92' lang='lat' dir='ltr'>eandem</span> <span class='ocrx_word' id='word_1_398' title='bbox 790 2462 1026 2507; x_wconf 84' lang='lat' dir='ltr'>nobiscum,</span> <span class='ocrx_word' id='word_1_399' title='bbox 1047 2474 1100 2500; x_wconf 87' lang='lat' dir='ltr'>ex</span> <span class='ocrx_word' id='word_1_400' title='bbox 1115 2463 1200 2501; x_wconf 92' lang='lat' dir='ltr'>suis</span> <span class='ocrx_word' id='word_1_401' title='bbox 1218 2463 1607 2502; x_wconf 88' lang='lat' dir='ltr'>Obseruationibus</span> <span class='ocrx_word' id='word_1_402' title='bbox 1623 2475 1700 2510; x_wconf 90' lang='lat' dir='ltr'>per</span> <span class='ocrx_word' id='word_1_403' title='bbox 1715 2463 1839 2501; x_wconf 91' lang='lat' dir='ltr'>filum</span> 
     </span>
     <span class='ocr_line' id='line_1_52' title="bbox 194 2512 1839 2565; baseline 0.001 -13"><span class='ocrx_word' id='word_1_404' title='bbox 194 2525 221 2552; x_wconf 87' lang='lat' dir='ltr'>a</span> <span class='ocrx_word' id='word_1_405' title='bbox 232 2513 374 2552; x_wconf 92' lang='lat' dir='ltr'>Stellis</span> <span class='ocrx_word' id='word_1_406' title='bbox 386 2526 477 2552; x_wconf 92' lang='lat' dir='ltr'>non</span> <span class='ocrx_word' id='word_1_407' title='bbox 488 2515 698 2558; x_wconf 88' lang='lat' dir='ltr'>restitutis,</span> <span class='ocrx_word' id='word_1_408' title='bbox 711 2516 950 2553; x_wconf 91' lang='lat' dir='ltr'>adinuenit.</span> <span class='ocrx_word' id='word_1_409' title='bbox 963 2512 978 2565; x_wconf 87' lang='grc' dir='ltr'>ΙΙ</span> <span class='ocrx_word' id='word_1_410' title='bbox 990 2516 1137 2553; x_wconf 89' lang='lat' dir='ltr'>Postea</span> <span class='ocrx_word' id='word_1_411' title='bbox 1149 2528 1172 2554; x_wconf 96' lang='lat' dir='ltr'>e</span> <span class='ocrx_word' id='word_1_412' title='bbox 1185 2516 1501 2555; x_wconf 89' lang='lat' dir='ltr'><strong>COPERNICI</strong></span> <span class='ocrx_word' id='word_1_413' title='bbox 1514 2516 1839 2565; x_wconf 90' lang='lat' dir='ltr'>Hypothefibus</span> 
     </span>
    </p>

    <p class='ocr_par' dir='ltr' id='par_1_13' title="bbox 1614 2569 1838 2616">
     <span class='ocr_line' id='line_1_53' title="bbox 1614 2569 1838 2616; baseline 0 -10"><span class='ocrx_word' id='word_1_414' title='bbox 1614 2569 1838 2616; x_wconf 85' lang='lat' dir='ltr'>inuestigat</span> 
     </span>
    </p>
   </div>
  </div>
 </body>
</html>
