2209 3213
473 233 557 270 DE
578 233 804 271 MUNDI
825 233 989 271 AETH.
1012 234 1278 272 RECENT.
1301 234 1511 271 PHAEN.
1762 233 1813 271 39

171 339 234 376 M.
246 339 297 377 52
313 344 353 378 z.
367 338 661 376 Latitudinem
672 338 715 376 P.
728 339 790 376 29.
805 339 867 376 M.
881 340 922 377 19
934 340 1032 377 Bor.
1046 340 1230 377 Inferius
1243 351 1380 377 cornu
1392 340 1505 387 long.
1516 340 1558 377 P.
1569 339 1632 377 28.
1643 339 1706 377 M.
1718 339 1759 376 16
1773 345 1813 379 z.

171 392 294 430 Latit.
311 391 354 429 P.
371 391 407 429 4.
426 391 488 429 M.
505 391 556 429 37
573 391 816 429 Borealem.
835 388 849 441 ΙΙ

95 452 137 483 36
224 444 558 483 Confiderantes
579 446 726 491 itaque
748 447 949 482 omnium
969 448 1111 492 primo
1127 445 1416 493 Triangulum
1432 446 1566 489 APB,
1588 448 1712 483 cuius
1734 446 1813 483 La-

169 502 238 535 tus
258 497 349 541 ΑΡ,
376 497 431 535 est
455 497 827 544 complementum
852 498 1091 536 latitudinis
1117 499 1261 537 Stellae
1287 499 1494 542 Vulturis,
1520 499 1563 536 P.
1585 499 1647 536 60.
1675 499 1738 536 M.
1760 499 1813 536 41.

118 564 133 588 5
170 551 243 588 ΒΡ
259 550 630 597 complementum
646 550 886 588 latitudinis
903 551 1123 589 Inferioris
1140 564 1290 595 cornu,
1307 552 1349 589 P.
1367 552 1429 590 85.
1448 552 1510 589 Μ.
1528 552 1590 589 23.
1613 552 1814 599 Angulus

169 615 274 641 vero
294 603 414 641 APB
437 603 491 641 est
512 602 758 641 differentia
780 604 1063 651 longitudinis
1085 605 1326 642 earundem
1347 604 1592 647 Stellarum,
1616 605 1815 642 videlicet

169 657 212 694 P.
224 657 260 694 2.
274 656 336 694 M.
349 656 412 694 24.
430 656 546 694 Cum
557 658 704 703 itaque
716 657 873 694 dentur
885 657 973 695 duo
985 657 1153 701 Latera,
1171 669 1270 695 cum
1283 658 1460 705 Angulo
1473 658 1814 704 compraehenso,

169 709 215 747 fit
242 721 318 756 per
342 709 683 757 Triangulorum
707 709 942 754 scientiam,
971 711 1104 748 Latus
1129 711 1307 758 Angulo
1334 710 1540 758 praedifflo
1569 711 1814 758 oppositum

169 763 264 807 ΑΒ,
286 763 328 800 Ρ.
345 762 408 800 24.
426 762 489 800 M.
505 763 569 806 48,
590 762 905 810 repraesentans
922 763 1155 801 Stellarum
1173 766 1284 801 inter
1302 763 1342 801 se
1359 763 1615 807 distantiam,
1637 764 1815 811 qualem

103 827 133 853 10
170 817 302 853 etiam
324 815 413 863 ipsa
436 815 680 853 obseruatio
702 816 878 863 praebet,
903 816 940 853 8(
964 828 1017 853 ex
1039 817 1174 854 tribus
1197 817 1371 864 insuper
1392 816 1600 854 lateribus
1621 819 1814 864 cognitis,

170 869 296 906 datur
307 868 509 916 Angulus
520 869 602 906 AB
611 869 654 913 P,
671 869 713 906 P.
726 869 762 906 4.
776 869 838 906 M.
851 870 914 907 59.
932 869 1105 907 Deinde
1121 870 1445 917 progredientes
1459 870 1514 907 ad
1525 869 1815 917 Triangulum

169 922 251 959 AB
261 921 310 965 C,
327 923 451 959 cuius
463 924 614 959 omnia
629 924 711 959 tria
727 922 864 960 latera
878 924 1050 969 cognita
1065 922 1172 966 sunt,
1189 934 1295 960 nam
1310 923 1393 960 AB
1410 925 1499 960 iam
1515 925 1715 967 innotuit,
1733 923 1814 961 AC

170 974 225 1012 est
241 974 438 1013 distantia
454 974 652 1013 Cometae
669 974 707 1012 8(
723 975 918 1012 Vulturis
935 975 977 1012 P.
992 975 1055 1013 26.
1073 975 1136 1013 M.
1150 976 1214 1014 48.
1232 975 1312 1014 BC
1329 975 1527 1013 Cometae
1545 975 1582 1013 8(
1598 975 1815 1014 inferioris

170 1039 307 1065 cornu
331 1028 374 1065 P.
395 1028 449 1066 21.
471 1027 534 1065 Μ.
556 1028 609 1066 19.
636 1027 786 1074 Quare
809 1039 862 1066 ex
884 1027 1178 1076 Trigonorum
1201 1029 1443 1066 rationibus
1467 1029 1593 1066 datur
1613 1029 1816 1077 Angulus

103 1093 133 1118 15
170 1080 312 1125 ABC,
329 1081 372 1118 P.
389 1081 452 1119 72.
470 1081 533 1119 M.
549 1081 609 1121 4-{2

223 1133 418 1172 Demum
438 1145 543 1171 vero
564 1136 610 1171 in
629 1133 869 1182 Triangulo
890 1133 1020 1179 CPB,
1043 1146 1096 1172 ex
1116 1134 1295 1182 Angulo
1315 1135 1448 1172 modo
1469 1137 1652 1172 inuento
1673 1135 1815 1179 ABC,

170 1186 208 1224 8(
224 1187 345 1225 ΑΒΡ
364 1187 560 1234 superius
581 1187 772 1234 quaefito,
794 1187 1010 1225 conflatur
1029 1192 1144 1225 totus
1161 1187 1363 1235 Angulus
1385 1188 1514 1231 CBP,
1536 1188 1578 1225 P.
1596 1189 1658 1226 77.
1678 1188 1740 1226 M.
1758 1188 1815 1227 3³2.

171 1240 375 1287 Cumque
392 1241 480 1278 duo
496 1240 633 1278 latera
648 1240 895 1278 adiacentia
910 1246 1015 1278 nota
1031 1240 1108 1278 fint
1123 1241 1201 1279 CB
1213 1241 1267 1278 21.
1281 1241 1334 1278 19.
1349 1241 1422 1278 ΡΒ
1434 1241 1497 1279 85.
1510 1241 1572 1285 23,
1590 1243 1668 1279 erit
1686 1243 1816 1279 etiam

169 1295 344 1331 tertium
366 1293 499 1331 Latus
520 1293 595 1332 PC
617 1293 914 1341 cognoscibile,
938 1294 1056 1341 quod
1077 1294 1450 1341 complementum
1470 1294 1711 1332 latitudinis
1733 1295 1817 1333 Co-

100 1358 134 1383 20
170 1351 298 1384 metae
315 1346 506 1391 ostendit,
523 1347 565 1384 P.
582 1347 636 1384 81.
655 1347 718 1385 M.
735 1348 761 1384 1.
783 1347 986 1394 Angulus
1002 1347 1176 1394 insuper
1192 1347 1322 1391 CPB,
1340 1359 1393 1385 ex
1409 1347 1544 1385 tribus
1561 1350 1741 1395 cognitis
1758 1348 1817 1386 la-

170 1399 331 1437 teribus
342 1411 434 1437 non
446 1400 726 1447 ignorabitur,
739 1412 872 1447 quem
884 1402 1138 1438 inuenimus
1150 1401 1192 1438 P.
1205 1400 1259 1438 21.
1272 1401 1335 1438 M.
1348 1401 1375 1443 1,
1394 1403 1468 1447 qui
1480 1403 1654 1438 metitur
1665 1413 1818 1439 arcum

171 1452 389 1500 Eclipticae
406 1453 491 1497 EF,
508 1452 800 1491 differentiam
815 1453 1015 1491 videlicet
1030 1454 1314 1501 longitudinis
1331 1453 1530 1492 Cometae
1547 1453 1585 1491 8(
1600 1454 1818 1492 inferioris

170 1517 308 1544 cornu
328 1511 368 1546 z.
391 1505 540 1552 Quare
557 1518 658 1544 cum
674 1508 866 1544 anterior
881 1506 1009 1544 fuerit
1026 1507 1212 1545 Cometa
1228 1507 1304 1544 illa
1320 1507 1464 1550 Stella,
1487 1506 1557 1544 hic
1579 1519 1706 1545 arcus
1724 1507 1816 1545 sub-

170 1558 329 1598 tractus
345 1570 372 1597 a
387 1558 532 1597 Stellae
548 1559 819 1607 longitudine
835 1560 1049 1607 assignata,
1071 1560 1143 1598 dat
1162 1565 1448 1607 apparentem
1465 1561 1664 1598 Cometae
1681 1561 1816 1608 longi-

101 1624 133 1649 25
170 1613 380 1656 tudinem,
402 1614 447 1650 in
467 1613 503 1651 7.
521 1613 563 1650 P.
581 1613 634 1651 15.
652 1613 715 1651 Μ.
737 1619 778 1653 z.
799 1613 1040 1657 latitudine,
1063 1625 1116 1651 ex
1136 1613 1458 1660 complemento
1479 1616 1600 1661 prius
1620 1616 1816 1657 inuento,

171 1665 373 1703 existente
389 1666 432 1703 P.
449 1665 485 1704 8.
504 1666 567 1703 M.
584 1666 647 1710 59,
665 1666 783 1713 quod
799 1668 1020 1713 inquirere
1036 1666 1354 1714 proposuimus.

223 1719 389 1756 Verum
411 1721 591 1757 maioris
614 1720 882 1757 certitudinis
905 1719 1034 1757 causa
1057 1722 1346 1767 experiemur,
1372 1731 1430 1757 an
1454 1720 1589 1767 polito
1613 1719 1696 1758 hoc
1719 1720 1816 1758 loco

171 1772 382 1816 Cometae‚
405 1771 443 1809 &
464 1772 603 1810 Lunae
623 1772 720 1810 loco
741 1777 979 1819 apparente
1001 1773 1114 1817 dato,
1137 1784 1188 1810 ea
1209 1775 1441 1820 proueniat
1462 1775 1573 1811 inter
1588 1773 1762 1811 Lunam
1780 1773 1817 1811 &

172 1825 405 1863 Cometam
428 1825 636 1869 distantia,
660 1837 795 1872 quam
814 1827 860 1863 in
882 1825 1094 1873 Catalogo
1119 1826 1473 1864 obseruationum
1497 1827 1816 1874 assignauimus,

101 1889 134 1914 30
170 1878 369 1916 videlicet
380 1878 423 1916 P.
436 1878 512 1917 1823.
529 1878 722 1926 Tempus
739 1890 828 1926 quo
844 1878 959 1916 hanc
973 1879 1217 1917 distantiam
1229 1891 1255 1917 a
1268 1881 1296 1924 ζ(
1311 1881 1471 1927 accepi,
1488 1879 1567 1917 fuit
1578 1879 1817 1918 secundum

171 1933 475 1979 apparentiam
496 1931 554 1969 H.
571 1932 629 1971 512
652 1932 793 1969 Locus
814 1937 962 1970 autem
983 1932 1122 1970 Lunae
1142 1944 1273 1970 verus
1293 1933 1347 1970 ab
1363 1931 1645 1980 AEquinoc’tio
1666 1945 1816 1977 verno,

171 1987 292 2023 iuxta
308 1984 497 2023 nostram
512 1984 824 2023 restitutionem
838 1987 885 2022 in
900 1991 1023 2023 motu
1038 1985 1190 2030 Lunae,
1206 1985 1282 2023 suo
1299 1986 1396 2024 loco
1414 1985 1451 2023 8(
1467 1991 1662 2033 tempore
1679 1989 1818 2024 mani·

97 2043 138 2074 37
171 2037 422 2082 testandam,
443 2039 489 2075 in
511 2037 565 2076 G.
583 2038 636 2076 18.
657 2038 720 2076 M.
738 2039 778 2076 15
799 2044 839 2078 z.
857 2034 872 2088 ΙΙ
889 2050 989 2076 cum
1010 2039 1238 2076 latitudine
1259 2039 1301 2077 P.
1318 2039 1354 2077 4.
1375 2039 1438 2077 M.
1455 2039 1506 2077 56
1526 2040 1817 2077 meridionali.

172 2091 223 2129 Et
237 2093 449 2138 quoniam
460 2096 604 2129 motus
616 2093 799 2129 minoris
811 2091 1001 2139 Epicycli
1012 2091 1103 2135 fuit,
1121 2091 1241 2139 quafi
1252 2094 1442 2139 partium
1453 2092 1538 2137 801⁷,
1555 2093 1818 2140 maiorisque

102 2155 135 2180 35
171 2144 365 2182 Partium
381 2144 492 2189 2864,
514 2144 552 2182 8(
573 2144 756 2183 altitudo
773 2145 912 2182 Lunae
928 2156 1033 2182 vera
1049 2150 1151 2183 tunc
1167 2147 1375 2192 temporis
1392 2148 1539 2189 extitit,
1560 2146 1603 2183 P.
1620 2146 1656 2183 2.
1675 2146 1737 2183 M.
1755 2146 1818 2189 50,

172 2202 263 2235 erat
282 2199 404 2235 iuxta
421 2197 655 2245 Copernici
672 2197 998 2236 obseruationes
1013 2199 1059 2235 in
1075 2198 1282 2246 distantijs
1298 2199 1560 2242 Lunaribus,
1581 2199 1818 2246 parallaxis

172 2250 311 2288 Lunae
336 2252 382 2288 in
407 2251 568 2288 circulo
593 2251 846 2295 altitudinis,
872 2251 915 2289 P.
939 2251 975 2289 O.
1002 2251 1064 2289 M.
1089 2251 1151 2289 56.
1183 2251 1297 2297 Quae
1322 2251 1351 2289 si
1376 2263 1452 2299 per
1476 2252 1818 2300 Triangulorum

172 2303 498 2351 Sphaericorum
514 2306 743 2349 rationem,
760 2303 986 2342 artificiose
1002 2306 1048 2341 in
1064 2305 1382 2352 longitudinem
1397 2305 1435 2343 8(
1448 2305 1737 2349 latitudinem,
1754 2317 1817 2343 re-

171 2355 315 2404 spectu
340 2357 572 2404 Eclipticae,
598 2357 851 2401 resoluatur,
876 2359 1080 2405 prouenit
1105 2358 1345 2396 Parallaxis
1370 2358 1653 2406 longitudinis
1679 2359 1817 2396 Lunae

102 2420 136 2446 40
172 2409 235 2447 M.
252 2409 315 2447 24.
333 2410 593 2448 Latitudinis
608 2422 713 2448 vero
730 2411 793 2448 M.
811 2412 864 2449 51.

225 2462 309 2501 Sed
325 2465 429 2510 quia
444 2465 555 2502 ratio
571 2463 840 2502 discernendi
856 2463 1103 2511 parallaxes
1115 2464 1325 2508 Lunares,
1343 2476 1443 2502 cum
1455 2464 1730 2503 latitudinem
1742 2465 1818 2503 ali-

173 2527 308 2563 quam
323 2516 451 2555 Luna
467 2515 713 2561 obtinuerit,
729 2518 930 2555 nondum
945 2517 992 2555 fit
1007 2519 1054 2554 in
1063 2517 1257 2556 Tabulas
1273 2516 1459 2562 redacta,
1476 2518 1547 2556 vel
1562 2518 1660 2555 satis
1676 2517 1818 2556 hacte-

1736 2583 1820 2608 nus
