2209 3213
366 227 416 265 98
858 223 941 260 DE
962 222 1188 260 MUNDI
1208 220 1509 259 AETHEREI

366 332 445 369 bus
467 332 659 367 numeris
680 330 903 375 negotium
925 327 1174 375 exquisitius
1190 327 1356 365 absolui
1371 326 1505 374 possit)
1527 327 1605 364 erit
1621 326 1753 364 Latus
1768 325 1876 369 AH,
1897 330 2003 373 part.

366 384 488 422 87114.
503 382 673 420 Deinde
684 384 729 418 in
738 381 976 428 Triangulo
990 382 1120 418 etiam
1130 379 1396 428 Red'tangulo
1407 391 1484 427 per
1493 377 1852 417 construetionem
1861 377 2004 423 HAC,

367 448 465 474 cum
488 435 568 473 AC
594 434 866 481 repraesentet
891 434 1135 472 distantiam
1160 433 1325 471 infimae
1351 434 1636 471 concauitatis
1661 431 1791 470 Orbis
1816 432 1955 469 Lunae
1980 443 2007 469 a

367 490 528 527 Centro
544 488 703 531 Terrae,
726 499 860 534 quam
880 489 1001 524 iuxta
1019 486 1335 525 COPERNICI
1356 488 1539 524 inuenta
1555 485 1779 523 statuimus
1795 484 2005 523 Semidia-

365 548 604 579 metrorum
618 540 897 578 Terrestrium
914 542 1113 587 proxime
1130 541 1448 587 quinquaginta
1463 539 1653 576 duorum
1670 538 1757 585 <cui
1773 539 1905 575 etiam
1922 537 2004 575 Lu·
2043 550 2058 575 5

365 606 493 632 nares
504 593 754 631 Parallaxes
770 593 1071 640 saepenumero
1088 604 1115 630 a
1130 593 1256 630 nobis
1270 595 1316 630 in
1329 594 1538 630 trutinam
1552 603 1604 630 ex
1618 590 2006 630 Obseruationibus

366 649 489 685 certis
512 651 691 689 vocatae,
715 646 1007 684 testimonium
1030 645 1241 693 praebent3
1267 645 1305 683 &
1327 645 1357 683 fi
1379 644 1705 684 PTOLOMAEI
1728 644 2006 691 aliorumque

365 700 503 747 ipsum
524 700 796 746 sequentium
816 699 984 747 placitis
1004 698 1231 737 fidendum
1252 699 1357 743 esset,
1377 699 1506 746 longe
1527 697 1671 736 adhuc
1691 699 1869 744 propior
1884 696 2006 734 fieret

368 1866 623 1902 conuexitas
638 1864 766 1902 Orbis
782 1864 934 1907 Lunae,
950 1868 1096 1911 vtpote
1112 1863 1163 1901 33
1178 1862 1328 1901 saltem
1344 1862 1686 1901 Semidiametris
1702 1868 1881 1906 remota,
1898 1862 1936 1900 8(
1952 1862 2007 1901 ob

366 1918 422 1961 id,
445 1917 631 1964 idipsum
651 1917 769 1964 quod
789 1919 902 1955 circa
922 1916 1173 1955 Parallaxin
1194 1916 1392 1954 Cometae
1413 1916 1705 1954 demonstrare
1728 1916 2007 1959 intendimus,
2048 1928 2079 1953 10

367 1970 495 2017 longe
510 1972 726 2007 maiorem
742 1969 1033 2007 differentiam
1049 1972 1273 2017 ingereret,
1295 1968 1333 2006 8(
1354 1971 1400 2006 in
1419 1971 1563 2007 maius
1584 1969 1818 2007 absurdum
1836 1980 1904 2007 res
1920 1968 2010 2016 ipsa

367 2023 692 2069 deuolueretur)
710 2025 788 2060 erit
803 2025 950 2069 itaque
967 2023 1100 2060 Latus
1117 2022 1214 2067 CA,
1236 2020 1428 2069 respeetu
1448 2022 1577 2069 ipsius
1593 2022 1674 2060 AF
1689 2022 2009 2064 Semidiametri

366 2075 526 2120 Terrae,
543 2078 589 2113 in
605 2076 846 2113 maioribus
862 2077 1056 2113 numeris
1072 2076 1262 2113 assumtae
1279 2075 1474 2119 5200000,
1492 2074 1530 2112 &
1546 2075 1718 2113 dabitur
1734 2075 1789 2113 ob
1805 2075 1848 2113 id
1859 2075 2008 2122 Angu-

367 2129 434 2166 lus
456 2128 608 2172 HCA,
629 2129 672 2166 Ρ.
689 2129 725 2166 0.
743 2129 805 2166 Μ.
823 2129 885 2166 57.
903 2128 942 2166 S.
959 2129 1022 2173 36,
1044 2128 1295 2167 Parallaxin
1312 2130 1358 2165 in
1374 2128 1552 2166 Circulo
1568 2128 1835 2173 Altitudinis‚
1856 2130 2009 2175 primae

368 2181 707 2226 obseruationis‚
724 2181 1049 2229 repraesentans.
2047 2193 2078 2218 15

420 2234 592 2272 Deinde
613 2235 669 2272 ad
689 2235 871 2272 alteram
888 2234 1176 2272 Altitudinem
1192 2236 1238 2272 in
1254 2234 1309 2278 D,
1331 2234 1514 2272 ducatur
1531 2236 1662 2272 etiam
1678 2233 1772 2278 DF,
1794 2234 1933 2272 donec
1956 2244 2009 2271 ex

367 2288 406 2324 A
424 2287 499 2334 ipfi
516 2292 713 2325 occurrat
732 2288 1105 2334 perpendicularis
1120 2289 1167 2325 in
1184 2287 1238 2332 G,
1260 2289 1338 2325 erit
1358 2289 1551 2334 primum
1565 2289 1612 2324 in
1627 2287 1866 2334 Triangulo
1884 2286 2009 2325 GFA

367 2339 630 2388 redlangulo,
659 2340 861 2387 Angulus
886 2340 1028 2384 AFG,
1059 2340 1431 2387 complementum
1460 2340 1700 2378 altitudinis
1728 2340 1916 2377 fecundo
1946 2341 2008 2377 in-

369 2399 526 2437 uentae,
544 2399 688 2440 vtpote
703 2393 887 2440 aequalis
899 2393 933 2430 B
942 2393 1034 2437 FD,
1052 2394 1184 2431 Latus
1199 2405 1305 2431 vero
1317 2393 1392 2430 FA
1404 2393 1735 2431 Semidiameter
1745 2392 1893 2430 Terrae
1906 2393 2008 2430 assu-

368 2448 500 2483 mitur
520 2451 564 2483 vt
583 2448 715 2493 prius,
737 2446 779 2483 P.
797 2446 956 2484 100000.
981 2446 1129 2492 Quare
1150 2447 1283 2484 Latus
1298 2445 1399 2490 AG,
1420 2445 1463 2483 P.
1480 2446 1626 2489 99075;
1648 2442 1662 2495 ΙΙ
1683 2445 1841 2483 dehinc
1857 2447 1903 2483 in
1917 2444 2009 2482 Tri·
2037 2451 2098 2482 112

367 2498 529 2546 angulo
547 2498 700 2543 GAD,
723 2510 775 2537 ex
796 2501 967 2546 cognito
985 2499 1087 2543 GA,
1109 2499 1147 2536 8(
1168 2499 1254 2537 DA
1270 2504 1314 2537 vt
1333 2500 1466 2546 prius,
1487 2499 1597 2536 Part.
1614 2498 1810 2542 5200000,
1831 2499 2010 2546 Angulo

1893 2551 1949 2589 ad
1965 2550 2008 2589 G
