2209 3213
147 833 177 858 10

147 1101 176 1126 15

141 1370 174 1395 20

140 1637 173 1662 25

123 1737 187 1769 329

140 1904 174 1928 30

142 2171 175 2196 35

142 2437 175 2462 40

534 235 1054 274 RECENTIORIBUS
1074 235 1533 274 PHAENOMENIS
1780 234 1856 272 267

215 345 327 381 intra
345 342 473 380 Orbis
489 342 744 390 Astrologici
759 344 969 381 terminos
986 343 1060 391 ipfi
1076 344 1275 389 copulari
1293 345 1443 390 potuit.
1466 342 1615 388 Quare
1632 342 1669 379 &
1687 347 1856 385 caetera,

216 409 316 445 quae
341 397 443 435 hinc
468 397 595 435 infert
620 396 884 440 Thaddaeus,
910 402 953 435 vt
979 397 1096 444 quod
1122 396 1292 434 occulta
1315 398 1358 434 vi
1384 396 1422 433 8(
1447 395 1641 434 efficacia
1667 396 1856 434 Saturno

214 453 375 490 mixtus
395 450 535 493 fuerit,
556 450 632 488 illo
653 452 785 488 etiam
805 450 980 488 causam
998 450 1129 498 ipslus
1146 452 1259 488 ortui
1275 450 1508 496 praebente,
1530 462 1620 487 non
1641 449 1743 487 hinc
1760 449 1857 487 satis

215 510 307 543 tuto
322 504 580 542 inferuntur.

267 559 341 596 Ait
361 563 583 605 praeterea,
609 558 751 595 Arcus
772 557 983 600 Cometae,
1009 569 1140 604 quem
1166 557 1242 594 suo
1270 555 1400 594 ductu
1426 556 1674 603 defignauit,
1702 556 1857 594 Polum

215 612 407 649 Boreum
423 611 595 648 extitisse
611 613 725 648 intra
740 613 927 658 primam
945 610 982 648 8(
998 613 1169 648 tertiam
1186 609 1364 648 Stellam
1381 609 1552 647 finistrae
1569 622 1728 647 manus
1745 610 1857 647 Boo—

213 667 277 707 tis,
295 664 413 711 quod
430 664 608 711 quidem
624 664 768 702 latiori
784 664 916 702 modo
934 664 994 701 illi
1011 665 1295 701 concesserim.
1313 663 1478 700 Verum
1491 663 1519 700 fi
1531 663 1691 700 harum
1703 663 1856 701 Stellu-

214 718 358 756 larum
379 723 494 755 certa
516 717 625 761 loca,
649 717 798 764 qualia
821 720 942 764 prius
962 719 1007 754 in
1029 716 1242 764 Catalogo
1264 716 1417 753 nostrae
1439 716 1715 754 restitutionis
1738 716 1856 754 exhi-

213 771 402 813 buimus,
426 771 729 813 adhibeantur,
753 771 875 808 cadet
898 770 1029 808 Polus
1053 770 1217 808 Circuli
1241 769 1438 807 Cometae
1462 769 1708 807 senfibiliter
1731 770 1858 816 supra

214 824 295 862 has
306 824 452 862 versus
464 824 665 867 Boream,
683 824 794 862 adeo
806 829 849 861 vt
861 835 887 861 a
898 826 1040 870 prima
1056 825 1101 860 in
1117 835 1255 860 manu
1271 822 1400 866 distet,
1417 823 1459 860 P.
1472 823 1508 860 2.
1522 823 1584 860 M.
1598 823 1660 865 25,
1678 835 1704 860 a
1720 825 1856 865 tertia,

215 877 269 916 G.
291 878 327 915 2.
351 878 414 915 M.
436 878 487 915 50
504 877 657 918 ,versus
682 877 837 915 Polum
863 877 1024 914 Mundi
1050 877 1254 919 Boreum,
1280 876 1444 914 faciens
1470 887 1569 913 cum
1594 876 1662 913 his
1687 876 1857 914 duabus

214 931 355 970 Stellis
371 930 660 978 Triangulum
676 930 811 968 ferme
828 932 942 968 circa
957 932 1146 977 primam
1163 927 1490 976 Rec'tangulum.

267 985 351 1022 Die
364 984 509 1022 XXVI
521 984 659 1022 multo
671 982 827 1021 rectius
839 983 1065 1021 denotauit
1077 983 1275 1021 Cometae
1290 982 1422 1020 huius
1434 982 1581 1020 locum
1592 982 1857 1025 Thaddaeus,

214 1049 431 1085 reponens
443 1037 582 1085 ipsum
593 1039 638 1075 in
649 1038 674 1075 8
685 1038 821 1084 gradu
838 1046 895 1079 m,
913 1048 1013 1075 cum
1025 1036 1272 1074 Latitudine
1285 1036 1334 1073 23
1347 1041 1453 1082 part.
1467 1036 1584 1082 quod
1597 1048 1649 1073 ex
1661 1036 1858 1074 distantia

213 1092 268 1129 ab
284 1091 461 1138 Aquila,
484 1091 538 1129 G.
555 1091 609 1129 13.
626 1091 689 1128 M.
707 1091 770 1133 35,
792 1090 829 1128 &
850 1090 904 1128 ab
922 1090 1010 1128 Ore
1027 1089 1182 1137 Pegafi,
1200 1094 1306 1136 part.
1325 1090 1365 1127 17
1382 1089 1482 1131 fere,
1505 1089 1675 1136 colligit.
1693 1090 1858 1127 Verum

213 1145 242 1182 fi
268 1156 290 1182 e
316 1144 513 1182 restitutis
540 1143 700 1182 harum
726 1144 933 1182 Fixarum
958 1144 1064 1181 locis
1090 1143 1336 1190 diligentior
1361 1143 1578 1189 inquisitio
1603 1143 1857 1185 instituatur,

212 1199 416 1246 prouenit
439 1198 684 1245 Longitudo
709 1200 802 1235 eius
825 1199 870 1234 in
893 1202 999 1245 part.
1024 1198 1065 1236 7}
1097 1206 1154 1238 w,
1179 1208 1279 1234 cum
1303 1196 1562 1240 Latitudine,
1590 1196 1631 1233 P.
1656 1196 1709 1233 21.
1734 1196 1796 1233 M.
1821 1196 1857 1237 6,

213 1251 331 1299 quod
347 1251 552 1289 nonnihil
568 1263 594 1289 a
610 1251 752 1289 nostra
768 1252 1054 1289 annotatione
1071 1249 1225 1294 deficit,
1248 1250 1276 1287 fi
1297 1254 1445 1287 tamen
1461 1249 1597 1287 solam
1614 1249 1859 1287 distantiam

213 1305 266 1343 ab
283 1304 459 1352 Aquila,
480 1316 614 1352 quarn
630 1306 847 1342 veriorem
863 1304 979 1342 fuisse
995 1304 1153 1346 iudico,
1170 1315 1259 1341 vna
1275 1315 1375 1341 cum
1391 1305 1463 1341 via
1480 1303 1678 1341 Cometae
1695 1305 1740 1340 in
1757 1314 1857 1340 con-

212 1358 353 1396 filium
374 1358 718 1401 adhibuerimus,
740 1358 926 1404 prodibit
946 1357 1192 1405 Longitudo
1213 1359 1258 1394 in
1279 1357 1396 1404 grad.
1414 1357 1449 1394 8.
1471 1359 1625 1394 minut.
1642 1357 1692 1394 54
1718 1366 1775 1397 m.
1798 1356 1857 1393 id-

211 1423 296 1459 que
311 1423 337 1449 a
351 1411 501 1449 nostris
518 1413 709 1449 inuentis
726 1412 937 1449 duntaxat
954 1415 1109 1458 quarta
1125 1415 1246 1457 parte
1263 1410 1422 1457 gradus
1439 1410 1658 1456 discrepat.
1677 1410 1859 1456 Oportet

212 1467 358 1511 itaque
375 1467 420 1502 in
436 1464 633 1503 distantia
649 1464 724 1502 illa
736 1476 762 1502 a
774 1463 896 1502 Ridtu
908 1464 1051 1512 Pegafi
1063 1464 1257 1511 aliquem
1269 1463 1437 1510 lapsum
1449 1463 1564 1500 fuisse
1577 1464 1856 1500 commissum.

265 1518 397 1565 Quod
409 1523 557 1556 autem
570 1518 726 1556 eodem
737 1520 783 1555 in
794 1518 892 1555 loco
904 1517 1043 1560 refert.
1062 1517 1295 1555 Cometam
1312 1519 1424 1554 intra
1436 1516 1619 1554 biduum
1632 1516 1739 1554 saltu
1752 1528 1857 1563 quo-

211 1572 314 1610 dam
330 1571 524 1609 violento
541 1572 582 1609 12
597 1572 756 1619 gradus
771 1573 816 1609 in
828 1571 1131 1618 Longitudine,
1150 1570 1187 1607 8(
1203 1571 1227 1608 6
1243 1573 1289 1608 in
1301 1570 1549 1607 Latitudine
1566 1569 1797 1613 confecisse,
1815 1569 1857 1607 id

212 1637 265 1663 ex
281 1627 415 1672 priori
432 1636 617 1662 erroneo
629 1624 739 1668 loco,
757 1636 889 1672 quem
901 1624 975 1671 ipsi
988 1625 1056 1662 die
1068 1624 1235 1661 XXIIII
1247 1624 1485 1670 deputauit,
1502 1625 1561 1661 ita
1574 1623 1751 1670 quidem
1763 1622 1857 1660 fieri

211 1678 350 1716 visum
372 1678 438 1722 est,
461 1690 561 1716 cum
581 1683 729 1716 tamen
746 1690 901 1716 reuera
917 1680 962 1715 in
978 1677 1068 1725 ipso
1085 1677 1214 1715 Coelo
1231 1677 1361 1715 saltus
1377 1677 1449 1714 ille
1466 1676 1589 1714 nullo
1606 1676 1739 1714 modo
1756 1688 1856 1714 con-

211 1734 360 1780 tigerit.
383 1731 504 1769 Dum
526 1734 644 1769 enim
663 1736 763 1769 ante
780 1728 795 1780 ΙΙ
810 1731 995 1769 biduum
1012 1733 1105 1768 eius
1122 1731 1269 1768 locum
1285 1730 1382 1777 plus
1399 1731 1422 1768 9
1439 1730 1642 1777 gradibus
1659 1730 1765 1767 iusto
1782 1742 1857 1767 an-

210 1787 415 1823 teriorem
438 1785 588 1827 reddit,
615 1785 652 1822 &
678 1784 746 1822 his
768 1785 940 1823 duobus
964 1784 1116 1822 diebus
1141 1784 1251 1822 vltra
1274 1789 1358 1821 tres
1381 1783 1540 1830 gradus
1562 1788 1789 1830 promotus
1813 1783 1858 1820 fit

212 1839 410 1882 Cometa,
427 1838 553 1876 facile
570 1838 813 1881 eueniebat,
826 1843 869 1875 vt
881 1838 982 1875 hinc
994 1837 1148 1875 saltum
1161 1838 1383 1883 quendam
1396 1837 1437 1874 12
1449 1836 1564 1884 grad.
1578 1839 1743 1874 interea
1756 1848 1858 1873 eum

211 1891 428 1935 admifisse,
440 1891 592 1930 frustra
604 1891 863 1929 existimarit.
877 1891 974 1929 Pari
986 1893 1155 1929 ratione
1168 1890 1205 1927 &
1217 1891 1476 1928 Latitudinis
1489 1895 1637 1937 raptus
1649 1890 1858 1927 insinuari

211 1945 286 1992 ipfi
297 1945 543 1991 putabatur,
561 1947 636 1992 qui
647 1950 796 1983 tamen
808 1956 963 1982 reuera
975 1946 1019 1981 in
1033 1944 1161 1982 Coelo
1174 1956 1264 1981 non
1277 1946 1423 1981 extitit.
1442 1944 1560 1981 Nam
1573 1955 1598 1981 a
1610 1943 1679 1981 die
1692 1943 1857 1980 XXIIII

211 2000 257 2036 in
283 1998 440 2042 XXVI,
466 2010 557 2036 non
582 1998 770 2036 multum
793 1998 905 2035 vltra
927 2000 1105 2035 vnicum
1130 1997 1313 2045 gradum
1339 1997 1634 2034 Latitudinem
1660 1996 1857 2044 augebat,

212 2056 340 2098 prout
361 2051 649 2089 Moestliniani
673 2053 846 2089 numeri
869 2053 1066 2098 apprime
1089 2050 1171 2088 hac
1192 2053 1237 2088 in
1258 2055 1379 2097 parte
1401 2050 1552 2088 nostris
1573 2050 1857 2088 consentiunt.

213 2105 491 2152 Quapropter
507 2117 598 2143 non
614 2107 832 2142 immerito
848 2106 1013 2152 peperit
1025 2104 1252 2142 Thaddaeo
1269 2103 1364 2141 haec
1376 2104 1569 2141 violenta
1582 2103 1619 2141 8(
1631 2105 1859 2150 repentina

213 2158 411 2196 Cometae
435 2160 679 2201 concitatio,
705 2170 912 2206 magnam
935 2158 1286 2200 admirationem,
1313 2169 1365 2195 ex
1389 2169 1477 2204 quo
1500 2162 1590 2194 toto
1614 2158 1707 2194 eius
1731 2157 1857 2194 dura-

212 2213 342 2249 tionis
366 2216 561 2258 tempore
592 2211 702 2249 nihil
728 2211 937 2249 eiusmodi
963 2213 1008 2248 in
1036 2222 1088 2248 eo
1115 2211 1499 2248 animaduerterat.
1531 2211 1650 2248 Nam
1676 2222 1730 2247 ne
1756 2214 1858 2247 tunc

213 2265 390 2312 quidem
415 2265 499 2303 tale
525 2266 752 2312 quidpiam
776 2264 1032 2312 patiebatur,
1059 2264 1087 2301 fi
1113 2264 1421 2301 consideratius
1447 2266 1540 2301 eius
1564 2264 1858 2310 Apparentias

213 2318 481 2356 collineasset.
499 2318 703 2356 Existimo
717 2323 877 2361 autem,
895 2317 1034 2365 ipsum
1045 2319 1189 2364 potius
1200 2317 1450 2364 persuasum
1462 2316 1589 2359 fuisse,
1603 2322 1645 2354 vt
1658 2316 1857 2354 Elemen-

212 2376 350 2409 tarem
370 2371 489 2410 hunc
506 2372 738 2410 Cometam
755 2371 958 2415 crederet,
980 2371 1035 2408 ob
1056 2375 1200 2408 motus
1220 2371 1529 2413 inordinatam,
1551 2370 1728 2417 qualem
1749 2381 1857 2416 prae-

212 2424 441 2471 supposuit,
473 2425 817 2472 discrepantiam,
846 2436 980 2471 quam
1005 2423 1123 2470 quod
1149 2436 1202 2461 ex
1227 2423 1529 2461 Parallaxibus
1555 2425 1647 2460 eius
1673 2422 1858 2470 idipsum

213 2478 413 2524 colligere
429 2490 585 2516 reuera
601 2480 801 2525 potuerit,
818 2483 861 2515 vt
877 2477 1049 2524 plenius
1065 2477 1210 2524 postea
1226 2476 1511 2515 ostendemus.

266 2531 366 2568 DIE
383 2531 548 2569 XXVII
565 2530 925 2573 NOVEMBRIS,
943 2531 1280 2578 Longitudinem
1293 2530 1492 2568 Cometae
1504 2529 1642 2567 statuit
1641 2531 1704 2619 bin
1721 2529 1857 2618 glr3adi-

319 2592 369 2617 34*
1670 2594 1721 2619 us
1800 2590 1856 2621 m.
