2209 3213
131 817 160 841 10

131 1082 160 1107 15

109 1288 173 1320 429

127 1348 160 1373 20

127 1614 161 1638 25

128 1879 161 1904 30

128 2145 161 2170 35

128 2409 162 2434 40

518 220 1042 259 RECENTIORIBUS
1063 219 1522 260 PHAENOMENIS
1773 222 1839 260 341

198 328 466 370 deriuantur‚
482 326 682 373 adeoque
699 328 744 364 in
760 326 849 374 ipsa
862 326 1190 367 Obseruatione.
1208 338 1299 364 non
1314 326 1425 365 leuis
1438 327 1621 365 Nolthio
1637 339 1756 366 error
1770 340 1842 366 ne-

198 381 369 418 cessario
386 379 580 426 obrepsit,
602 381 677 426 qui
694 391 767 417 eas
784 381 830 417 in
845 384 935 417 tam
951 391 1179 417 enormem
1196 381 1483 426 quantitatem
1500 383 1843 428 incompetenter

199 433 394 476 adauxit;
411 432 541 479 idque
553 432 841 479 proculdubio
853 434 1061 479 temporis
1072 433 1331 479 potissimum
1343 433 1572 481 interlapfi,
1589 446 1679 472 non
1692 446 1744 472 ea
1756 446 1843 482 qua

199 487 389 533 oportuit
404 485 632 523 subtilitate
649 485 953 528 animaduerti,
975 487 1091 522 vitio.
1109 485 1362 523 Verofimile
1379 488 1497 524 enim
1519 487 1585 530 est,
1608 487 1843 525 Nolthium

198 550 275 586 per
295 538 591 585 Horologium
613 538 805 585 aliquod,
830 538 1100 575 interstitium
1123 538 1176 576 ab
1200 550 1287 576 vna
1309 539 1436 577 Hora
1459 541 1504 577 in
1527 540 1711 578 alteram
1734 541 1842 579 deri-

199 592 329 634 uasse;
355 591 542 638 ideoque
567 590 695 638 plene
720 593 933 638 integram
958 591 1133 628 Horam
1157 593 1326 638 vtrique
1353 592 1659 631 Obseruationi
1683 594 1842 641 absque

198 644 296 682 vllis
311 644 521 691 scrupulis
536 645 820 691 interceptam
836 644 1066 691 arripuisse‚
1083 643 1344 682 instituendo
1360 645 1468 683 forte
1485 646 1676 684 Primam
1691 646 1842 685 Obser—

198 699 437 741 uationem,
459 708 559 735 cum
576 697 872 744 Horologium
888 697 1065 744 plenam
1082 697 1256 735 Horam
1272 698 1494 742 indicaret,
1515 706 1590 737 aut
1606 699 1787 743 sonaret,
1805 700 1843 737 8(

199 749 440 788 differendo
463 749 757 793 Posteriorem‚
783 750 922 787 donec
948 749 1093 787 rursus
1118 761 1222 787 mox
1246 750 1497 798 sequentem
1521 752 1694 790 Horam
1719 765 1842 791 mon-

197 803 355 847 straret,
378 803 448 841 vel
469 802 611 841 sonitu
634 803 794 845 ederet:
819 814 907 850 qua
930 805 975 840 in
998 808 1118 850 parte
1142 815 1276 850 quarn
1299 804 1505 851 procliuis
1528 806 1583 843 ad
1607 806 1842 844 errandum

197 856 326 894 fuerit
338 858 422 900 via,
439 867 530 894 non
546 858 760 903 ignorant,
778 858 852 903 qui
865 856 1213 903 Horologiorum
1230 858 1361 894 etiam
1378 869 1544 902 eorum,
1562 870 1662 905 quae
1678 858 1843 907 lingula

197 908 397 956 scrupula
417 908 623 946 subtiliter
646 909 912 956 dispartiunt,
936 907 1253 946 confectionem
1275 909 1313 947 &
1333 910 1455 948 vsum
1479 911 1747 956 diuturnum,
1769 912 1842 951 fibi

197 962 460 1000 familiarem
481 962 773 1000 reddiderunt.
796 962 912 999 Licet
933 964 1051 999 enim
1072 964 1223 1000 omnia
1242 962 1498 1001 exactissima
1514 966 1661 1002 amussi
1678 964 1842 1003 affabre

197 1017 243 1053 in
258 1017 310 1063 ijs
327 1015 617 1059 elaborentur,
634 1015 924 1053 nihilominus
935 1015 1005 1052 vel
1018 1014 1107 1053 sola
1121 1015 1320 1053 alteratio
1331 1017 1488 1054 Aereae
1501 1018 1733 1064 qualitatis,
1750 1030 1841 1056 mo-

198 1074 291 1106 tum
306 1068 575 1115 inaequalem
590 1068 825 1116 suggerere,
843 1068 881 1106 8(
897 1068 1105 1106 latentem
1121 1080 1314 1106 errorem
1330 1069 1548 1108 insinuare
1564 1071 1712 1118 potest;
1729 1074 1789 1110 ita
1799 1078 1843 1109 vt

197 1121 374 1169 fingulae
387 1121 539 1163 Horae,
556 1121 730 1169 fibiipfis
742 1123 934 1159 inuicem
946 1119 1094 1159 exacte
1106 1122 1301 1168 aequales
1312 1134 1403 1160 non
1416 1124 1618 1168 euadant,
1631 1130 1722 1162 vtut
1734 1124 1842 1162 sorte

198 1174 450 1222 aliquando,
474 1186 628 1212 omnes
650 1174 701 1212 24
724 1174 944 1218 absolutae,
969 1174 1007 1212 8(
1030 1174 1154 1212 fimul
1174 1174 1338 1216 sumtae,
1362 1176 1629 1214 reuolutioni
1650 1177 1761 1215 Solis
1782 1178 1841 1215 di-

198 1239 322 1266 urnae
343 1227 441 1266 satis
462 1233 560 1275 apte
582 1227 959 1275 correspondeant,
981 1230 1186 1275 quamuis
1207 1228 1244 1265 8(
1266 1228 1349 1266 11οο
1366 1230 1568 1267 rarissime
1584 1242 1660 1277 per
1676 1231 1842 1278 aliquot

198 1282 430 1319 continuos
446 1281 538 1318 dies
554 1283 613 1319 ita
628 1281 803 1329 praecise
819 1281 1095 1325 concedatur,
1112 1287 1155 1319 vt
1172 1293 1263 1319 non
1279 1293 1415 1319 vnum
1427 1283 1496 1320 vel
1508 1282 1693 1321 alterum
1706 1280 1720 1334 ΙΙ
1732 1284 1841 1322 scru-

197 1334 352 1382 pulum
371 1336 576 1381 primum,
597 1346 623 1372 a
644 1334 750 1372 iusta
770 1334 1034 1372 restitutione
1051 1335 1232 1372 excidat.
1254 1334 1403 1381 Quam
1418 1347 1523 1373 vero
1539 1336 1700 1374 subtilis
1717 1337 1755 1374 &
1772 1349 1841 1375 ex-

197 1386 293 1425 acta
314 1389 522 1435 temporis
547 1388 790 1436 intermedij
818 1387 1021 1425 mensura
1044 1390 1089 1425 in
1112 1387 1195 1425 hac
1218 1388 1464 1436 Pragmatia
1490 1392 1746 1436 requiratur,
1770 1390 1841 1428 vbi

197 1452 273 1488 per
285 1440 620 1488 Regiomontani
632 1440 898 1479 Methodum
910 1441 1161 1479 Parallaxes
1172 1444 1496 1488 perquiruntur,
1511 1443 1580 1480 vel
1596 1443 1698 1481 hinc
1714 1449 1840 1490 patet,

198 1493 316 1541 quod
338 1493 487 1532 saltem
509 1499 634 1532 terna
656 1494 856 1542 scrupula
878 1496 1020 1541 prima
1043 1506 1143 1532 curn
1164 1500 1320 1541 quarta
1342 1501 1463 1542 parte
1485 1496 1777 1534 desiderentur
1796 1499 1842 1534 in

197 1551 392 1594 tempore
408 1559 435 1585 a
451 1547 636 1585 Nolthio
652 1547 973 1595 praesuppofito,
990 1553 1033 1585 vt
1050 1559 1103 1585 ex
1119 1547 1269 1595 ijsdem
1284 1548 1600 1586 Altitudinibus
1614 1549 1651 1586 8(
1662 1551 1841 1587 Azimu-

197 1599 295 1644 this,
317 1600 550 1638 Cometam
571 1602 693 1638 omni
714 1600 931 1638 Parallaxi
952 1600 1197 1638 destitutum
1217 1600 1345 1644 fuisse,
1369 1601 1630 1649 sequeretur.
1654 1603 1736 1640 Pro
1759 1603 1841 1641 hac

197 1664 302 1691 vero
322 1653 503 1697 tantilla,
526 1653 564 1691 8(
585 1653 704 1701 quafi
724 1659 1037 1691 momentanea
1057 1656 1265 1701 temporis
1285 1657 1497 1701 portione,
1522 1667 1622 1703 quae
1643 1656 1712 1694 vel
1733 1658 1843 1694 inter

199 1705 547 1750 obseruandum,
565 1707 759 1754 dumque
771 1707 1108 1745 Instrumentum
1120 1708 1359 1751 ordinatur,
1375 1708 1623 1756 oculusque,
1637 1709 1674 1746 8(
1687 1716 1843 1747 caetera

198 1759 400 1806 requifita
411 1760 698 1807 applicantur,
710 1759 858 1797 furtim
870 1760 984 1798 elabi
994 1760 1138 1807 poten,
1152 1763 1248 1807 quis
1258 1766 1399 1799 ratam
1409 1762 1710 1800 certitudinem
1720 1763 1842 1810 polli-

199 1814 284 1850 ceri
307 1812 493 1851 audeat?
517 1813 568 1850 Et
590 1824 646 1850 ne
669 1813 808 1860 ipsum
832 1813 1010 1860 quidem
1032 1813 1266 1851 Nolthium
1288 1826 1367 1861 pro
1390 1814 1458 1852 his
1478 1816 1612 1853 tribus
1634 1815 1843 1863 scrupulis

198 1865 331 1904 fidem
347 1866 699 1913 interpofiturum
716 1866 922 1904 existimo.

252 1919 364 1956 Fieri
385 1921 517 1957 etiam
537 1921 689 1967 potuit,
710 1926 754 1957 vt
773 1922 819 1957 in
839 1920 1017 1967 reliquis
1034 1922 1167 1958 etiam
1183 1920 1467 1965 Dedomenis,
1489 1933 1647 1968 nempe
1664 1923 1843 1959 Azimu-

198 1971 283 2010 this
300 1971 338 2009 8(
353 1972 682 2015 Altitudinibus,
699 1973 849 2020 aliqua
864 1973 948 2010 sese
964 1985 1052 2011 vna
1068 1973 1293 2011 infinuarit
1310 1974 1538 2012 aberratio.
1561 1974 1708 2021 Quam
1726 1977 1844 2013 enim

199 2025 429 2063 difficulter
444 2025 540 2063 haec
557 2026 644 2063 duo
660 2025 785 2064 fimul
801 2038 877 2073 per
893 2026 1072 2073 aliquod
1085 2026 1420 2065 Instrumentum
1439 2028 1605 2065 caelitus
1619 2028 1843 2066 obtinean-

199 2083 279 2122 tur,
301 2089 353 2116 ea
369 2078 633 2125 praecifione,
650 2084 694 2117 vt
709 2081 755 2116 in
771 2079 869 2126 ipfis
884 2079 1094 2126 scrupulis
1109 2082 1273 2127 primis,
1295 2083 1417 2118 omni
1433 2083 1591 2119 erroris
1607 2081 1844 2128 suspicione

199 2137 376 2169 careant
397 2131 533 2179 (quod
553 2131 654 2169 sane
676 2134 721 2169 in
742 2132 824 2170 hac
843 2132 1090 2180 Pragmatia
1109 2133 1237 2171 valde
1257 2135 1508 2181 requiritur)
1525 2140 1686 2172 norunt
1706 2136 1748 2182 ij,
1770 2137 1844 2182 qui

199 2184 511 2222 Mechanicam
522 2185 813 2223 Astronomiae
826 2188 1193 2230 exercitationem,
1205 2188 1338 2234 varijs
1351 2186 1550 2235 Organis,
1568 2193 1660 2225 tum
1673 2188 1843 2235 Magni-

198 2238 348 2276 tudine
361 2237 398 2275 8(
410 2237 582 2282 Forma,
598 2244 692 2276 tum
707 2240 837 2277 etiam
850 2239 1074 2283 diuisione,
1092 2238 1129 2276 8(
1145 2240 1511 2286 pinnacidiorum‚
1529 2241 1843 2288 perpendiculi-

199 2302 297 2338 que,
314 2296 661 2339 caeterorumque
674 2291 977 2339 requifitorum
988 2292 1205 2330 infallibili
1217 2293 1522 2340 applicatione,
1540 2294 1649 2331 nulli
1663 2294 1844 2331 sensibili

198 2345 303 2382 vitio
324 2343 576 2388 obnoxiam,
598 2344 673 2382 diu
692 2345 969 2392 multumque
990 2347 1036 2383 in
1055 2345 1131 2383 vsu
1152 2345 1417 2390 habuerunt;
1439 2349 1513 2394 qui
1534 2352 1681 2385 tamen
1702 2347 1843 2384 nostro

199 2408 313 2441 aeuo,
329 2397 399 2435 vel
414 2397 618 2435 Phaenice
635 2398 825 2436 Arabico
842 2400 1029 2436 rariores
1045 2401 1346 2437 inueniuntur.

253 2449 489 2494 Caeterum,
509 2451 627 2498 quod
644 2463 929 2498 nequaquam
945 2451 1047 2489 huic
1065 2452 1263 2490 Cometae
1280 2454 1548 2499 competierit
1564 2458 1685 2491 tanta
1700 2453 1843 2490 Paral-

199 2502 350 2541 laxeos
369 2503 585 2548 mensura,
607 2509 820 2551 quantam
840 2504 901 2541 illi
923 2504 1090 2553 Nolthij
1115 2505 1454 2543 Obseruationes
1475 2506 1723 2547 obtrudunt,
1747 2506 1843 2543 satis

1709 2558 1843 2605 liquet
