2209 3213
349 218 424 255 332
840 214 924 250 DE
946 211 1170 249 MUNDI
1192 209 1492 246 AETHEREI

348 324 512 360 ardenti
530 321 749 360 sufficeret.
768 325 812 356 ut
830 319 977 356 saltem
992 318 1091 355 inde
1104 316 1376 357 formaretur,
1394 315 1558 352 nedum
1570 320 1716 353 uttam
1728 315 1897 353 diutino
1910 316 1985 354 du-

349 377 525 412 rationis
542 380 734 419 tempore
752 373 1009 409 continuum
1026 370 1088 407 illi
1103 368 1328 416 pabulum,
1350 368 1710 415 alimentumque,
1727 380 1782 407 ne
1799 369 1985 407 citissime

348 428 545 465 deficeret
572 428 991 471 extinguereturque‚
1017 420 1331 470 suppeditaret?
1362 421 1429 459 Sic
1455 423 1573 459 enim
1598 421 1691 459 fieri
1716 421 1985 466 Aristotelici‚

348 483 420 527 qui
434 480 638 517 Cometas
656 490 677 515 e
695 477 1008 515 fumositatibus
1020 474 1305 513 Terrestribus
1317 474 1522 518 constare,
1539 474 1829 522 Meteoraque
1845 475 1986 513 sublu-

347 535 470 570 naria
494 533 579 573 esse,
605 536 835 578 nugantur,
861 528 1072 567 hactenus
1094 528 1220 566 nobis
1243 527 1500 574 persuadere
1524 528 1852 566 contenderunt.
1877 530 1934 566 At
1957 528 1986 566 fi
2025 542 2040 567 5

349 588 442 632 quis
454 585 638 622 caudam
650 596 676 621 a
688 585 838 630 capitis
849 583 1038 620 Materia
1050 582 1248 629 separare
1260 580 1462 624 uoluerit,
1475 580 1797 628 affirmareque,
1811 581 1987 620 exhala-

348 641 485 676 tiones
497 638 624 675 siccas
636 637 709 683 ipsi
722 638 849 683 capiti
862 636 1001 673 solum
1011 636 1247 673 Materiam
1259 633 1493 681 praebuisse,
1504 634 1622 681 quod
1634 634 1874 677 accensum,
1888 646 1987 673 cau-

348 692 447 729 dam
465 691 585 728 illam
598 690 671 727 sua
684 689 863 727 flamma
874 700 951 736 per
962 689 1001 726 se
1015 688 1206 731 ediderit,
1223 686 1363 724 nihilo
1375 692 1523 724 tamen
1534 687 1633 734 plus
1644 687 1865 725 obtinebit.
1884 688 1987 726 Om-

347 746 420 781 nia
430 746 547 780 enim
558 755 656 789 quae
667 742 830 784 ardent,
839 747 1060 789 perpetuae
1071 741 1361 778 consumtioni
1370 739 1465 778 sunt
1475 740 1680 784 obnoxia,
1688 742 1824 778 necin
1833 741 1988 779 eadem

348 797 536 834 Materia
552 796 626 833 diu
644 795 881 839 consistunt,
898 795 968 833 sed
984 794 1163 832 subinde
1175 794 1322 837 aliam,
1339 798 1469 840 atque
1482 793 1616 831 aliam
1628 796 1866 841 requirunt,
1883 799 1930 832 ut
1943 796 1989 832 in
2030 807 2060 832 ιο

348 850 471 897 lignis
495 848 757 891 ardentibus,
783 848 988 891 candelis,
1014 847 1262 894 caeterisque
1288 846 1573 884 inflammatis
1596 847 1725 884 rebus
1747 847 1897 885 uidere
1921 847 1987 886 en.

347 903 471 940 Vnde
488 902 687 949 sequitur,
705 902 823 949 quod
840 901 928 948 ipsa
939 901 1087 944 Terra,
1105 900 1268 938 etiamfi
1279 911 1356 947 per
1367 902 1519 938 omnia
1530 899 1606 938 sua
1616 900 1781 938 uiscera
1793 903 1988 939 exinani-

348 961 474 997 retur,
491 967 582 993 non
598 961 745 993 tamen
761 954 977 992 sufficiens
992 954 1113 997 foret,
1130 954 1185 992 ad
1202 953 1552 991 sustentationem
1562 958 1707 996 tantae,
1724 958 1902 1001 tamque
1915 955 1989 992 diu

347 1009 567 1056 flagrantis
583 1008 723 1046 molis.
742 1008 805 1045 Ex
821 1008 888 1046 his
905 1013 1032 1055 patet,
1050 1019 1102 1045 ea
1118 1018 1219 1054 quae
1235 1006 1450 1045 Scultetus
1464 1007 1517 1044 de
1532 1006 1797 1045 Elementari
1813 1007 1891 1045 fitu
1903 1007 1988 1046 Co-

348 1067 474 1099 metae
490 1061 640 1104 statuit,
657 1061 729 1099 uel
746 1073 768 1099 e
784 1063 969 1109 proprijs
985 1058 1310 1098 induetionibus
1326 1059 1602 1098 collabefieri.
2029 1074 2059 1098 15

401 1114 693 1157 SECVNDO,
711 1115 944 1153 Cometam
956 1115 1186 1152 duratione
1198 1115 1468 1161 apparentiae
1480 1113 1568 1151 suae
1580 1113 1629 1152 65
1641 1113 1733 1151 dies
1745 1113 1989 1152 dimensum

347 1168 474 1211 fuisse,
492 1168 649 1215 quibus
660 1173 749 1206 tam
762 1166 909 1205 exadte
922 1168 1134 1205 Brumam
1145 1167 1373 1210 denotarit,
1390 1171 1437 1204 ut
1450 1171 1622 1214 tempus
1634 1166 1876 1205 durationis
1888 1172 1989 1206 ante

348 1221 386 1259 &
401 1221 490 1269 post
502 1222 724 1265 Brumam,
741 1221 794 1259 fic
811 1226 1071 1268 aequaretur,
1088 1226 1135 1258 ut
1150 1232 1206 1258 ne
1222 1222 1355 1258 unius
1367 1220 1507 1258 Horae
1523 1219 1678 1267 spacio,
1696 1231 1837 1258 unum
1852 1220 1989 1259 altero

347 1274 518 1322 longius
534 1274 672 1312 fuerit.

401 1328 512 1365 Haec
525 1328 702 1374 quidem
714 1329 834 1365 iuxta
846 1327 974 1375 ipfius
987 1327 1174 1371 Sculteti‚
1189 1328 1234 1364 in
1248 1326 1446 1365 Cometae
1461 1327 1704 1370 duratione,
1721 1329 1990 1374 opinionem,
2028 1339 2062 1365 20

348 1384 406 1419 ita
423 1381 704 1428 quadrarunt,
722 1392 821 1428 quae
838 1386 986 1419 tamen
1001 1380 1098 1428 ipfis
1114 1381 1396 1428 Apparentijs
1413 1380 1584 1418 coelitus
1600 1379 1804 1424 deductis,
1826 1392 1990 1427 nequa-

349 1445 482 1481 quam
497 1434 842 1481 correspondent.
860 1434 997 1472 Pofito
1015 1436 1133 1471 enim
1149 1433 1187 1471 &
1204 1434 1406 1477 concesso,
1424 1433 1542 1480 quod
1554 1433 1639 1471 Die
1651 1433 1712 1471 IX
1723 1433 1991 1472 Nouembris

348 1488 586 1535 primordia
606 1487 738 1525 huius
755 1487 953 1525 Cometae
974 1486 1085 1525 iacta
1105 1487 1184 1525 fint
1206 1487 1275 1534 (de
1297 1499 1386 1534 quo
1402 1492 1563 1531 tamen,
1585 1498 1673 1534 quo
1690 1487 1745 1524 ad
1761 1498 1903 1525 unum
1919 1486 1991 1525 uel

348 1541 533 1579 alterum
555 1541 681 1584 diem,
703 1546 749 1578 ut
769 1541 821 1578 de
838 1541 975 1578 Horis
995 1552 1087 1578 non
1107 1540 1263 1584 dicam,
1284 1542 1360 1578 uix
1381 1540 1548 1587 aliquid
1565 1542 1668 1578 certi
1684 1540 1861 1584 constat:
1882 1552 1991 1588 prae-

348 1594 489 1632 sertim
505 1605 605 1632 cum
616 1594 809 1642 Venetijs
824 1594 923 1631 VIII
940 1594 1208 1632 Nouembris
1224 1593 1366 1632 uisum
1381 1593 1496 1632 fuisse
1513 1593 1651 1640 aliqui
1666 1593 1871 1640 referant)
1888 1593 1991 1632 hinc
2029 1607 2062 1632 25

349 1647 403 1685 ad
420 1646 653 1685 Solstitium
669 1647 915 1696 hybernum
931 1647 1140 1685 intersunt
1156 1647 1248 1685 dies
1264 1647 1326 1685 32.
1344 1647 1464 1685 Nam
1480 1647 1565 1685 Die
1576 1647 1638 1685 XI
1649 1647 1906 1685 Decembris
1918 1646 1992 1685 Sol

353 1706 377 1740 Ζ
390 1700 722 1748 ingrediebatur,
732 1703 853 1739 iuxta
861 1712 1029 1739 nonam
1037 1701 1402 1748 pomeridianam,
1413 1712 1466 1738 ex
1476 1700 1618 1739 nostra
1627 1700 1992 1748 redintegratione

351 1756 395 1791 in
407 1753 535 1801 ipfius
547 1754 693 1792 cursus
704 1756 1022 1792 numeratione.
1038 1754 1107 1792 Ab
1119 1754 1203 1792 hoc
1215 1765 1322 1792 uero
1335 1754 1403 1792 die
1415 1754 1550 1801 usque
1562 1754 1617 1792 ad
1628 1753 1773 1792 XXVI
1785 1754 1991 1802 Ianuarii,

351 1818 439 1854 quo
457 1807 641 1845 Cometa
656 1807 811 1845 ultimo
827 1819 853 1845 a
869 1808 995 1845 nobis
1011 1807 1127 1845 uisus
1144 1807 1211 1851 est,
1228 1807 1384 1846 refidui
1400 1807 1495 1845 sunt
1512 1808 1602 1845 dies
1617 1807 1681 1852 46,
1703 1808 1778 1854 qui
1798 1807 1896 1855 plus
1913 1809 1991 1845 mi-

351 1872 434 1897 nus
450 1862 574 1898 tertia
589 1865 710 1907 parte
727 1861 940 1899 excedunt
952 1872 1189 1899 numerum
1200 1860 1383 1905 dierum,
1400 1861 1558 1908 quibus
1569 1866 1670 1898 ante
1682 1860 1894 1898 Brumam
1907 1860 1991 1899 Co·
2029 1873 2063 1898 30

352 1918 468 1951 meta
488 1912 724 1960 spectabilis
745 1919 847 1952 erat.
870 1914 1036 1962 Irrepfit
1056 1916 1203 1961 itaque
1219 1914 1409 1952 Sculteto
1430 1914 1500 1952 hic
1521 1913 1664 1961 lapsus
1679 1915 1725 1951 in
1742 1913 1991 1961 aequalitate

353 1966 594 2004 durationis
611 1968 715 2010 eius,
732 1972 832 2005 ante
849 1966 886 2004 &
902 1967 991 2014 post
1003 1968 1226 2012 Brumam,
1245 1979 1297 2005 ex
1314 1979 1367 2005 eo
1383 1967 1502 2015 quod
1517 1969 1691 2005 initium
1706 1966 1744 2004 &
1756 1966 1892 2005 finem
1903 1968 1991 2015 Ap-

353 2021 562 2066 parentiae
575 2019 771 2058 Cometae
787 2032 879 2058 non
894 2022 972 2058 rite
988 2020 1353 2068 praesupponeret.
1371 2021 1422 2058 Et
1438 2032 1526 2068 quo
1542 2021 1598 2058 ad
1614 2022 1787 2058 initium
1801 2020 1991 2067 quidem,

354 2083 421 2109 res
436 2071 531 2109 haec
547 2083 637 2109 non
654 2075 827 2120 cognitu
842 2073 991 2117 facilis,
1008 2085 1097 2121 quo
1113 2074 1168 2112 ad
1184 2073 1319 2112 finem
1336 2085 1455 2119 uero,
1472 2074 1501 2111 fi
1517 2075 1721 2112 attentius
1736 2073 1914 2112 Coelum
1929 2075 1991 2111 in-

354 2125 551 2172 spexisset,
568 2127 717 2172 utique
733 2124 850 2163 Hunc
867 2126 979 2165 ultra
995 2127 1097 2164 XIII
1114 2127 1304 2176 Ianuarij
1322 2127 1604 2175 perseuerasse
1621 2127 1991 2165 animaduertisset.
2030 2139 2063 2164 35

355 2177 472 2215 Nam
489 2177 525 2215 &
543 2177 775 2216 Cornelius
789 2179 980 2218 Gemma
997 2191 1099 2218 eum
1114 2180 1257 2218 XVIII
1270 2181 1461 2229 Ianuarij
1480 2182 1601 2218 iuxta
1617 2179 1820 2218 Stellulas
1836 2181 1882 2217 in
1897 2191 1992 2227 pec-

354 2236 446 2268 tore
466 2230 609 2278 Pegafi
630 2231 886 2270 obseruauit.
910 2233 1079 2271 Frustra
1101 2235 1228 2281 igitur
1249 2238 1339 2272 tam
1360 2232 1558 2272 exactam
1578 2234 1633 2271 ad
1654 2233 1865 2271 Brumam
1884 2232 1992 2271 rela-

354 2285 519 2321 tionem
534 2283 742 2322 scrutatus
759 2285 813 2322 est
830 2285 1055 2330 Scultetus,
1076 2298 1175 2324 cum
1193 2289 1324 2325 etiam
1340 2287 1463 2325 nulla
1478 2286 1715 2334 probabilis
1730 2288 1841 2324 ratio
1857 2285 1992 2330 subfit,

356 2342 619 2383 quapropter
643 2349 742 2375 cum
765 2338 961 2376 Brumali
986 2340 1054 2376 die
1079 2340 1211 2377 talem
1236 2340 1594 2378 concordantiam
1619 2340 1813 2378 obtinere
1837 2340 1993 2377 merito

356 2389 561 2427 debuerit.
585 2389 729 2428 Taceo
753 2393 895 2435 etiam,
919 2393 1037 2439 quod
1057 2392 1224 2440 Solstitij
1249 2398 1526 2431 momentum
1547 2404 1639 2431 non
1661 2397 1751 2430 tam
1772 2392 1947 2439 praecise
1970 2404 1993 2430 e
2031 2404 2065 2429 40

356 2441 534 2480 Tabulis
557 2443 725 2487 constet,
749 2449 794 2481 ut
817 2445 869 2482 de
893 2445 1019 2483 Hora
1042 2447 1135 2483 eius
1158 2448 1259 2484 certi
1283 2447 1359 2484 esse
1382 2447 1596 2494 possimus,
1622 2445 1812 2493 hincque
1832 2443 1994 2484 factum

357 2495 423 2538 est,
449 2500 495 2532 ut
520 2495 745 2541 scultetus,
770 2497 843 2535 uel
866 2499 1040 2545 integris
1062 2499 1086 2536 9
1109 2499 1245 2537 Horis
1268 2499 1435 2547 Solstitij
1461 2496 1476 2550 ΙΙ
1498 2505 1670 2547 tempus
1692 2498 1993 2542 retardauerit;
2018 2504 2083 2535 419

1877 2551 1994 2599 quod
