2209 3213
166 766 227 798 188

184 825 214 850 10

181 1091 211 1116 15

179 1355 212 1381 20

179 1621 213 1646 25

183 1886 216 1912 30

182 2152 216 2177 35

182 2417 215 2443 40

572 227 1094 267 RECENTIORIBUS
1116 227 1573 266 PHAENOMENIS
1824 228 1890 266 157

251 335 444 383 spiciant;
462 334 654 381 reliquos
666 345 770 372 vero
784 336 979 381 quinque
992 334 1193 372 Planetas
1205 336 1318 372 circa
1329 333 1477 372 Solem
1493 333 1644 380 ipsum,
1661 333 1779 371 velut
1795 345 1891 381 pro-

251 390 395 436 prium
412 388 583 426 Ducem
600 386 637 424 &
654 387 826 434 Regem,
847 399 974 435 gyros
994 387 1164 431 ducere,
1186 399 1377 434 eumque
1397 386 1563 434 semper
1583 388 1629 424 in
1649 386 1892 424 meditullio

251 441 426 479 suarum
443 440 772 478 reuolutionum
786 440 1060 478 incedentem
1072 440 1314 483 obseruare,
1332 442 1391 478 ita
1402 445 1445 478 vt
1457 440 1512 478 ad
1524 439 1653 487 ipfius
1665 442 1893 477 circuitum

252 496 383 532 etiam
399 498 547 531 centra
564 493 761 537 Orbium,
779 504 890 540 quos
907 495 1020 531 circa
1036 493 1175 541 ipsum
1191 493 1446 537 describunt,
1467 495 1699 531 annuatim
1715 493 1893 530 conuol-

251 552 425 590 uantur,
437 547 639 585 asseuero.
657 546 703 584 Id
716 548 833 583 enim
846 558 937 584 non
948 546 1087 584 solum
1099 548 1144 583 in
1151 546 1322 584 Venere
1335 546 1372 583 8(
1384 546 1621 590 Mercurio,
1634 545 1689 583 ob
1701 548 1894 584 minores

252 611 405 638 eorum
417 611 443 638 a
455 599 554 638 Sole
567 599 850 646 digressiones,
864 599 934 637 sed
947 601 1078 637 etiam
1089 601 1135 637 in
1146 599 1281 637 tribus
1293 599 1389 637 aliis
1401 599 1693 646 superioribus
1704 599 1894 637 Planetis

250 653 397 691 locum
419 652 581 690 habere
604 652 827 690 adinueni.
851 653 996 699 Atque
1019 652 1103 690 hoc
1123 652 1257 690 modo
1277 654 1323 690 in
1342 652 1478 690 tribus
1498 652 1566 690 his
1587 652 1893 690 remotioribus

251 706 452 749 Planetis,
477 707 552 752 qui
574 705 765 743 vastitate
788 705 965 743 suarum
988 707 1101 743 circa
1121 705 1268 743 Solem
1289 705 1631 749 reuolutionum,
1653 705 1835 743 Terram
1856 705 1894 743 8(

251 764 390 797 totum
414 758 736 796 Elementarem
759 758 989 802 mundum,
1014 770 1190 805 vnaque
1213 759 1387 796 Lunam
1412 758 1514 796 huic
1540 755 1893 808 contet-{lminam

251 812 492 856 includunt,
514 813 657 849 omnis
678 811 753 849 illa
773 823 991 859 apparens
1011 816 1157 849 motus
1178 811 1468 858 inaequalitas,
1490 823 1590 859 quae
1606 811 1823 849 veteribus
1839 811 1894 849 ab

252 864 476 913 Epicyclis,
503 865 750 912 Copernico
773 876 878 902 vero
903 864 959 902 ob
983 869 1153 902 motum
1178 876 1379 902 annuum
1402 864 1549 902 Terrae
1575 866 1793 912 contingit,
1819 876 1895 912 per

250 918 383 956 talem
399 920 534 955 centri
547 917 676 956 Orbis
692 917 869 955 illorum
884 929 973 955 vna
988 929 1089 955 cum
1101 917 1213 955 Solis
1225 929 1376 955 annua
1387 918 1665 955 reuolutione
1677 919 1894 955 concomi-

250 973 447 1014 tantiam,
468 971 672 1018 aptissime
689 970 927 1014 excusatur,
945 970 983 1008 &
999 970 1266 1008 Stationibus
1282 982 1332 1008 ac
1349 971 1808 1018 Retrogradationibus
1824 982 1894 1008 eo-

251 1035 362 1068 rum,
379 1025 555 1062 accessui
567 1024 622 1062 ad
633 1023 816 1062 Terram
828 1023 865 1061 &
877 1024 1061 1066 recessui,
1078 1023 1411 1071 apparentisque
1428 1024 1740 1071 magnitudinis
1753 1026 1893 1062 varia-

248 1079 368 1121 tioni,
393 1077 642 1124 caeterisque
666 1076 927 1114 eiuscemodi
950 1077 1223 1124 passionibus‚
1247 1076 1317 1114 vel
1338 1082 1552 1123 praetextu
1575 1076 1893 1125 Epicyclorum,

248 1130 317 1168 vel
328 1142 405 1178 per
416 1131 717 1168 assumtionem
728 1135 873 1167 motus
884 1129 1033 1167 Terrae
1045 1129 1220 1173 obortis,
1238 1129 1403 1168 occasio
1417 1129 1634 1168 sufficiens
1650 1131 1893 1177 porrigitur.

249 1184 299 1221 In
315 1183 485 1221 Venere
501 1188 651 1221 autem
663 1182 701 1220 &
713 1183 937 1221 Mercurio
953 1182 1118 1230 ipfimet
1135 1185 1248 1221 circa
1265 1183 1412 1221 Solem
1429 1185 1632 1221 circuitus
1647 1185 1840 1221 minores
1856 1182 1894 1221 &

247 1236 431 1274 Terram
443 1248 534 1274 non
546 1236 800 1280 ambientes,
812 1235 908 1274 haec
920 1238 1084 1280 omnia,
1097 1247 1197 1274 cum
1209 1238 1425 1274 rationem
1437 1236 1663 1283 quandam
1673 1236 1894 1284 Epicyclo-

249 1301 347 1327 rum
367 1289 615 1336 praeseferre
633 1290 877 1333 videantur,
898 1289 1228 1333 subministrant,
1250 1301 1426 1336 vnaque
1447 1289 1499 1327 de
1520 1289 1681 1327 horum
1698 1289 1894 1327 Planeta-

249 1354 348 1380 rum
363 1342 491 1390 supra
506 1342 576 1380 vel
592 1342 705 1380 infra
721 1342 869 1380 Solem
885 1342 1170 1389 dispofitione,
1189 1343 1526 1390 antiquissimam
1542 1342 1895 1390 disceptationem

249 1396 469 1434 dirimunt.
491 1397 637 1443 Atque
654 1395 756 1433 hinc
772 1395 954 1434 euidens
971 1395 1099 1434 causa
1115 1396 1319 1440 redditur,
1336 1408 1412 1434 cur
1429 1396 1541 1434 Solis
1557 1396 1735 1443 simplex
1750 1401 1896 1433 motus

249 1450 451 1487 omnium
471 1451 666 1496 quinque
685 1448 966 1487 Planetarum
986 1449 1189 1494 motibus,
1210 1449 1421 1496 peculiari
1442 1449 1480 1487 8(
1501 1454 1616 1487 certo
1638 1454 1801 1493 tenore,
1822 1460 1895 1487 ne-

250 1503 421 1540 cessario
438 1501 754 1545 commiscetur;
771 1504 831 1540 ita
846 1507 889 1540 vt
905 1502 960 1540 ad
977 1501 1089 1540 Solis
1106 1514 1310 1540 normam
1326 1514 1480 1540 omnes
1492 1503 1777 1550 Apparentiae
1794 1502 1895 1540 Coe-

249 1555 370 1593 lestes
390 1555 473 1593 sese
494 1555 691 1603 dirigant,
713 1555 831 1602 isque
852 1560 989 1593 totam
1009 1555 1147 1593 Chori
1169 1555 1450 1594 Planetarum
1471 1556 1782 1598 Harmoniam,
1803 1560 1895 1593 tan-

251 1620 386 1656 quam
402 1608 564 1656 Apollo
586 1608 692 1655 (quo
714 1610 845 1646 etiam
865 1610 1045 1646 nomine
1062 1620 1089 1647 a
1104 1609 1322 1647 veteribus
1338 1608 1662 1657 insigniebatur)
1684 1610 1729 1646 in
1749 1608 1895 1646 medio

251 1661 494 1705 Musarum,
510 1662 772 1700 moderetur.

303 1714 533 1761 Quantum
549 1726 653 1752 vero
670 1715 725 1752 ad
742 1714 933 1761 reliquas
949 1714 1301 1762 particulariores
1318 1715 1629 1762 inaequalitatis
1646 1717 1897 1762 apparentis

250 1767 528 1811 differentias,
555 1779 666 1815 quas
690 1772 857 1805 veteres
881 1779 958 1815 per
983 1768 1255 1806 Eccentricos
1279 1768 1317 1805 &
1339 1768 1596 1816 AEquantes,
1623 1768 1896 1816 Copernicus

252 1832 329 1868 per
345 1821 615 1869 Epicyclium
631 1823 677 1858 in
693 1820 1041 1859 circumferentia
1056 1821 1264 1865 Eccentri‚
1286 1824 1380 1869 pari
1396 1833 1497 1859 cum
1512 1821 1602 1869 ipso
1619 1821 1896 1859 reuolutione

254 1874 551 1917 conuertibile,
572 1873 666 1912 fieri
687 1876 912 1921 imaginati
933 1874 1040 1918 sunt,
1062 1874 1149 1912 illae
1171 1877 1301 1912 etiam
1322 1877 1368 1912 in
1389 1874 1471 1913 hac
1492 1874 1634 1912 nostra
1655 1874 1898 1922 Hypothefi

253 1927 378 1965 facile
399 1927 558 1965 saluari
574 1928 752 1974 possunt,
773 1927 860 1965 flue
877 1939 953 1974 per
970 1927 1207 1965 Circellum
1225 1930 1508 1975 competentis
1524 1928 1837 1976 magnitudinis
1853 1930 1898 1966 in

255 1980 371 2019 Orbe
388 1982 501 2018 circa
513 1980 662 2018 Solem
674 1980 936 2023 Eccentrico,
954 1980 1040 2018 fiue
1057 1981 1219 2028 duplici
1233 1981 1421 2019 Circello
1438 1983 1483 2019 in
1500 1981 1650 2028 aliquo
1663 1981 1780 2019 Orbe
1797 1993 1897 2019 con-

253 2035 459 2078 centrico;
481 2035 539 2072 ita
555 2038 598 2071 vt
615 2045 706 2071 non
722 2035 869 2071 minus
885 2045 1020 2080 quam
1037 2034 1154 2081 apud
1172 2034 1469 2082 Copernicum
1490 2046 1645 2072 omnes
1666 2034 1898 2073 circulares

252 2091 398 2124 motus
420 2086 496 2124 sua
518 2089 696 2134 propria
718 2086 945 2134 respiciant
968 2092 1127 2130 centra,
1153 2088 1382 2135 repudiata
1404 2087 1671 2125 Ptolemaica
1693 2087 1898 2126 discohae-

253 2142 408 2184 rentia;
431 2140 807 2187 quemadmodum
824 2139 919 2177 haec
936 2142 1087 2178 omnia
1103 2140 1275 2188 plenius
1292 2141 1329 2178 8(
1346 2141 1651 2188 particularius
1668 2141 1899 2188 explicabi-

252 2204 351 2231 mus
366 2195 412 2231 in
424 2193 582 2240 Opere,
600 2193 717 2240 quod
734 2193 786 2230 de
799 2193 1088 2231 Astronomiae
1105 2194 1470 2242 redintegratione
1488 2194 1680 2241 (fauente
1697 2194 1898 2241 supremo

253 2246 467 2293 Numine)
485 2246 711 2284 elaborare
729 2246 1021 2290 decreuimus;
1038 2247 1109 2284 vbi
1126 2258 1179 2284 ex
1190 2247 1369 2294 professo
1382 2248 1434 2285 de
1446 2247 1530 2285 hac
1542 2247 1784 2295 Hypothefi
1797 2247 1898 2285 Coe-

252 2299 420 2337 lestium
437 2304 639 2337 motuum
656 2311 848 2347 agemuS,
871 2300 1108 2347 omnesque
1124 2301 1419 2348 Apparentias
1436 2301 1716 2339 Planetarum
1733 2300 1808 2347 ipfi
1824 2313 1897 2348 ap-

252 2354 391 2399 prime
403 2352 635 2400 astipulari,
647 2352 684 2390 &
694 2351 850 2390 reffius
862 2364 997 2399 quam
1009 2353 1187 2400 reliquis
1199 2352 1411 2392 hactenus
1422 2353 1633 2401 vsurpatis
1646 2365 1897 2401 congruere,

253 2405 671 2444 Demonstrabimus.
680 2406 734 2443 Vt
743 2417 847 2443 vero
857 2405 953 2443 haec
963 2406 1104 2444 nostra
1113 2409 1159 2444 in
1168 2407 1440 2454 dispofitione
1449 2407 1635 2445 Orbium
1644 2407 1898 2445 Coelestium

253 2460 473 2497 neoterica
492 2461 691 2497 inuentio
709 2458 867 2497 melius
884 2461 1165 2507 concipiatur,
1188 2462 1281 2498 eius
1298 2460 1486 2499 Schema
1502 2472 1620 2498 nunc
1636 2460 1864 2498 exhibebo.
1881 2456 1897 2511 ΙΙ

1732 2566 1896 2605 NOVA
