2209 3213
337 197 412 234 346
828 192 910 229 DE
932 190 1156 229 MUNDI
1178 189 1478 227 AETHEREI

332 302 436 342 stitit,
450 303 493 337 in
506 310 711 337 numeros
724 298 942 338 resolutas,
960 302 1051 334 erat
1063 296 1292 333 necessario
1304 297 1349 332 in
1361 296 1518 338 Prima,
1535 306 1613 342 pro
1626 297 1794 333 ratione
1806 297 1972 333 interea

333 360 509 390 mutatae
531 352 795 393 Altitudinis,
819 350 1058 387 Parallaxis
1081 348 1236 386 eadem
1258 349 1375 395 grad.
1396 349 1432 386 5.
1454 350 1559 386 min.
1581 348 1634 391 16,
1659 359 1758 394 quae
1781 347 1923 386 differt
1945 359 1973 386 a

332 406 463 443 modo
480 404 590 442 dicta
605 405 654 441 35
672 403 891 449 scrupulis,
910 414 1009 439 cum
1026 413 1078 439 ex
1095 401 1224 449 ipfius
1239 401 1511 438 Dedomenis
1523 400 1773 439 Parallaxes
1789 401 1843 439 ab
1859 402 1970 438 inui-

333 470 424 496 cem
442 470 531 494 non
548 457 824 503 discreparint
840 456 937 502 plus
954 455 1004 492 20
1020 457 1124 492 min.
1141 460 1183 491 vt
1200 453 1246 492 s1t
1262 453 1636 492 disconuenientia
1651 458 1819 501 quartae
1837 456 1971 501 partis

331 511 500 558 gradus.
518 522 617 557 quae
635 521 724 546 non
741 508 912 546 facilem
928 513 1118 545 meretur
1135 507 1469 545 excusationem.
2008 519 2023 544 5

385 564 429 600 Id
447 575 550 600 vero
567 569 609 600 vt
626 564 781 599 certius
798 561 966 603 constet,
988 572 1064 608 per
1084 559 1336 598 adiunctam
1352 560 1557 607 Figuram
1575 559 1970 607 comprobabimus.

333 617 449 661 Quia
472 616 672 663 Angulus
696 614 826 652 EAD
850 614 1220 661 complementum
1244 613 1499 651 Altitudinis
1522 613 1736 651 Secundae
1760 612 1972 651 Obserua-

332 671 471 709 tionis.
494 674 623 706 notus
645 668 699 705 est
718 667 834 715 grad.
856 667 918 705 56.
940 669 1093 704 minut.
1115 666 1178 709 45,
1202 667 1281 703 erit
1301 666 1363 703 illi
1384 666 1667 713 extrapositus
1688 666 1819 704 BAD
1841 667 1972 704 etiam

859 721 1067 767 cognitus,
1088 724 1234 766 vtpote
1256 718 1449 756 residuus
1470 720 1525 757 ad
1546 719 1656 757 duos
1677 717 1841 762 Redios,
1864 724 1971 766 part.

858 773 938 810 123.
955 775 1109 810 minut.
1126 772 1180 815 15,
1198 771 1235 809 8(
1252 774 1357 819 quia
1372 772 1499 810 datur
1514 771 1716 819 Angulus
1732 771 1877 815 ADB,
1894 772 1971 809 Pa·
2013 783 2043 808 ιο

673 828 699 858 C
858 825 1036 863 rallaxis
1048 825 1262 863 Secundae
1275 824 1603 863 Obseruationis
1619 825 1735 873 grad.
1752 826 1787 863 5.
1800 827 1904 863 min.
1916 825 1971 869 51,

859 878 896 916 &
906 879 1039 916 Latus
1046 878 1123 916 AB
1135 878 1465 916 Semidiameter
1474 877 1622 916 Terrae
1634 879 1854 916 assumitur
1864 883 1971 925 part.

747 926 773 953 ὁ
859 931 1018 974 100000,
1042 931 1229 978 prodibit
1251 942 1273 968 e
1294 931 1404 969 datis
1427 930 1510 969 hoc
1532 931 1666 969 modo
1690 930 1861 969 duobus
1881 932 1971 968 An-

386 976 432 1027 J4
452 958 721 1063 l
858 985 969 1032 gulis
986 996 1084 1022 cum
1097 995 1185 1021 vno
1198 984 1363 1027 Latere,
1380 984 1498 1022 linea
1510 984 1593 1022 BD
1607 984 1848 1022 earundem
1863 988 1971 1031 part.

398 1088 425 1120 B
438 1023 522 1109 'A
858 1037 1026 1076 820526.
1054 1037 1173 1075 Huic
1198 1037 1253 1075 est
1278 1037 1462 1084 aequalis
1487 1037 1580 1082 BC,
1605 1042 1751 1084 vtpote
1777 1049 1799 1075 e
1825 1042 1972 1075 centro
2014 1049 2044 1073 15

793 1096 823 1132 F
860 1090 1051 1128 eiusdem
1077 1090 1241 1128 Circuli
1273 1090 1433 1137 (neque
1461 1092 1580 1128 enim
1605 1090 1792 1129 Cometa
1816 1092 1862 1128 in
1886 1101 1973 1128 vna

860 1144 987 1181 Hora
999 1143 1242 1181 distantiam
1253 1155 1280 1181 a
1290 1143 1534 1181 meditullio
1543 1143 1690 1181 Terrae
1702 1148 1872 1181 mutare
1883 1143 1972 1181 sen-

860 1196 1032 1234 fibiliter
1047 1196 1202 1243 potuit)
1220 1197 1407 1243 ideoque
1424 1198 1469 1234 in
1485 1196 1724 1244 Triangulo
1740 1196 1881 1241 ABC,
1901 1196 1974 1234 vbi

333 1251 534 1298 Angulus
547 1250 664 1288 ΒΑΕ
677 1262 730 1287 ex
742 1250 1062 1296 complemento
1074 1249 1329 1287 Altitudinis
1341 1250 1498 1287 Primae
1512 1250 1568 1288 ad
1582 1250 1692 1287 duos
1704 1248 1868 1293 Redios,
1884 1251 1974 1287 iam

334 1304 388 1341 est
404 1304 445 1341 P.
459 1303 529 1340 131.
547 1303 610 1340 M.
623 1303 658 1345 8.
676 1302 714 1340 8(
731 1304 834 1349 quia
850 1303 1020 1347 dantur,
1036 1307 1079 1340 vt
1096 1305 1228 1350 prius,
1246 1303 1334 1340 duo
1350 1302 1507 1341 Latera
1522 1303 1604 1340 AB
1622 1302 1659 1340 &
1675 1302 1754 1341 BC
1770 1314 1858 1341 vna
1874 1314 1974 1340 cum
2011 1314 2045 1339 20

334 1356 509 1404 Angulo
522 1356 652 1399 ΒΑΕ,
665 1367 755 1393 non
766 1355 913 1393 latebit
922 1356 1124 1403 Angulus
1133 1356 1214 1394 AC
1223 1356 1256 1393 B
1269 1356 1508 1393 Parallaxis
1520 1356 1656 1393 Priori
1669 1355 1974 1394 Obseruationi

334 1409 684 1456 correspondens,
705 1409 821 1456 grad.
843 1410 878 1446 5.
900 1411 1052 1447 minut.
1075 1409 1128 1452 16,
1153 1421 1252 1456 quae
1274 1411 1425 1447 omnia
1445 1407 1669 1447 antedictis
1690 1408 1973 1452 consentiunt,

334 1474 473 1509 eaque
489 1461 761 1500 confirmant.
780 1458 794 1511 ΙΙ

387 1515 541 1553 Fateor
562 1515 739 1562 quidem
759 1520 928 1552 motum
948 1517 1175 1562 proprium
1195 1515 1521 1562 aliquantulum
1536 1515 1834 1553 Parallaxium
1854 1513 1973 1553 diffe-
1998 1520 2063 1552 436

334 1570 518 1606 rentiam
539 1566 774 1612 coarctasse‚
797 1568 914 1615 quod
935 1573 1083 1606 tamen
1103 1568 1238 1615 spatio
1256 1570 1385 1606 vnius
1404 1568 1544 1606 Horae
1564 1570 1850 1616 perexiguum
1871 1572 1974 1612 erat,
2012 1579 2045 1605 25

333 1621 370 1659 8(
387 1621 489 1659 huic
505 1621 760 1659 differentiae
777 1632 868 1658 non
885 1621 1200 1659 conferendum
1216 1623 1346 1666 venit,
1367 1629 1542 1669 propter
1561 1621 1808 1660 tarditatem
1828 1620 1975 1659 cursus

334 1674 530 1712 Cometae
547 1676 661 1712 circa
676 1674 792 1712 diem
805 1674 1132 1713 Obseruationis
1148 1674 1332 1723 Nolthij,
1350 1675 1528 1722 quando
1544 1686 1621 1722 per
1637 1674 1810 1713 Horam
1826 1674 1975 1713 saltem
2012 1677 2032 1708 ’1-

334 1728 379 1767 2}
394 1730 546 1765 minut.
563 1728 833 1774 prorepebat.

387 1780 614 1818 Constituit
630 1781 807 1827 quidem
819 1780 1027 1818 Nolthius
1044 1792 1066 1818 e
1083 1780 1158 1818 suo
1176 1780 1344 1819 calculo
1361 1780 1652 1819 differentiam
1667 1780 1886 1828 Vtriusque
1897 1780 1975 1819 Pa-

334 1834 551 1871 rallaxeos
571 1833 620 1871 33
642 1835 925 1877 minutorum,
949 1834 1067 1881 quod
1088 1836 1424 1881 quamproxime
1445 1834 1520 1872 tali
1536 1846 1563 1872 a
1577 1834 1722 1872 Terris
1742 1835 1975 1872 remotioni
2012 1845 2046 1871 30

334 1889 379 1923 in
395 1887 505 1924 datis
516 1886 830 1924 Altitudinibus
847 1889 1054 1934 congruit.
1072 1887 1237 1925 Verum
1249 1898 1349 1925 cum
1360 1887 1404 1925 id
1416 1886 1634 1931 exactiori,
1650 1899 1727 1934 per
1738 1887 1867 1935 ipsius
1878 1898 1975 1934 pro-

335 1942 429 1986 pria
453 1939 693 1977 Azimutha
719 1939 756 1976 8(
780 1940 1056 1984 Altitudines‚
1083 1940 1252 1978 calculo
1277 1952 1369 1978 non
1393 1940 1661 1988 respondeat,
1691 1940 1976 1988 suspicionem

335 1998 495 2035 mouet,
512 1992 592 2030 has
604 1992 853 2030 Parallaxes
864 2004 942 2040 pro
954 1993 1075 2031 libito
1088 1994 1141 2031 ab
1153 1993 1229 2031 illo
1241 1994 1477 2037 ordinatas,
1489 2005 1581 2031 non
1592 1993 1976 2032 fundamentaliter

335 2056 411 2092 per
426 2044 687 2092 Triangulos
704 2045 741 2082 &
757 2057 966 2083 numeros
983 2046 1042 2092 (vt
1059 2046 1264 2093 oportuit)
1282 2046 1568 2094 inuestigatas.

389 2098 453 2135 Ex
469 2097 536 2135 his
552 2109 655 2135 vero
673 2099 888 2142 omnibus,
906 2099 1140 2136 Nolthium
1156 2111 1247 2137 non
1263 2099 1402 2137 solum
1418 2101 1464 2137 in
1479 2101 1687 2147 temporis
1702 2100 1872 2146 vtrique
1889 2099 1975 2137 Ob·
2013 2110 2047 2135 35

336 2150 569 2188 seruationi
585 2151 801 2197 interlapli
813 2151 1117 2199 designatione,
1133 2152 1203 2190 sed
1215 2154 1347 2190 etiam
1358 2154 1404 2190 in
1415 2152 1665 2190 Azimuthis
1676 2152 1714 2190 8(
1726 2152 1975 2190 Altitudini-

336 2203 428 2245 bus,
446 2204 685 2241 admodum
701 2203 948 2241 sensibiliter
963 2205 1159 2248 deuiasse‚
1176 2217 1255 2243 nec
1273 2205 1560 2243 Instrumento
1573 2205 1671 2243 satis
1683 2206 1843 2243 idoneo
1855 2205 1977 2243 vsum

337 2255 463 2300 fuisse,
480 2256 578 2293 satis
593 2256 738 2303 liquet.
758 2256 1145 2302 Quemadmodum
1158 2260 1289 2296 etiam
1300 2260 1345 2296 in
1357 2258 1490 2297 Stella
1501 2259 1636 2296 Noua
1647 2259 1768 2296 Anni
1783 2258 1834 2297 72
1849 2257 1977 2305 supra

337 2309 519 2346 modum
530 2308 824 2347 hallucinatus
837 2310 903 2353 est,
919 2310 1106 2348 statuens
1118 2322 1216 2348 eam
1228 2313 1274 2348 in
1285 2311 1508 2350 sublunari
1519 2313 1708 2359 regione,
1725 2310 1976 2349 attribuens-

338 2373 421 2408 que
435 2361 496 2398 illi
507 2362 756 2399 Parallaxin
768 2363 818 2400 39
829 2365 933 2401 min.
945 2365 991 2400 in
1003 2363 1199 2402 distantia
1210 2376 1236 2402 a
1247 2366 1405 2402 vertice
1422 2365 1463 2402 13
1474 2365 1591 2412 grad.
1608 2376 1708 2411 quae
1725 2364 1780 2402 ob
1796 2364 1839 2402 id
1856 2366 1977 2402 iuxta
2013 2375 2048 2400 40

338 2414 629 2452 Horizontem
649 2415 921 2461 sesquitribus
941 2416 1144 2463 gradibus
1163 2419 1305 2454 maior
1320 2418 1538 2462 euaderet,
1560 2429 1648 2465 qua
1663 2419 1709 2454 in
1724 2428 1770 2455 re
1787 2417 1897 2455 adeo
1913 2419 1976 2454 in-

337 2467 616 2505 tolerabiliter
636 2479 662 2505 a
682 2467 808 2515 scopo
830 2468 1014 2513 deflexit,
1036 2474 1079 2506 vt
1099 2471 1231 2507 etiam
1250 2470 1340 2508 solo
1362 2470 1528 2509 oculari
1543 2472 1703 2508 intuitu
1718 2475 1808 2508 tarn
1824 2470 1977 2508 crassus

1858 2534 1977 2561 error
