2209 3213
519 227 1041 266 RECENTIORIBUS
1062 227 1519 266 PHAENOMENIS
1774 227 1841 265 241

200 334 550 382 requirebantur:
571 339 721 372 tamen
741 346 832 372 non
851 334 1034 372 dubium
1050 333 1117 376 est,
1139 333 1276 377 illum,
1298 333 1327 371 fi
1347 346 1438 371 non
1454 333 1552 372 satis
1568 333 1742 381 praecise
1758 333 1843 371 sco-

200 400 306 436 pum
318 387 457 434 ipsum
469 389 615 435 attigit,
632 387 781 425 saltem
793 389 838 425 in
850 387 934 425 hoc
946 386 1057 425 rec'te
1069 386 1310 430 collimasse,
1324 387 1442 434 quod
1454 387 1705 425 Parallaxin
1716 386 1844 434 longe

200 443 417 479 minorem
440 440 651 485 Cometae,
675 452 811 488 quam
831 441 958 478 Luna
979 442 1110 478 etiam
1130 452 1157 478 a
1176 439 1321 478 Terris
1342 441 1617 478 remotissima
1639 440 1844 483 obtineat,

200 495 429 542 assignarit;
450 499 494 531 vt
515 493 570 531 ob
590 493 633 531 id
651 493 927 531 manifestum
944 494 1115 538 euadat,
1137 505 1240 531 eum
1256 505 1347 531 non
1362 493 1643 532 sublunarem
1660 493 1844 535 extitisse,

148 561 163 585 5
200 547 270 585 sed
286 549 332 584 in
348 546 437 594 ipso
453 546 634 584 AEthere
650 546 822 584 cursum
837 546 964 585 suum
981 547 1220 584 exercuisse.

253 600 366 638 Satis
386 601 518 638 etiam
539 605 846 647 competenter,
869 599 952 638 hac
974 602 1020 637 in
1042 604 1176 647 parte,
1197 599 1295 637 vsus
1318 599 1373 637 est
1393 599 1526 638 Stella
1546 599 1621 637 illa
1641 601 1686 637 in
1709 610 1847 637 manu

200 654 396 697 Antinoi,
417 652 628 700 fiquidem
643 653 789 691 versus
810 652 925 691 hanc
942 653 1128 691 Cometa
1144 655 1223 690 iter
1238 653 1364 690 suum
1381 665 1515 700 quam
1532 654 1731 700 proxime
1748 652 1846 690 diri-

200 706 336 754 gebat.
355 706 405 744 Et
420 706 519 744 licet
529 706 749 744 distantias
760 718 837 754 per
849 706 1036 744 Radium
1052 717 1144 744 non
1159 705 1256 744 satis
1273 705 1421 744 exacte
1437 706 1692 753 perscrutari
1708 706 1846 749 liceat,

111 767 176 798 292
201 760 256 798 ob
272 759 433 797 multas
449 759 487 797 &
503 764 640 797 certas
657 759 819 803 causas,
841 759 944 797 alibi
965 771 1066 797 cum
1083 759 1135 797 de
1152 755 1166 808 ΙΙ
1184 758 1458 797 Mechanicis
1474 759 1765 797 Astronomiae
1783 760 1846 796 in—

134 826 190 857 1o†
202 812 487 851 seruientibus
498 811 715 851 structuris
728 813 868 859 (DEO
880 812 1071 858 volente)
1084 811 1237 850 dicturi
1249 812 1409 857 sumus,
1422 812 1687 856 reserandas,
1699 817 1848 850 tamen

202 868 306 913 quia
322 866 478 904 eodem
495 865 795 909 Instrumento,
816 866 870 904 ab
888 865 1044 903 eodem
1061 867 1193 903 etiarn
1210 865 1513 910 Obseruatore,
1530 866 1757 912 vtrobique
1774 864 1847 902 fie-

200 919 273 957 bat
289 917 520 966 inquisitio,
537 919 567 956 fi
583 921 680 966 quis
697 921 742 957 in
758 919 956 957 distantia
972 930 1092 956 error
1108 918 1282 965 irrepsit,
1300 930 1413 956 vnus
1427 918 1464 956 8(
1476 919 1592 956 idem
1606 918 1847 965 vtrobique,

202 984 291 1020 quo
312 972 367 1010 ad
388 972 486 1020 plus
501 972 571 1010 vel
589 974 749 1015 minus,
770 971 1093 1020 propemodum
1114 973 1246 1009 etiam
1267 972 1493 1010 euadebat.
1516 972 1707 1019 Ideoque
1729 971 1847 1009 diffe-

175 1044 177 1046 ·
202 1027 343 1063 rentia
362 1030 507 1063 motus
527 1025 674 1063 versus
695 1024 853 1063 dictam
870 1024 1061 1069 Stellam,
1083 1025 1359 1062 mediocriter
1378 1025 1502 1069 bene,
1524 1027 1656 1063 etiam
1676 1036 1753 1072 per
1769 1024 1849 1062 Ra-

135 1092 164 1117 15
203 1079 336 1123 dium,
358 1079 412 1117 ab
434 1078 524 1126 ipso
544 1078 687 1126 colligi
707 1083 892 1125 poterat;
914 1077 952 1115 8(
972 1089 1049 1125 per
1069 1077 1350 1125 consequens,
1373 1089 1425 1116 ea
1445 1089 1545 1125 quae
1563 1078 1614 1116 de
1631 1078 1849 1116 Parallaxi

202 1132 305 1170 hinc
321 1131 478 1175 astruit,
495 1143 587 1170 non
603 1131 847 1179 multopere
863 1143 890 1169 a
905 1143 1010 1169 vero
1027 1131 1218 1169 deuiant.

256 1185 356 1223 DIE
372 1185 477 1223 XXI
493 1184 620 1223 refert
637 1185 871 1223 Cometam
887 1183 1035 1223 exacte
1051 1184 1167 1222 fuisse
1183 1187 1229 1222 in
1245 1184 1499 1232 AEquatore‚
1521 1184 1564 1222 id
1586 1184 1704 1231 quod
1723 1183 1850 1221 nobis

202 1240 395 1286 primum
413 1238 482 1276 die
500 1238 705 1286 sequente
721 1237 816 1276 fieri
832 1240 1047 1286 apparuit.
1069 1237 1153 1276 Sed
1169 1240 1215 1275 in
1232 1237 1429 1276 distantia
1445 1238 1499 1276 ab
1516 1237 1692 1285 Aquila,
1715 1248 1851 1284 quam

203 1293 325 1340 ponit
342 1291 397 1330 G.
414 1292 468 1330 10.
485 1291 549 1330 M.
565 1292 629 1335 34,
650 1291 748 1330 satis
769 1303 905 1339 prope
925 1303 1100 1329 mecum
1121 1291 1341 1329 consentit.
1364 1291 1495 1337 Quod
1515 1293 1646 1329 etiam
1663 1291 1851 1328 caudam

132 1358 166 1384 20
203 1347 341 1393 magis
361 1344 583 1393 magisque
603 1345 751 1383 versus
770 1345 1042 1392 Aquilonem
1064 1345 1312 1392 protensam
1334 1345 1481 1389 asserit,
1505 1342 1617 1382 redte
1640 1344 1679 1382 se
1703 1344 1850 1387 habet;

203 1410 489 1446 nequaquam
504 1403 665 1443 tamen,
682 1403 726 1436 vt
741 1398 814 1436 ille
830 1398 934 1442 vult,
952 1397 1064 1436 Solis
1081 1398 1326 1446 oppofitum
1342 1398 1595 1436 adamussim
1611 1397 1805 1444 respexit.

257 1451 357 1489 DIE
381 1451 520 1495 XXII,
545 1451 705 1495 XXIII,
730 1451 910 1496 XXIIII,
936 1451 1037 1490 dicit
1062 1463 1139 1499 per
1158 1452 1287 1489 Aeris
1308 1451 1622 1495 obscuritatem,
1648 1450 1734 1488 illic
1760 1462 1851 1488 non

204 1505 443 1553 apparuisse
464 1505 709 1549 Cometam,
735 1517 836 1543 cum
861 1510 1009 1543 tamen
1034 1510 1124 1543 tota
1148 1505 1307 1548 XXIII,
1333 1505 1402 1542 die
1428 1504 1465 1542 8(
1491 1503 1628 1547 noae,
1654 1506 1851 1551 apprime

204 1558 321 1606 apud
338 1570 419 1596 nos
434 1557 563 1596 fuerit
578 1558 791 1602 serenum,
809 1558 941 1596 nullis
952 1560 998 1596 in
1010 1563 1100 1596 toto
1112 1558 1256 1596 nostro
1268 1557 1593 1605 Hemisphaerio
1605 1559 1851 1604 apparenti-

134 1625 167 1650 25
204 1612 286 1650 bus
302 1611 546 1655 nubeculis;
563 1616 607 1649 vt
617 1611 687 1649 vel
703 1611 805 1649 hinc
820 1616 967 1659 pateat
981 1611 1037 1655 id,
1055 1611 1173 1659 quod
1189 1611 1385 1659 superius
1397 1611 1552 1658 Capite
1565 1610 1696 1649 Sexto
1708 1612 1852 1648 innui-

205 1676 316 1709 mus,
333 1667 624 1703 mutationem
639 1665 787 1703 Aeriae
804 1664 1036 1712 qualitatis,
1054 1666 1099 1702 in
1116 1664 1294 1702 diuerfis
1310 1664 1641 1707 Horizontibus‚
1658 1663 1852 1711 saepenu—

205 1729 328 1756 mero
339 1723 429 1756 toto
442 1717 572 1756 Coelo
584 1717 836 1765 discrepare,
850 1717 887 1755 8(
899 1718 969 1756 vel
980 1718 1094 1756 hanc
1106 1717 1243 1756 solam
1255 1718 1309 1756 ob
1322 1717 1510 1762 causam,
1524 1715 1852 1764 praedic‘tionem

206 1774 300 1810 eius
316 1771 558 1809 admodum
574 1772 650 1809 esse
667 1773 914 1818 ancipitem.

259 1824 434 1862 Dehinc
445 1824 570 1862 XXV
582 1824 941 1868 NOVEMBRIS,
954 1824 1292 1872 Longitudinem
1302 1826 1396 1862 eius
1406 1824 1545 1862 statuit
1555 1826 1600 1861 in
1610 1824 1633 1862 5
1647 1833 1689 1861 m
1697 1854 1705 1867 ,
1719 1835 1853 1871 quam

135 1891 168 1916 30
205 1889 287 1916 nos
302 1880 557 1916 inuenimus
573 1878 619 1917 2²22
635 1878 752 1926 grad.
769 1878 1031 1916 vlteriorem.
1049 1878 1099 1915 In
1116 1878 1363 1916 Latitudine
1379 1889 1484 1915 vero
1497 1889 1588 1915 non
1599 1882 1770 1915 tantum
1782 1877 1852 1915 de-

205 1933 308 1975 uiat,
326 1943 426 1969 eam
442 1931 702 1969 constituens
718 1936 825 1978 part.
843 1931 928 1975 2225,
946 1942 1046 1978 quae
1063 1931 1190 1969 nobis
1205 1933 1404 1978 proxime
1421 1931 1471 1968 22
1487 1936 1594 1978 part.
1613 1930 1758 1968 existit.

259 1984 328 2023 Sic
345 1987 474 2023 etiam
493 1984 819 2033 Longitudines,
841 1996 951 2031 quas
967 1984 1036 2022 die
1052 1984 1197 2022 XXVI
1215 1984 1253 2022 8(
1268 1984 1434 2022 XXVII
1450 1986 1584 2031 ponit,
1606 1983 1854 2021 sensibiliter

206 2037 425 2082 deficiunt,
444 2037 482 2075 8(
498 2038 769 2076 Latitudines
785 2037 905 2085 quasi
921 2049 1009 2075 vno
1025 2038 1163 2085 gradu
1178 2037 1417 2076 abundant.
1435 2037 1604 2075 Mirum
1620 2042 1769 2075 autern
1786 2036 1852 2080 est,

206 2091 325 2138 quod
337 2096 519 2139 vtraque
531 2091 600 2129 die
612 2091 951 2139 Longitudinem
967 2093 1013 2128 in
1028 2092 1052 2128 7
1068 2090 1252 2139 gradum
1268 2100 1309 2128 zzz
1326 2090 1574 2138 reposuerit,
1592 2102 1692 2129 cum
1706 2096 1854 2129 tamen

136 2158 169 2183 35
206 2150 352 2182 motus
368 2145 553 2248 diurnfiis
566 2146 613 2182 in
624 2144 961 2192 Longitudinem
974 2144 1166 2189 Zodiaci,
1182 2149 1285 2183 tunc
1302 2144 1430 2182 suerit
1446 2145 1460 2181 1
1476 2144 1635 2192 gradus
1652 2144 1703 2182 40
1718 2144 1853 2191 scrup.

206 2198 304 2245 plus
320 2200 480 2236 minus

119 2258 182 2289 293
262 2251 394 2298 Quod
410 2251 510 2289 DIE
526 2251 713 2289 XXVIII
731 2251 900 2289 Caudae
916 2262 1091 2289 ramum
1107 2250 1330 2298 quendam
1350 2251 1563 2289 adnatum
1583 2250 1711 2295 fuisse,
1733 2252 1855 2288 iuxta

207 2306 471 2352 principium
492 2306 585 2342 eius
602 2316 628 2342 a
645 2305 813 2352 Capite,
835 2315 967 2351 quem
989 2304 1190 2342 deorsum
1209 2304 1414 2349 vertebat,
1436 2304 1779 2342 discriminatum
1800 2304 1854 2342 ab

208 2357 296 2396 alio
316 2358 512 2405 longiore
534 2357 687 2396 caudae
706 2356 850 2401 ductu,
871 2358 1090 2400 asseuerat,
1112 2358 1154 2395 id
1176 2357 1428 2396 nullatenus
1444 2369 1471 2395 a
1487 2357 1613 2395 nobis
1630 2357 1856 2405 diligenter

137 2424 171 2448 40
209 2422 309 2449 eam
329 2410 645 2458 aspicientibus,
667 2411 961 2449 animaduerti
980 2416 1165 2458 poterat;
1186 2410 1304 2458 fique
1324 2411 1409 2449 tale
1426 2410 1592 2458 aliquid
1609 2422 1765 2448 reuera
1780 2409 1855 2457 ipfi

209 2465 436 2508 accessisset,
452 2464 586 2502 modo
602 2476 693 2502 non
709 2464 798 2509 1110,
815 2464 964 2502 saltem
979 2464 1257 2511 sequentibus
1270 2464 1422 2502 diebus
1434 2476 1460 2502 a
1471 2464 1598 2502 nobis
1609 2463 1742 2502 fuisset
1754 2475 1854 2501 con-

209 2515 411 2564 spectum.
425 2518 544 2556 Nam
555 2517 610 2556 ad
622 2517 835 2565 plurimos
848 2517 938 2555 dies
950 2517 1065 2555 hanc
1077 2517 1365 2565 appendicem
1374 2517 1436 2555 illi
1446 2522 1661 2556 accretam
1671 2517 1854 2559 extitisse‚

315 2579 345 2604 31
1654 2569 1854 2607 affirmat.
