2209 3213
106 373 167 405 185
571 339 907 406 CAPVT
940 339 1457 407 OCTAVVM.

193 434 284 479 DE
314 432 765 478 INUENTIONE
796 432 957 477 LOCI
985 432 1141 476 SIUE
1169 431 1601 476 CAPACITATIS
1630 431 1838 475 INTER

192 500 498 541 COELESTES
519 500 927 538 PLANETARUM
951 500 1281 544 CIRCUITUS,
1308 500 1408 538 UBI
1430 499 1679 538 COMETA
1701 499 1838 538 CUR-

241 563 517 602 RICULUM
538 562 711 601 SUUM
733 562 1052 601 COMMODE
1073 562 1420 601 ABSOLUERE
1440 561 1670 605 POTU1T‚
1692 561 1789 599 DE-

139 639 154 664 5
392 624 515 672 QUE
536 623 970 662 HYPOTHESEOS
991 624 1492 668 CONSTITUTIONE,
1515 623 1644 670 QUA

538 686 718 724 IPSIUS
738 685 1042 724 APPARENS
1064 686 1273 724 MOTUS
1294 686 1495 732 QUAM-

689 748 956 786 PROXIME
978 747 1342 786 EXCUSATUR.

455 812 461 819 ”
520 814 562 852 Χ
585 826 673 861 quo
696 816 844 862 itaque
867 816 972 852 citra
996 825 1176 851 omnem
1199 813 1539 852 controuerfiam
1562 814 1839 852 manifestum

373 914 375 916 Ι
401 906 427 917 l,
521 866 733 906 hactenus
756 867 901 911 euasit,
925 867 1008 904 hoc
1032 867 1224 905 nostrum
1247 867 1581 905 Phaenomenon
1604 867 1715 905 nihil
1738 879 1839 905 cum

381 919 426 945 ²>
493 944 495 947 ·
521 920 788 959 Elementari
805 920 980 958 Mundo
997 931 1232 958 commune
1252 920 1454 964 habuisse,
1475 920 1545 958 sed
1568 920 1695 968 longe
1712 920 1839 958 Luna

303 1021 304 1028 ἵ
405 991 419 1007 x
489 979 495 1012 ,ζ
521 973 746 1012 sublimius
773 973 946 1021 prorsus
970 973 1230 1011 AEthereum
1260 973 1475 1011 ostentasse
1505 974 1719 1018 incessum,
1749 973 1839 1021 ipsa

352 1022 357 1035 ¹
393 1059 396 1068 ι
522 1028 654 1065 etiam
671 1027 827 1065 Cauda
844 1025 1035 1074 respectu
1051 1028 1153 1064 certi
1170 1026 1280 1064 Astri
1301 1026 1431 1074 plane
1450 1026 1728 1074 olympicam
1744 1038 1838 1074 per-

298 1102 299 1105 =
521 1085 653 1127 petuo
663 1080 947 1118 conseruante
955 1079 1238 1127 Analogiam;
1252 1079 1471 1117 residuum
1480 1091 1610 1123 nunc,
1623 1082 1838 1127 apprime-

193 1145 279 1181 que
295 1132 638 1172 consentaneum
649 1133 832 1177 videtur,
848 1138 892 1170 vt
909 1134 948 1170 ei
965 1137 1131 1170 certum
1145 1135 1277 1171 etiam
1288 1132 1435 1170 locum
1447 1135 1493 1170 in
1504 1132 1635 1180 ipfius
1646 1132 1839 1171 AEtheris

126 1201 156 1226 15
193 1186 449 1234 amplissima
469 1187 707 1234 capacitate
727 1186 999 1234 deputemus,
1024 1198 1112 1233 quo
1133 1186 1325 1224 constare
1349 1186 1478 1233 possit,
1502 1187 1614 1223 inter
1635 1197 1746 1233 quos
1767 1185 1839 1224 Se-

193 1240 324 1278 cundi
339 1239 513 1278 mobilis
530 1239 682 1283 Orbes,
700 1241 779 1277 iter
794 1239 921 1277 suum
936 1239 1151 1277 direxerit.
1169 1239 1403 1277 AEthereus
1420 1239 1631 1286 siquidem
1646 1239 1839 1277 mundus

193 1292 492 1332 incredibilem
507 1292 747 1331 vastitatem
763 1291 1073 1340 complectitur,
1095 1292 1207 1331 adeo
1223 1297 1266 1330 vt
1282 1292 1311 1330 fi
1328 1292 1652 1330 Elementarem
1673 1292 1792 1330 hunc
1813 1304 1839 1330 a

193 1351 341 1385 centro
356 1345 504 1384 Terrae
521 1346 577 1384 ad
592 1348 817 1394 proximos
829 1346 968 1384 Lunae
984 1345 1143 1384 limites
1160 1345 1475 1384 assumserimus
1487 1345 1838 1384 Semidiametro-

193 1412 291 1438 rum
301 1399 450 1438 Terrae
466 1399 517 1438 52
532 1401 730 1447 proxime
748 1399 955 1446 (quarum
972 1399 1177 1446 quaelibet
1193 1399 1324 1437 habet
1339 1399 1417 1437 860
1432 1399 1636 1437 nostratia
1648 1399 1717 1437 vel
1730 1399 1838 1437 Ger-

121 1467 156 1493 20
192 1455 368 1492 manica
391 1452 581 1491 miliaria
604 1452 876 1499 communia)
902 1452 1193 1491 continebitur
1215 1454 1251 1490 is
1274 1454 1319 1490 in
1342 1452 1513 1500 reliqua
1535 1452 1839 1490 Secundorum

192 1506 423 1545 mobilium
432 1508 682 1553 capacitate,
692 1506 824 1553 vsque
834 1505 1033 1544 videlicet
1042 1506 1097 1544 ad
1107 1508 1317 1544 extimam
1324 1505 1500 1544 Saturni
1508 1505 1653 1544 Stellae
1661 1505 1838 1543 aTerris

134 1564 154 1596 †
192 1561 495 1604 remotionem,
511 1559 577 1597 bis
588 1561 750 1598 centies
760 1559 944 1597 tricefies
956 1561 1203 1606 quinquies.
1221 1559 1270 1597 In
1282 1570 1370 1606 quo
1382 1559 1605 1597 vastissimo
1617 1558 1838 1597 interstitio

192 1613 353 1661 septem
375 1612 568 1651 Planetae
590 1612 688 1651 suas
710 1612 993 1651 admirandas
1017 1612 1055 1650 &
1077 1624 1189 1660 pene
1212 1612 1387 1650 diuinas
1409 1617 1611 1650 motuum
1634 1612 1838 1660 periodos

192 1666 482 1705 indesinenter
498 1671 715 1710 exercent;
732 1670 776 1704 vt
792 1665 902 1704 nihil
914 1666 1057 1703 dicam
1069 1666 1121 1704 de
1134 1665 1346 1704 immensa
1357 1665 1432 1704 illa
1444 1664 1628 1704 Odiauae
1641 1665 1837 1713 Sphaerae

121 1734 154 1759 25
192 1719 401 1764 distantia,
422 1731 522 1766 quae
538 1719 828 1766 proculdubio
845 1719 1021 1757 Saturni
1037 1719 1353 1757 remotionibus
1369 1719 1580 1767 supremis
1596 1720 1759 1766 ingenti
1775 1721 1837 1756 in-

191 1772 468 1820 tercapedine
493 1772 716 1811 sublimior
741 1772 813 1816 est;
839 1774 941 1815 imo,
968 1772 996 1809 fi
1020 1772 1255 1820 Copernici
1280 1772 1606 1820 Hypothefibus
1631 1771 1739 1810 fides
1764 1783 1837 1809 ne-

192 1827 363 1864 cessario
379 1825 630 1864 adhibenda
646 1825 767 1870 soret,
783 1825 826 1863 id
843 1825 961 1872 quod
978 1825 1217 1864 Saturnum
1229 1825 1266 1862 &
1278 1825 1385 1863 Fixa
1396 1825 1547 1864 Sidera
1563 1825 1839 1863 intermediat

191 1879 389 1927 spatium,
410 1879 643 1926 aliquoties
663 1878 776 1917 Solis
792 1891 819 1917 a
834 1878 970 1916 Terra
990 1879 1234 1917 distantiam
1258 1878 1376 1926 (quae
1397 1884 1545 1917 tamen
1566 1883 1686 1916 tanta
1707 1878 1774 1922 est,
1795 1884 1838 1916 vt

192 1932 480 1971 Elementaris
497 1932 659 1970 Mundi
675 1932 1059 1970 Semidiametrum
1079 1934 1245 1970 circiter
1265 1934 1397 1970 vicies
1416 1931 1578 1978 vincat)
1600 1932 1837 1970 excederet.

106 1993 167 2025 186
192 1986 316 2024 Alias
328 1987 447 2023 enim
455 1985 604 2023 Terrae
616 1987 661 2023 in
672 1985 789 2024 Orbe
801 1997 962 2033 magno
975 1982 989 2035 ΙΙ
1001 1997 1153 2023 annua
1164 1985 1395 2029 reuolutio,
1408 1987 1530 2023 iuxta
1542 1987 1636 2023 eius
1647 1985 1838 2032 specula-

190 2041 368 2083 tionem,
385 2037 577 2087 respectu
592 2038 762 2077 octauae
774 2038 970 2086 Sphaerae
982 2050 1073 2077 non
1084 2038 1337 2077 insensibilis
1349 2039 1409 2085 (vt
1421 2038 1606 2086 oportet)
1620 2038 1837 2076 euaderet.

192 2092 341 2140 Quare
365 2104 465 2130 cum
487 2097 609 2130 tanta
629 2092 667 2130 &
687 2097 777 2130 tam
798 2092 1039 2130 incredibili
1060 2093 1360 2140 magnitudine
1380 2092 1563 2140 praedita
1580 2092 1625 2130 fit
1642 2091 1839 2130 Coelestis

191 2145 353 2184 Mundi
365 2145 510 2193 Regio,
527 2145 566 2183 &
581 2147 686 2193 quia
701 2147 747 2183 in
763 2145 1119 2183 antecedentibus
1130 2145 1279 2184 saltem
1291 2145 1549 2193 generaliter
1560 2144 1838 2183 Demonstra-

191 2204 272 2243 tur,
289 2198 522 2237 Cometam
538 2198 657 2237 hunc
673 2201 786 2237 intra
797 2198 1018 2236 AEthereae
1035 2200 1285 2246 capacitatis
1300 2199 1459 2236 limites
1474 2198 1557 2236 sese
1575 2199 1838 2241 continuisse,

120 2265 154 2291 35
191 2263 283 2290 non
302 2250 565 2290 satisfactum
584 2252 800 2290 videbitur
820 2253 951 2290 totius
971 2254 1033 2290 rei
1053 2254 1256 2299 penitiori
1277 2252 1584 2296 enucleationi,
1608 2251 1685 2289 nifi
1706 2253 1838 2289 etiam

190 2307 237 2343 in
259 2316 347 2352 qua
369 2310 490 2353 parte
514 2305 757 2353 amplissimi
780 2305 897 2343 illius
917 2304 1122 2350 AEtheris,
1144 2305 1183 2343 &
1203 2307 1325 2343 iuxta
1345 2317 1536 2353 quorum
1556 2305 1837 2343 Planetarum

192 2358 332 2396 Orbes
348 2358 520 2396 cursum
535 2358 661 2396 suum
678 2358 934 2402 exhibuerit,
952 2363 1082 2406 atque
1099 2370 1188 2406 quo
1201 2364 1352 2397 tenore
1365 2370 1468 2397 eum
1480 2358 1724 2402 confecerit,
1741 2370 1837 2405 par-

190 2411 430 2449 ticulariori
445 2411 705 2450 limitatione
721 2411 999 2450 discernatur.
1017 2412 1149 2458 Quod
1160 2417 1203 2450 vt
1218 2411 1374 2450 rectius
1387 2412 1424 2449 &
1436 2412 1534 2450 satis
1550 2411 1838 2459 intelligenter

192 2466 474 2512 concipiatur,
495 2464 548 2503 de
569 2465 658 2513 ipsa
679 2465 950 2513 dispositione
968 2465 1221 2504 Coelestium
1238 2465 1581 2509 reuolutionum,
1602 2464 1690 2502 fiue
1706 2467 1837 2502 totius

121 2530 155 2555 40
192 2518 414 2556 Mundani
431 2517 964 2566 Systematiscompagine.
981 2519 1116 2566 paulo
1133 2519 1262 2556 altius
1279 2519 1509 2562 ordiundo,
1531 2518 1719 2556 nostram
1736 2523 1836 2555 ante

298 2579 348 2604 20⁸
1496 2572 1836 2618 quadriennium
