2209 3213
376 229 443 266 176
867 225 949 261 DE
972 223 1196 261 MUNDI
1217 221 1519 259 AETHEREI

375 334 504 370 modo
521 332 603 368 sese
621 331 826 373 exhibuit,
844 340 987 375 neque
1000 334 1165 366 certum
1176 334 1374 365 tenorem
1386 327 1643 365 conseruare
1656 328 1901 366 uidebatur:
1918 339 2013 376 par-

374 388 448 422 tim
470 387 572 431 quia
593 390 730 420 totum
751 383 834 419 hoc
855 384 1078 429 negotium
1098 393 1189 418 non
1209 381 1307 419 satis
1328 385 1469 418 ratam
1489 380 1786 427 praecifionem
1803 382 2013 425 admittat,

373 449 514 483 neque
532 438 662 473 etiam
679 435 919 473 admodum
936 435 1211 472 necessariam
1227 436 1273 471 in
1289 433 1463 480 singulis
1482 435 1774 481 cognitionem
1795 434 2012 472 defideret.

373 489 609 527 Verisimile
626 495 772 526 tamen
790 488 856 531 est,
874 487 1019 534 Caput
1036 487 1073 524 &
1091 487 1293 525 Caudam
1305 486 1516 531 Cometae‚
1533 487 1909 534 quemadmodum
1924 487 2014 535 post

372 544 486 580 diem
499 542 600 579 XIII
612 544 657 578 in
670 547 906 588 apparente
918 540 1218 587 magnitudine
1230 539 1453 577 successiue
1465 540 1856 578 imminuebantur:
1873 540 1926 578 fic
1939 543 2012 578 eti-

372 608 442 633 am
459 598 503 631 in
520 606 627 631 uera
644 596 883 640 quantitate
900 594 1039 631 indies
1056 593 1192 640 usque
1209 593 1263 630 ad
1279 597 1415 630 totam
1432 592 1756 640 disparitionem
1773 593 2012 631 decreuisse.

425 649 507 685 His
523 650 669 694 itaque
686 646 944 684 sufficienter
960 648 1073 684 circa
1089 645 1184 684 haec
1201 645 1412 693 expolitis,
1433 657 1549 684 nunc
1566 645 1783 684 Tabulam
1799 646 1921 684 illam
1937 646 2012 684 Di-

371 703 509 738 ariam
521 700 844 747 subiungamus‚
858 711 992 746 quam
1003 699 1267 746 praecedenti
1280 698 1434 746 Capite
1446 698 1625 746 polliciti
1636 699 1796 743 sumus,
1809 711 1910 747 quae
1921 711 2012 738 mo-

370 760 437 791 tus
450 753 486 790 &
498 755 790 800 Apparentias
807 752 940 790 huius
957 752 1155 790 Cometae
1172 753 1226 790 ad
1243 752 1431 800 singulos
1447 752 1538 790 dies
1554 754 1684 790 totius
1700 753 1943 790 durationis
1959 764 2012 791 ex

370 806 610 854 Hypothefi
631 806 772 844 nostra
792 804 997 844 deductas
1012 805 1315 853 suppeditabit;
1337 807 1461 843 cuius
1477 805 1708 852 explicatio
1724 807 1770 843 in
1786 805 1904 844 hunc
1920 817 2011 844 mo·

369 861 473 897 dum
490 859 529 896 se
546 859 687 897 habet.

599 950 1040 994 DECLARATIO
1063 949 1450 1003 SEQUENTIS
1470 949 1780 994 TABULAE.

453 1019 604 1056 RIMA
613 1018 905 1057 COLVMNA
917 1018 1070 1056 seriem
1080 1019 1250 1056 dierum
1260 1018 1419 1065 quibus
1430 1018 1616 1057 Cometa
1625 1018 1811 1063 durauit‚
1824 1018 2009 1057 exhibet.

453 1072 713 1110 Referuntur
733 1077 881 1109 autem
902 1083 1055 1109 omnes
1077 1076 1222 1109 motus
1243 1071 1299 1109 ad
1319 1071 1477 1110 horam
1493 1083 1520 1110 a
1536 1071 1723 1109 Meridie
1743 1071 1918 1116 sextam,
1940 1084 2010 1110 ex-

368 1131 489 1172 cepto
502 1125 563 1162 IX
575 1124 853 1168 Nouembris,
871 1125 945 1162 ubi
957 1125 1012 1163 ad
1023 1125 1216 1163 mediam
1227 1123 1400 1163 nod'tem
1417 1124 1667 1172 sequentem
1682 1127 1909 1172 pertinent.
1927 1125 2009 1164 SE-

368 1178 579 1216 CVNDA
591 1179 786 1216 medium
798 1178 969 1216 cursum
979 1178 1092 1216 Solis
1102 1189 1125 1216 e
1134 1178 1277 1216 nostra
1288 1177 1550 1216 restitutione
1562 1178 2008 1223 numerat.TERTIA,

368 1231 565 1269 Cometae
582 1243 608 1269 a
623 1232 816 1279 Perigaeo
836 1231 898 1269 sui
916 1231 1044 1270 Orbis
1066 1233 1179 1270 circa
1195 1231 1354 1275 Solem,
1375 1236 1546 1269 motum
1566 1233 1755 1278 exponit.
1777 1231 2010 1278 QVARTA

367 1287 460 1322 eius
477 1285 657 1322 diurnos
672 1284 833 1322 ibidem
849 1285 1084 1332 progressus
1095 1284 1314 1323 distribuit.
1332 1284 1558 1331 QVINTA
1570 1285 1867 1332 digressionem
1877 1296 1904 1323 a
1915 1285 2008 1323 fim-

366 1338 466 1384 plici
486 1338 598 1375 Solis
618 1338 692 1375 sub
713 1337 992 1376 firmamento
1013 1340 1058 1375 in
1078 1337 1154 1376 suo
1174 1340 1345 1376 tramite
1365 1337 1597 1376 mensurat.
1618 1337 1802 1376 SEXTA
1822 1338 2009 1376 eandem

366 1391 420 1428 ab
443 1389 740 1429 intersectione
764 1393 850 1429 uiae
874 1393 968 1429 eius
991 1403 1092 1429 cum
1113 1391 1321 1439 Ecliptica
1340 1393 1556 1439 proponit.
1581 1390 1836 1430 SEPTIMA
1852 1391 1890 1429 &
1909 1391 2007 1430 OC-

365 1443 506 1481 TAVA
518 1444 854 1492 Longitudinem
866 1444 1065 1482 Cometae
1079 1456 1170 1483 una
1183 1456 1284 1483 cum
1296 1444 1543 1483 Latitudine
1560 1444 1677 1492 (quae
1691 1444 1854 1492 ubique
1866 1445 2008 1483 Borea

366 1497 436 1543 est)
460 1496 651 1544 respectu
674 1497 893 1544 Eclipticae
915 1497 1246 1536 subministrant.
1273 1497 1446 1545 Quibus
1468 1509 1569 1536 cum
1591 1499 1643 1546 ijs
1666 1509 1767 1545 quae
1792 1497 1847 1536 ad
1872 1497 2007 1536 finem

366 1550 532 1597 Capitis
549 1550 701 1596 Quinti
722 1552 766 1588 in
787 1551 1077 1598 Ephemeride
1096 1563 1149 1589 ex
1167 1551 1555 1590 Obseruatiom'bus
1576 1550 1901 1595 deriuabantur,
1922 1551 2006 1589 col-

364 1603 472 1647 latis,
494 1603 799 1651 Hypotheseos
819 1603 973 1642 nostrae
994 1606 1278 1652 congruentia
1300 1604 1562 1652 perspicitur.
1586 1604 1706 1642 Nam
1727 1606 1870 1642 maior
1890 1604 2007 1643 sexta

364 1662 484 1703 parte
505 1657 663 1704 gradus
683 1657 899 1704 nusquam
920 1657 975 1695 est
995 1657 1256 1702 differentia;
1278 1669 1378 1705 quae
1399 1657 1591 1705 praecifio
1612 1659 1658 1695 in
1678 1657 1762 1696 hoc
1779 1657 2005 1696 Cometico

363 1712 536 1757 negotio
557 1709 720 1748 sufficit.
742 1710 836 1748 Nec
857 1713 975 1748 enim
996 1716 1116 1749 tanta
1131 1713 1177 1749 in
1193 1711 1474 1750 Planetarum
1495 1710 1685 1749 curfibus
1705 1709 1915 1749 hactenus
1934 1722 2004 1748 ex-

362 1764 513 1800 tricata
536 1763 602 1800 est.
626 1763 803 1801 NONA
824 1763 1067 1802 distantiam
1089 1764 1287 1803 Cometae
1307 1776 1334 1803 a
1353 1764 1501 1802 Terrae
1525 1769 1672 1802 centro
1693 1764 1883 1802 ostendit.
1907 1763 2004 1802 DE—

364 1816 519 1853 CIMA
536 1816 677 1854 eidem
693 1816 943 1855 Parallaxin
964 1829 1064 1865 quae
1084 1817 1131 1855 fit
1150 1829 1286 1865 prope
1302 1818 1595 1856 Horizontem
1611 1819 1853 1856 maximam
1868 1817 2004 1865 appli-

364 1874 441 1906 cat.
467 1869 549 1906 Vbi
575 1869 947 1914 confiderandum,
977 1871 1096 1918 quod
1120 1871 1218 1909 licet
1243 1873 1356 1909 circa
1385 1873 1550 1918 primos
1575 1870 1811 1909 effulfionis
1836 1870 1927 1908 dies
1952 1881 2004 1909 ea

363 1921 602 1960 maiuscula
618 1922 760 1961 fuerit:
777 1928 925 1961 tamen
942 1923 997 1962 ob
1014 1924 1307 1962 decliuitatem
1323 1924 1521 1963 Cometae
1538 1923 1687 1962 uersus
1699 1924 2003 1968 Horizontem,

363 1986 439 2021 per
455 1974 757 2013 refractionem
773 1978 832 2015 ita
849 1976 1176 2022 emendabatur,
1192 1982 1240 2015 ut
1255 1989 1282 2016 a
1297 1989 1405 2015 uero
1419 1977 1497 2016 fitu
1508 1976 1700 2025 respectu
1711 1979 1846 2015 centri
1856 1976 2004 2015 Terrae

365 2028 598 2118 (Patrirallaxi
614 2028 652 2131 ss&
669 2029 926 2068 refractione
942 2029 1025 2068 sese
1041 2036 1196 2069 mutuo
1212 2030 1301 2069 fere
1318 2030 1594 2077 elidentibus)
1617 2042 1705 2078 qua
1722 2032 2004 2068 mminimum

363 2081 416 2118 de
451 2083 596 2119 exerit.

1769 2560 1999 2598 TABVLA

2051 555 2066 579 5

2053 819 2083 845 10

2051 1139 2080 1164 15

2046 1405 2079 1430 20

2043 1671 2076 1696 25

2042 1936 2076 1962 30
