2209 3213
366 218 440 253 326
856 214 938 250 DE
962 212 1185 250 MUNDI
1206 211 1508 249 AETHEREI

363 325 499 368 prima
519 321 554 357 &
572 320 769 361 secunda,
787 316 801 368 ΙΙ
818 319 885 356 sed
902 318 1032 365 vsque
1050 318 1104 355 ad
1122 317 1252 355 Sexta
1267 316 1511 360 subdiuidit‚
1533 321 1710 364 tamque
1726 317 1879 362 subtili,
1900 318 1937 356 &
1956 320 2001 357 in
2026 326 2091 357 410

363 375 656 411 minutissimas
668 372 965 418 portiunculas
975 371 1193 408 distributa
1201 371 1360 413 amussi,
1369 372 1594 417 negotium
1603 369 1687 408 hoc
1697 373 1827 409 nimis
1837 371 2001 410 curiose

364 429 600 472 exequitur,
619 427 855 471 omniaque
872 424 926 461 ad
943 424 1281 461 fundamentum
1297 423 1577 461 Parallaxeos
1590 423 1918 463 Obseruationis
1930 425 2001 463 Se-

363 480 515 516 cundae
535 479 592 524 (vt
609 479 713 523 dixi)
731 477 869 515 refert.
883 478 1047 515 Verum
1063 477 1092 514 fi
1109 477 1264 514 eodem
1280 476 1414 514 modo
1427 487 1449 513 e
1461 476 1691 521 Parallaxi,
1709 489 1843 524 quam
1857 478 2003 516 Prima

362 532 615 570 Obseruatio
632 531 693 568 illi
710 531 906 577 praebuit,
928 530 1023 568 haec
1041 530 1130 577 ipsa
1146 532 1327 568 rimatus
1343 529 1488 573 fuisset,
1504 531 1653 576 vtique
1670 531 1939 578 cognouisset,
1960 531 2001 570 se

360 585 508 622 frustra
531 590 696 621 tantam
720 584 1016 631 praecisionem
1039 586 1084 620 in
1107 583 1174 620 his
1198 594 1412 630 quaerere;
1438 584 1528 620 imo
1551 583 1621 620 vel
1645 584 1746 621 inde
1771 583 1922 631 aliqua
1947 596 2000 622 ex

360 644 477 685 parte
498 638 751 684 percepisset,
774 636 1069 674 Parallaxium
1091 636 1395 679 differentiam,
1419 647 1554 683 quam
1575 637 1668 674 eius
1688 636 1936 684 supputatio
1956 640 2001 676 in

359 690 525 728 tantillo
544 690 911 728 Obseruationurn
929 689 1148 727 interstitio
1165 690 1362 733 admittit,
1384 690 1515 726 nimis
1535 700 1744 736 magnam
1763 691 1852 735 esse,
1872 696 1917 728 vt
1936 691 2001 729 su·

359 746 503 791 perius
523 745 568 780 in
590 743 876 790 expendendo
896 742 1088 790 Trigono
1110 742 1239 790 ipsius
1260 742 1484 790 Sphaerico
1505 742 1652 780 Tertio
1673 743 1907 782 declaraui.
1929 744 2000 783 Se-

359 803 562 843 queretur
583 798 700 833 enim
721 798 766 833 in
786 799 927 843 prima
949 796 1277 838 Obseruatione,
1300 795 1534 834 Cometam
1554 795 1610 833 ad
1630 797 1778 834 minus
1798 796 2001 844 sesquibis

358 850 476 887 mille
494 849 741 887 Miliaribus
758 861 783 887 a
799 849 943 887 Terris
964 851 1257 893 remotiorem,
1279 860 1414 896 quam
1434 851 1480 886 in
1499 848 1733 896 posteriori,
1751 851 1935 889 extitisse.
1956 850 2000 889 Si

357 906 483 950 igitur
508 905 552 939 in
578 903 619 939 12
644 905 823 940 minutis
852 905 1071 950 temporis,
1102 905 1271 950 vtrique
1298 902 1605 941 Obseruationi
1629 902 1881 950 interlapsis,
1911 908 2000 942 tam

357 956 484 993 celeri
508 958 795 993 concitatione
819 956 944 993 illum
966 956 1092 994 nobis
1113 956 1473 1003 appropinquasse
1493 966 1726 1002 ponamUS,
1749 968 1841 994 non
1860 957 2000 996 multo

357 1008 577 1047 interiecto
594 1014 788 1056 ternpore
805 1009 1008 1047 infimum
1024 1010 1186 1047 Aerem
1203 1010 1447 1056 assequutus
1463 1008 1608 1053 fuisset,
1630 1020 1731 1047 cum
1748 1011 1892 1057 potius
1907 1022 1999 1049 mo-

355 1069 423 1100 tus
440 1065 532 1100 eius
548 1065 750 1109 proprius
762 1074 787 1100 a
799 1062 934 1100 Terra
950 1063 1172 1101 successiue
1186 1062 1332 1100 versus
1344 1063 1693 1100 Firmamentum
1709 1063 1998 1108 attollebatur,

357 1115 394 1153 &
410 1127 640 1162 nunquam
656 1115 717 1153 illi
733 1118 922 1163 propior,
945 1128 1078 1163 quam
1096 1116 1149 1154 ab
1167 1118 1290 1154 initio
1307 1120 1410 1159 erat,
1432 1116 1704 1160 reddebatur,
1721 1121 1764 1154 vt
1779 1118 1825 1154 in
1841 1119 1998 1155 anteri-

357 1181 430 1206 ore
447 1169 579 1206 huius
596 1169 711 1206 Libri
728 1169 863 1212 Parte,
881 1169 1036 1216 Capite
1054 1168 1237 1213 Odiauo,
1255 1181 1281 1208 a
1296 1169 1423 1207 nobis
1440 1180 1493 1207 ex
1509 1168 1606 1216 ipfis
1618 1169 1900 1218 Apparentijs
1912 1170 1998 1209 De-

359 1222 640 1260 monstratum
657 1222 722 1260 est.
741 1222 823 1260 Sed
840 1223 940 1260 data
956 1234 1090 1270 opera
1105 1223 1275 1260 videtur
1291 1222 1506 1261 Scultetus
1522 1222 1637 1260 hanc
1652 1224 1998 1262 inconuenienti-

359 1287 431 1313 am
448 1275 720 1319 dissimulasse,
742 1275 965 1323 solamque
981 1276 1231 1314 Parallaxin
1251 1276 1452 1314 secundae
1469 1275 1809 1321 Obseruationis‚
1830 1288 1886 1314 ne
1906 1288 1999 1315 rem

359 1340 535 1366 omnem
551 1327 785 1376 suspedtam
802 1329 1009 1372 redderet,
1027 1331 1222 1367 numeris
1238 1329 1323 1367 suis
1338 1329 1608 1367 subtilissimis
1624 1331 1895 1368 examinasse.

411 1381 637 1429 Subiungit
662 1382 805 1428 postea
827 1384 873 1420 in
896 1383 1051 1420 eodem
1073 1382 1325 1431 Triangulo‚
1351 1382 1642 1420 dimensiones
1663 1382 1998 1422 Altitudinarias

358 1435 417 1481 (vt
437 1435 578 1481 vocat)
601 1435 844 1482 Regionum
864 1436 1004 1479 Aeris,
1028 1436 1210 1483 situsque
1232 1435 1430 1474 Cometae
1453 1438 1499 1473 in
1521 1435 1631 1483 ipfis,
1655 1436 1693 1474 &
1715 1436 1997 1481 interstitium,

358 1489 474 1535 quod
491 1488 545 1525 est
561 1500 587 1526 a
600 1488 735 1526 Terra
751 1489 806 1526 ad
823 1489 1007 1532 Lunam,
1024 1489 1236 1528 trifariam
1251 1489 1495 1527 subdiuidit.
1511 1489 1704 1527 Primam
1721 1492 1814 1527 eius
1829 1495 1998 1537 partem

358 1541 411 1579 ab
428 1541 509 1579 hac
526 1542 580 1579 ad
596 1542 735 1579 nubes
750 1542 851 1580 facit
867 1542 1113 1580 Miliarium
1129 1543 1192 1586 72,
1214 1542 1463 1581 Secundam
1479 1542 1534 1580 ad
1551 1542 1859 1590 Impressiones,
1880 1543 1998 1582 Mili-

358 1596 500 1632 arium
517 1595 595 1637 193,
612 1594 803 1633 Tertiam
820 1595 874 1633 ad
891 1596 1064 1634 Lunam
1080 1596 1229 1643 ipsam,
1246 1596 1493 1634 Miliarium
1508 1596 1642 1634 44916.
1658 1597 1808 1634 Asserit
1823 1608 1940 1642 vero,
1956 1597 1997 1635 se

358 1648 437 1685 has
456 1648 743 1686 dimensiones
761 1660 783 1686 e
799 1648 1096 1696 probatissimis
1113 1649 1386 1688 Authoribus
1401 1649 1625 1693 deriuasse;
1648 1649 1686 1687 &
1706 1655 1922 1697 quantum
1942 1650 1997 1688 ad

358 1700 566 1744 Vltimam,
583 1703 704 1739 iuxta
716 1701 950 1749 Copernici
966 1702 1136 1750 placita,
1153 1703 1397 1741 distantiam
1413 1714 1439 1741 a
1454 1702 1590 1741 Terra
1604 1702 1736 1750 vsque
1753 1703 1809 1741 ad
1824 1703 1997 1741 reuolu-

358 1756 497 1791 tiones
513 1754 651 1792 Lunae
668 1767 757 1792 non
774 1758 1135 1794 inconuenienter
1150 1757 1383 1804 assignauit.
1400 1756 1566 1794 Verum
1587 1756 1696 1794 duas
1716 1756 1813 1794 illas
1832 1758 1998 1804 priores

359 1807 528 1844 videtur
544 1819 566 1845 e
583 1807 777 1846 Cardani
798 1809 849 1846 de
870 1808 1030 1846 Rerum
1049 1809 1278 1848 subtilitate
1295 1809 1385 1847 Lib.
1402 1810 1439 1852 4,
1460 1809 1532 1847 vbi
1553 1809 1606 1847 de
1626 1809 1742 1847 Luce
1759 1809 1796 1847 8(
1813 1810 1999 1848 Lumine

2039 545 2054 569 5

2042 809 2072 835 10

2040 1075 2070 1101 15

2036 1341 2070 1367 20

2036 1608 2069 1634 25

2038 1813 2058 1844 ’1‘

357 1862 453 1907 agit,
471 1860 715 1905 desumfisse,
732 1862 818 1899 illic
836 1864 953 1899 enim
966 1862 1198 1901 Cardanus
1215 1859 1544 1912 de-Hmonstrare
1561 1868 1756 1907 conatur,
1773 1862 1869 1901 haec
1884 1865 1944 1901 ita
1959 1863 1999 1901 se
2024 1869 2085 1901 411

357 1912 530 1957 habere,
545 1914 824 1961 vaporesque,
838 1927 860 1952 e
873 1915 1031 1962 quibus
1042 1916 1181 1954 nubes
1194 1915 1527 1959 condensantur,
1543 1916 1726 1963 passibus
1737 1916 1907 1960 288000,
1925 1927 2000 1954 eos

355 1977 471 2008 vero,
493 1968 538 2003 in
555 1967 711 2013 quibus
728 1968 869 2011 irides‚
886 1971 1030 2016 virgae,
1053 1969 1267 2013 incendia,
1285 1969 1489 2016 Coelique
1506 1968 1664 2014 hiatus»,
1685 1969 1880 2013 Pareliae‚
1898 1969 1936 2007 &
1951 1969 1998 2007 fi-

356 2019 477 2056 milia
494 2019 705 2064 Meteora,
728 2032 828 2067 quae
845 2021 1058 2060 Scultetus
1079 2022 1153 2060 sub
1175 2024 1355 2060 nomine
1374 2023 1697 2069 impressionum
1714 2022 1999 2070 comprehen-

357 2072 427 2115 dit,
453 2079 725 2119 generantur,
757 2074 984 2121 aliquanto
1009 2075 1151 2119 altius,
1177 2080 1323 2123 vtpote
1348 2075 1530 2123 passibus
1555 2075 1724 2120 772000,
1755 2075 1997 2114 ascendere.

356 2124 594 2172 Vtrobique
611 2131 758 2164 autem
773 2128 952 2165 totidem
968 2128 1164 2167 Miliaria
1181 2129 1450 2167 Germanica
1470 2128 1572 2166 hinc
1592 2130 1871 2176 proueniunt,
1893 2134 1998 2177 quot

357 2177 569 2215 Scultetus
592 2179 914 2227 praesupposuit.
939 2181 1055 2219 Licet
1078 2194 1182 2220 vero
1204 2182 1437 2220 Cardanus
1461 2193 1513 2219 eo
1534 2183 1580 2219 in
1599 2182 1697 2219 loco
1717 2182 1998 2220 Vitellionem

356 2230 596 2278 redarguat,
607 2234 681 2278 qui
690 2232 903 2271 summam
913 2246 1129 2281 vaporum
1139 2235 1433 2273 eleuationem
1443 2235 1654 2273 duntaxat
1663 2234 1794 2273 52000
1802 2236 1998 2282 passuum

357 2284 432 2320 esse
450 2284 768 2329 demonstrauit,
790 2291 937 2324 tamen
953 2299 1182 2335 perperam
1198 2288 1383 2335 idipsum
1398 2288 1511 2326 facit.
1533 2288 1639 2332 Imo,
1660 2287 1837 2335 ipsemet
1853 2290 1998 2336 potius

357 2339 590 2374 enormiter
606 2338 748 2385 lapsus
760 2342 1044 2384 conuincitur,
1062 2341 1167 2379 dum
1179 2344 1309 2379 nimis
1321 2341 1633 2379 inconsiderate
1645 2341 1869 2385 constituit,
1886 2341 1997 2379 sum-

356 2400 452 2427 mos
463 2401 648 2437 vapores
660 2392 958 2438 crepusculum
971 2393 1206 2432 efficientes
1218 2397 1339 2433 iuxta
1350 2396 1556 2432 verticem
1567 2394 1996 2438 animaduertendos,

357 2454 455 2479 cum
476 2445 620 2490 potius
640 2444 819 2482 reflexio
836 2448 976 2492 prima
993 2447 1113 2495 Radij
1134 2448 1434 2495 crepusculum
1449 2447 1697 2486 inchoantis
1712 2447 1788 2486 fiat
1803 2449 1849 2485 in
1865 2447 1996 2485 Hori-

355 2500 494 2539 zonte‚
517 2507 596 2533 nec
617 2498 737 2535 iuxta
753 2498 911 2536 Zenith
932 2502 1081 2546 capitis
1098 2512 1124 2538 a
1140 2513 1366 2548 quoquam
1381 2512 1578 2548 vnquam
1595 2500 1685 2539 visa
1705 2500 1767 2545 fit;
1789 2501 1996 2548 quemad-

1813 2553 1996 2592 modum

2035 2141 2068 2167 35

2035 2238 2056 2270 ἦ

2035 2407 2069 2432 40
