2209 3213
147 823 177 847 10

147 1089 177 1113 15

145 1354 178 1379 20

146 1619 179 1644 25

130 1879 195 1911 304

150 2150 184 2176 35

152 2416 185 2441 40

533 222 1054 262 RECENTIORIBUS
1076 223 1534 262 PHAENOMENIS
1780 223 1858 261 249

214 330 289 368 suo
307 328 437 368 duetu
453 329 711 376 adaequasse;
734 330 851 368 Licet
866 330 909 368 id
926 342 1017 368 non
1033 342 1086 368 ex
1104 330 1432 374 Obseruatione,
1454 330 1524 368 sed
1540 332 1665 368 certis
1681 332 1857 367 rationi-

213 384 294 422 bus
309 382 534 430 persuasus
549 382 714 420 statuat.
732 383 898 421 Iudicat
914 385 1033 421 enim
1049 395 1151 421 eum
1167 383 1278 422 vltra
1293 383 1436 421 XVIII
1449 383 1640 431 Ianuarij
1659 383 1858 430 aliquan-

214 437 301 480 diu,
327 436 466 474 donec
491 435 546 473 ad
571 435 711 482 ipsum
736 435 974 483 Tropicum
999 437 1264 484 peruenisset,
1292 436 1468 479 durasse,
1497 441 1739 474 extremam
1765 438 1859 474 eius

214 490 550 536 Apparitionem
570 488 800 526 oculorum
821 491 914 527 acie
935 501 1026 527 non
1046 490 1301 536 assequente.
1324 490 1370 527 Id
1387 489 1505 536 quod
1522 491 1678 527 certius
1694 489 1770 536 ipfi
1785 501 1858 536 pa-

214 543 359 585 tuisset,
384 541 414 579 fi
436 553 463 579 a
485 542 611 579 nobis
637 544 768 579 etiam
790 542 936 579 XXVI
959 543 1027 580 die
1051 542 1245 580 Ianuarii
1270 542 1560 581 Obseruatum
1584 543 1858 590 cognouisset;

214 595 393 642 quando
415 594 770 632 Declinationem
790 595 987 639 obtinuit,
1011 596 1128 643 grad.
1150 595 1213 633 23.
1236 597 1339 633 min.
1362 596 1415 639 10,
1437 607 1463 633 a
1485 595 1662 633 Circulo
1686 597 1761 642 qui
1783 606 1860 642 per

213 648 451 695 Tropicum
476 647 674 685 aestiuum
699 648 940 686 Parallelus
963 648 1195 695 AEquatori
1220 649 1391 691 incedit,
1417 648 1566 686 saltem
1591 650 1715 686 tertia
1739 653 1860 695 parte

214 703 342 739 vnius
367 700 526 748 gradus
552 700 774 744 deficiens:
806 713 941 748 quam
965 701 1291 748 portiunculam
1315 703 1430 739 intra
1453 702 1659 744 triduum,
1690 701 1861 738 seruata

214 760 359 792 motus
379 753 442 791 sui
462 753 694 801 Analogia,
718 754 876 801 assequi
896 759 1082 801 poterat:
1106 756 1166 792 ita
1185 760 1228 792 vt
1249 754 1409 798 XXIX,
1431 760 1506 792 aut
1526 754 1653 791 XXX
1674 754 1729 792 ad
1750 754 1860 791 sum-

214 819 336 845 mum
350 807 418 845 die
430 806 637 854 Ianuarij‚
654 808 700 844 in
716 806 805 854 ipso
822 807 984 844 circulo
996 806 1171 854 Tropici
1187 807 1334 851 aestiui,
1351 807 1437 845 illic
1454 807 1673 854 aequalem
1689 806 1862 854 prorsus

215 861 269 898 ab
290 860 531 907 AEquatore
555 871 655 897 cum
679 859 981 907 obliquatione
1002 860 1222 907 Eclipticae
1244 862 1441 898 maxima
1464 860 1634 898 sortitus
1657 860 1861 897 Declina-

213 915 392 956 tionem,
409 915 582 960 penitus
598 913 816 950 euanuisse
833 912 1175 950 consentaneum
1186 913 1323 951 videri
1339 914 1468 960 possit,
1486 913 1862 960 quemadmodum

214 969 336 1005 iuxta
351 966 509 1003 limites
525 965 674 1004 circuli
690 968 765 1013 qui
776 965 1014 1013 Tropicum
1030 965 1278 1014 hybernum
1295 965 1457 1010 definit,
1474 966 1571 1004 satis
1582 966 1757 1013 praecise
1769 977 1862 1003 cur-

214 1020 308 1058 sum
323 1019 449 1057 suum
465 1018 710 1062 inchoarat;
728 1024 859 1066 atque
876 1018 959 1057 hac
975 1021 1144 1057 ratione
1156 1021 1288 1057 totius
1299 1019 1387 1056 suae
1400 1019 1642 1057 durationis
1654 1024 1862 1066 tempore,

215 1072 333 1120 quod
356 1077 441 1110 tres
463 1072 671 1110 Periodos
694 1072 892 1110 Lunares
914 1072 1156 1119 adaequasse
1182 1077 1478 1119 competenter
1499 1072 1651 1115 statuit,
1677 1072 1862 1119 spatium

215 1126 334 1169 illud,
352 1125 470 1173 quod
487 1125 674 1163 Circulis
689 1125 886 1173 Tropicis
901 1124 1174 1163 interiectum
1191 1125 1257 1168 est,
1277 1130 1502 1171 totamque
1520 1125 1738 1172 Eclipticae
1755 1124 1861 1162 obli-

215 1181 470 1226 quationem
496 1177 807 1226 complec‘titun
834 1177 965 1217 due'tu
989 1180 1203 1225 portionis
1229 1178 1394 1216 Circuli
1420 1178 1609 1215 Maximi
1637 1178 1862 1215 emensum

214 1232 330 1270 suisse
351 1231 462 1270 recte
483 1231 664 1275 inducit;
686 1232 1063 1279 quemadmodum
1083 1243 1164 1269 nos
1186 1233 1318 1269 etiam
1337 1230 1533 1278 superius
1555 1231 1710 1278 Capite
1731 1231 1862 1269 Sexto

215 1285 345 1323 latius
361 1296 415 1322 ex
430 1284 527 1332 ipsis
540 1284 930 1323 obseruationibus
945 1284 1258 1328 iudicauimus3
1274 1284 1389 1322 vnde
1406 1286 1538 1322 etiam
1555 1295 1646 1321 non
1663 1284 1862 1322 Elemen-

215 1344 366 1383 tarem,
389 1338 459 1376 sed
480 1337 711 1376 Coelestem
733 1338 849 1375 fuisse
872 1338 991 1376 hunc
1012 1337 1257 1381 Cometam‚
1282 1339 1597 1375 conuenienter
1617 1339 1862 1375 ratiocinati

215 1391 375 1430 sumus.

269 1444 465 1482 Demum
488 1444 768 1482 Parallaxeos
791 1446 1079 1491 quantitatem
1101 1446 1332 1488 minorem,
1357 1455 1492 1490 quam
1515 1443 1643 1481 Luna
1665 1444 1862 1487 admittit,

217 1499 401 1541 extitisse,
418 1498 565 1535 denuo
577 1497 777 1541 inculcat,
791 1497 829 1534 &
840 1497 880 1535 se
892 1497 975 1535 hac
986 1497 1137 1535 saltem
1148 1499 1276 1535 vnica
1288 1499 1456 1535 ratione
1469 1498 1562 1534 eius
1574 1496 1862 1544 inquirendae,

216 1551 339 1589 vsum
350 1550 465 1588 fuisse
477 1551 624 1594 asserit,
637 1562 725 1597 quo
737 1551 905 1597 aliquot
914 1550 1143 1588 Horarum
1155 1550 1401 1594 interuallo,
1414 1550 1570 1588 eodem
1582 1550 1662 1594 die,
1676 1561 1729 1587 ex
1741 1555 1864 1587 motu

218 1606 311 1642 eius
328 1606 557 1651 apparenti
573 1615 672 1642 eam
687 1603 864 1641 scrutari
880 1603 1011 1641 licuit.
1028 1603 1233 1641 Aliorum
1249 1615 1354 1641 vero
1367 1614 1389 1640 e
1401 1603 1652 1650 longinquis
1664 1603 1863 1650 Regioni-

217 1658 310 1702 bus,
328 1659 441 1695 circa
456 1657 572 1695 hanc
588 1657 724 1704 ipsam
740 1657 1074 1700 enucleandam,
1090 1658 1370 1694 inuentiones
1385 1656 1626 1703 plurimum
1642 1656 1862 1699 desiderat,

218 1711 289 1749 vbi
309 1712 420 1748 inter
441 1711 550 1748 alias
571 1712 834 1748 nominatim
855 1712 987 1748 etiam
1006 1721 1153 1747 meam
1172 1712 1351 1757 requirit
1368 1709 1650 1753 Sententiam,
1672 1721 1724 1747 eo
1745 1709 1864 1756 quod

218 1766 264 1801 in
275 1763 409 1801 Stella
420 1764 566 1807 Noua,
585 1775 684 1801 eam
700 1765 823 1801 omni
839 1763 1012 1801 caruisse
1025 1762 1255 1807 Parallaxi‚
1270 1775 1358 1800 vna
1373 1774 1473 1800 cum
1485 1762 1744 1810 quibusdam
1756 1762 1866 1805 aliis,

219 1828 330 1864 quos
355 1816 555 1860 recenset,
579 1817 760 1854 Veritati
783 1815 1082 1854 consenserim.
1109 1816 1228 1854 Huic
1250 1827 1355 1853 vero
1380 1815 1456 1853 suo
1482 1816 1593 1853 adeo
1616 1815 1866 1853 vehementi

219 1870 441 1913 desiderio,
458 1872 503 1907 in
518 1870 600 1908 hac
613 1870 755 1908 nostra
766 1869 1108 1913 elucubratione,
1125 1869 1362 1916 praesertim
1373 1865 1388 1918 ss
1401 1868 1555 1916 Capite
1568 1869 1711 1913 Sexto,
1729 1880 1865 1916 quan-

219 1929 312 1961 tum
332 1935 409 1971 per
428 1935 510 1960 nos
530 1923 663 1967 licuit,
684 1921 946 1961 satisfactum
966 1923 1055 1965 esse,
1076 1922 1162 1970 ipse
1180 1922 1414 1961 Cornelius
1431 1921 1636 1966 Gemma,
1653 1921 1682 1959 fi
1698 1922 1805 1959 Fata
1820 1922 1867 1959 il-

219 1977 313 2015 lum
328 1978 374 2014 in
391 1976 508 2014 hunc
524 1976 656 2023 vsque
673 1977 789 2014 diem
805 1976 931 2014 nobis
948 1987 1039 2013 non
1054 1976 1310 2019 inuidissent‚
1327 1975 1447 2013 haud
1459 1975 1547 2012 fine
1558 1987 1720 2022 magna
1731 1976 1869 2012 animi

220 2030 456 2077 voluptate,
477 2030 733 2076 percepisset.
758 2029 877 2067 Nam
896 2028 1094 2076 idipsum,
1116 2028 1235 2076 quod
1255 2034 1482 2076 tantopere
1503 2030 1549 2066 in
1569 2030 1681 2066 votis
1701 2028 1867 2071 habuit,

221 2095 309 2130 quo
319 2083 374 2121 ad
385 2083 665 2121 collationem
675 2082 946 2120 diuersarum
956 2081 1338 2125 obseruationum,
1349 2083 1394 2119 in
1403 2081 1711 2119 remotioribus
1720 2081 1868 2119 Terrae

220 2136 327 2174 locis
349 2133 574 2179 factarum,
599 2137 762 2179 attinet,
786 2133 898 2173 dicto
920 2135 1088 2182 Capite,
1112 2140 1206 2173 tum
1229 2146 1282 2172 ex
1305 2134 1434 2182 ipsius
1456 2134 1661 2173 Gemmae
1684 2136 1870 2182 propriis

221 2189 422 2237 Louanij,
441 2194 535 2227 tum
552 2191 683 2227 etiam
698 2188 913 2226 Thaddaei
930 2188 1115 2236 Hagecii
1131 2188 1280 2236 Pragae
1297 2188 1468 2231 habitis,
1486 2187 1524 2225 &
1540 2199 1640 2225 cum
1656 2188 1807 2225 nostris
1823 2189 1869 2225 in

221 2244 431 2280 trutinam
446 2244 624 2286 vocatis,
641 2244 764 2279 omni
780 2241 958 2289 possibili
974 2241 1208 2289 diligentia,
1225 2241 1512 2288 praestitimus.

275 2296 365 2343 Ego
377 2300 526 2333 tamen
538 2295 676 2333 multo
689 2297 893 2332 certiores
905 2294 1050 2332 iudico
1063 2306 1137 2332 eas
1146 2294 1444 2332 Parallaxium
1454 2293 1757 2337 dimensiones,
1771 2305 1870 2341 quae

222 2350 268 2386 in
283 2350 412 2386 vnico
429 2349 687 2392 Horizonte,
709 2348 763 2386 ab
781 2348 937 2386 eodem
953 2347 1256 2392 Obseruatore,
1279 2345 1439 2385 exactis
1457 2347 1644 2395 Organis
1661 2348 1869 2394 indagan-

222 2407 303 2446 tur,
315 2401 552 2449 praesertim
560 2401 633 2439 vbi
644 2413 712 2439 res
725 2403 838 2439 circa
849 2402 1046 2444 minima,
1059 2401 1435 2448 quemadmodum
1446 2400 1651 2443 hocloco,
1664 2400 1868 2443 versatur,

222 2455 403 2502 illasque
423 2457 487 2503 ijs,
510 2466 610 2502 quae
631 2457 677 2492 in
698 2454 876 2492 diuerfis
895 2454 1226 2498 Horizontibus‚
1243 2466 1270 2492 a
1285 2454 1491 2501 separatis
1508 2453 1871 2492 Obseruatoribus

224 2507 496 2552 exhibentur,
514 2508 654 2556 longe,
672 2508 727 2545 ob
745 2512 882 2545 certas
899 2507 1109 2554 quasdam
1125 2509 1329 2551 rationes,
1345 2506 1641 2554 praeferendas
1658 2506 1822 2544 censeo.

329 2570 362 2595 32
1089 2567 1100 2575 ⁶
1696 2559 1869 2597 Dehinc
