2209 3213
125 835 156 860 10

125 1101 156 1126 15

118 1254 161 1286 99

122 1367 156 1392 20

123 1633 156 1658 25

123 1898 157 1924 30

122 2163 156 2189 35

122 2429 156 2455 40

514 237 1037 277 RECENTIORIBUS
1057 238 1516 278 PI-IAENOMENIS
1788 239 1839 277 89

194 356 312 383 nunc
332 344 378 382 fit
397 344 570 392 longius
589 342 752 382 factum
773 356 908 391 quam
927 347 1060 392 prius,
1083 345 1137 383 G.
1157 345 1192 383 3.
1215 345 1278 383 M.
1298 345 1361 389 25,
1382 344 1657 383 manifestum
1678 344 1733 382 est
1754 344 1839 383 Co-

193 403 357 436 metam
378 397 462 435 hoc
483 398 642 435 diurno
661 397 798 444 spatio
818 398 998 436 totidem
1018 398 1177 446 gradus
1197 398 1429 442 absoluisse,
1454 397 1492 435 &
1515 398 1570 435 ob
1593 398 1637 435 id
1659 397 1710 435 23
1732 400 1837 435 min.

194 452 271 489 esse
286 451 535 495 tardiorem,
553 462 688 497 quam
704 451 968 498 praecedenti
984 451 1053 489 die
1070 450 1363 498 deprehensus
1380 451 1447 488 est.

248 504 332 542 Die
344 503 429 541 XX
441 503 721 548 Nouembris,
737 503 792 541 est
804 504 858 547 D,
871 504 914 542 P.
926 504 989 542 26.
1002 504 1065 542 M.
1077 505 1129 542 59
1145 510 1185 548 z,
1199 504 1295 548 DE,
1307 504 1350 541 P.
1363 504 1416 542 18.
1429 504 1493 541 M.
1506 504 1559 542 15.
1578 503 1727 550 Quare
1740 503 1838 547 DA,

194 557 237 595 P.
249 557 313 595 36.
326 556 389 594 M.
402 557 438 600 4,
456 556 526 594 sed
538 556 633 601 ΑΕ,
650 556 693 594 P.
705 557 768 595 39.
782 557 845 594 M.
858 557 912 601 51,
929 557 1130 605 Angulus
1142 568 1247 595 vero
1264 557 1396 600 IAH,
1413 557 1456 594 Ρ.
1468 557 1531 595 29.
1545 557 1608 594 M.
1622 557 1675 601 15,
1692 558 1738 594 in
1749 556 1839 604 ipso

191 610 393 657 scrupulo
409 609 681 647 consentiens
697 621 798 647 cum
813 611 877 658 ijs,
899 622 999 657 quae
1017 612 1138 657 prius
1153 612 1336 648 inuenta
1351 610 1459 647 sunt.
1481 610 1546 647 Ita
1561 615 1604 647 vt
1621 610 1704 647 EA
1721 622 1838 647 nunc

191 663 362 711 longior
377 661 489 701 facta
504 662 550 700 fit
565 668 673 710 part.
691 663 744 700 14.
760 665 865 700 min.
882 663 919 707 3,
940 663 1174 701 interuallo
1196 665 1391 710 quinque
1413 663 1601 706 dierum;
1622 665 1683 701 ita
1698 668 1742 700 vt
1759 663 1838 700 fin-

191 716 302 764 gulis
322 716 487 760 diebus,
508 715 537 753 fi
557 716 786 763 aequaliter
805 721 1033 763 promotus
1052 716 1198 761 fuisset,
1219 728 1337 754 nunc
1358 728 1449 753 non
1466 718 1628 763 integre
1644 721 1729 754 tres
1745 728 1837 763 gra-

192 770 286 813 dus,
307 768 534 807 deficiente
550 768 670 816 quafi
685 769 803 807 sexta
818 775 952 817 parte,
973 769 1197 807 absoluere
1216 769 1510 817 deprehensus
1531 769 1589 813 fit,
1612 769 1730 816 quod
1750 769 1839 807 suc-

193 823 356 867 cessiue,
372 824 432 860 vti
447 833 527 869 par
542 827 646 866 erat,
663 834 690 860 a
705 822 998 869 superioribus
1013 822 1204 860 motibus
1220 823 1388 860 diurnis
1404 821 1558 860 deficit.

247 875 344 913 Pari
365 877 534 913 ratione
552 875 622 913 die
637 875 841 922 sequente
858 887 912 913 ex
928 875 983 919 D,
1003 877 1049 913 in
1065 875 1108 913 P.
1125 875 1188 913 29.
1206 875 1269 913 M.
1287 876 1328 913 14
1349 881 1390 919 z,
1412 875 1450 913 &
1471 875 1567 919 DE,
1589 875 1632 913 P.
1650 875 1703 913 19.
1721 875 1784 913 M.
1801 875 1838 917 9,

193 928 321 967 datur
336 928 435 973 DA,
452 928 495 966 P.
512 928 575 967 38.
592 928 656 966 M.
673 929 727 972 19,
743 928 781 966 8(
798 928 892 971 EA,
910 928 953 966 P.
965 928 1028 966 42.
1042 928 1105 966 M.
1119 928 1172 973 10,
1189 928 1362 966 duobus
1377 928 1582 976 gradibus
1598 940 1698 966 cum
1714 930 1735 968 3
1750 928 1839 966 fere

193 983 327 1029 priori
346 983 490 1019 maior
509 981 703 1025 existens,
725 986 917 1029 quantus
937 981 993 1019 est
1012 986 1158 1019 motus
1176 981 1360 1019 diurnus
1377 981 1576 1019 Cometae
1592 983 1638 1018 in
1653 981 1729 1019 suo
1747 981 1840 1019 Cir-

194 1035 294 1073 culo
324 1036 456 1073 etiam
479 1034 703 1072 successiue
728 1034 989 1079 decrescens,
1019 1034 1222 1082 Angulus
1246 1046 1352 1072 vero
1378 1034 1510 1072 EAD
1535 1039 1684 1072 manet
1709 1034 1751 1072 P.
1778 1034 1840 1072 29.

194 1088 258 1126 M.
275 1088 328 1126 15.
350 1087 476 1125 Vnde
493 1087 679 1126 Cometa
699 1099 780 1125 nec
800 1087 884 1125 hoc
901 1087 971 1125 die
987 1099 1014 1125 a
1029 1087 1092 1125 sui
1109 1087 1274 1125 Circuli
1289 1088 1411 1125 Arcu
1427 1089 1665 1134 quicquam
1681 1088 1840 1125 deuiat.

247 1141 333 1179 Die
349 1140 496 1179 XXIII
516 1140 797 1185 Nouembris,
819 1152 873 1178 ex
893 1140 1185 1188 Longitudine
1206 1140 1261 1184 D,
1282 1141 1325 1178 P.
1342 1140 1378 1178 3.
1396 1141 1460 1178 Μ.
1477 1140 1518 1178 31
1539 1150 1598 1184 xx,
1621 1140 1658 1178 8(
1679 1140 1842 1178 Latitu-

193 1194 295 1233 dine
316 1194 413 1238 DE,
438 1194 481 1232 P.
502 1194 566 1232 20.
588 1194 652 1232 M.
673 1194 737 1238 45,
758 1194 885 1232 datur
906 1194 1039 1232 Latus
1060 1193 1158 1238 DA,
1180 1194 1223 1232 P.
1244 1194 1307 1231 42.
1330 1194 1393 1231 M.
1415 1193 1478 1237 36,
1499 1193 1537 1231 &
1559 1193 1653 1237 EA,
1677 1193 1720 1231 P.
1741 1193 1804 1232 46.
1828 1190 1842 1243 ΙΙ

194 1247 258 1285 Μ.
274 1247 337 1285 30.
360 1247 416 1285 Vt
437 1246 484 1285 fit
506 1246 562 1285 ob
584 1247 628 1285 id
650 1246 798 1285 cursus
821 1247 1033 1291 Cometae,
1056 1259 1133 1295 per
1155 1246 1240 1285 hoc
1263 1246 1460 1291 biduum,
1483 1249 1530 1284 in
1551 1246 1628 1284 suo
1650 1246 1841 1291 Circulo,

193 1301 236 1339 P.
253 1301 290 1338 4.
308 1300 371 1338 M.
388 1300 451 1344 20,
474 1299 512 1337 &
532 1300 717 1338 diurnus
737 1300 780 1338 P.
797 1300 821 1338 2
837 1312 938 1338 cum
954 1301 975 1340 ὲ
990 1300 1135 1338 adhuc
1155 1300 1379 1338 successiue
1400 1299 1620 1344 deficiens,
1637 1300 1844 1348 Angulus

192 1365 298 1391 vero
314 1353 445 1391 EAD
461 1353 775 1398 Inclinationis,
791 1358 940 1392 manet
955 1358 999 1391 vt
1014 1353 1155 1401 supra,
1171 1353 1214 1391 P.
1232 1353 1294 1392 29.
1312 1353 1375 1391 M.
1392 1354 1446 1391 14.

246 1407 331 1444 Die
347 1406 472 1444 XXV
488 1406 769 1451 Nouembris,
791 1418 844 1444 ex
862 1406 1154 1455 Longitudine
1171 1406 1212 1444 D
1229 1408 1275 1444 in
1290 1407 1333 1444 P.
1350 1407 1387 1445 7.
1404 1408 1509 1444 min.
1526 1406 1576 1444 24
1597 1415 1656 1450 m,
1678 1406 1839 1444 Latitu-

193 1460 294 1498 dine
311 1460 407 1504 DE,
428 1460 472 1498 P.
488 1460 552 1498 22.
569 1459 633 1497 M.
650 1460 686 1504 6,
707 1459 835 1498 datur
851 1459 950 1504 DA,
971 1460 1014 1498 P.
1030 1460 1094 1498 46.
1111 1459 1175 1497 M.
1192 1460 1256 1505 29,
1277 1460 1315 1498 8(
1336 1460 1431 1504 EA,
1450 1460 1493 1497 P.
1510 1460 1573 1498 50.
1592 1459 1654 1497 M.
1672 1459 1723 1497 22
1739 1459 1840 1497 fere.

192 1513 318 1551 Vnde
334 1518 480 1551 motus
495 1513 680 1551 diurnus
695 1524 772 1560 per
787 1512 872 1551 hoc
886 1512 1072 1551 biduum
1085 1513 1177 1557 fuit,
1194 1513 1237 1551 P.
1250 1513 1285 1551 3.
1299 1513 1363 1551 M.
1376 1513 1439 1557 52,
1456 1518 1499 1551 vt
1511 1512 1631 1560 quafi
1643 1513 1657 1550 1
1669 1513 1841 1560 gradus,

194 1565 232 1604 8(
252 1567 303 1605 56
323 1568 506 1611 minuta,
529 1568 605 1604 vni
627 1566 713 1604 diei
737 1571 998 1614 competant,
1021 1566 1225 1614 Angulus
1245 1578 1351 1604 vero
1372 1566 1673 1604 Inclinationis
1697 1565 1841 1609 EAD,

193 1621 418 1658 inuenitur
434 1619 640 1667 exquifite
656 1619 699 1657 P.
716 1619 779 1657 29.
797 1619 860 1657 M.
877 1619 929 1658 15.

247 1672 332 1710 Die
348 1672 497 1710 XXIX
508 1672 789 1717 Nouembris,
807 1684 861 1710 ex
872 1672 927 1716 D,
944 1672 987 1710 P.
1000 1672 1053 1711 13.
1066 1672 1130 1710 M.
1142 1673 1193 1711 45
1209 1681 1268 1717 m,
1286 1672 1324 1710 8(
1340 1672 1437 1717 DE,
1454 1672 1496 1710 P.
1510 1672 1572 1710 24.
1586 1672 1649 1710 M.
1661 1672 1698 1717 0,
1716 1672 1843 1710 datur

194 1725 293 1770 DA,
309 1726 353 1763 P.
369 1726 432 1764 52.
450 1726 513 1763 M.
531 1725 594 1769 50,
612 1725 650 1763 8(
666 1725 760 1770 EA,
778 1725 820 1763 P.
833 1726 895 1764 56.
909 1726 972 1763 M.
985 1725 1047 1763 30.
1065 1726 1190 1764 Vnde
1206 1731 1352 1763 motus
1367 1726 1552 1764 diurnus
1567 1725 1636 1763 his
1652 1730 1842 1773 quatuor

193 1779 346 1817 diebus
356 1784 550 1817 mutatus
562 1778 617 1816 est
629 1778 684 1817 G.
697 1779 733 1817 6.
745 1780 851 1816 min.
863 1779 900 1823 8,
917 1784 1189 1826 competente
1200 1778 1375 1827 fingulis
1387 1779 1540 1817 diebus
1554 1778 1674 1826 quafi
1687 1778 1841 1826 sesqui-

193 1832 331 1870 altero
353 1832 525 1876 Gradu;
549 1843 686 1879 quare
706 1831 852 1870 adhuc
872 1832 1095 1870 successiue
1116 1832 1318 1870 decrescit
1340 1834 1434 1870 eius
1457 1837 1615 1875 motus,
1638 1832 1842 1879 Angulus

193 1896 298 1923 vero
320 1885 464 1930 EAD,
486 1885 528 1923 P.
550 1885 612 1923 29.
635 1885 699 1923 M.
720 1885 774 1929 12,
796 1885 931 1923 tribus
951 1885 1101 1923 saltem
1120 1885 1330 1933 scrupulis
1351 1885 1665 1923 insensibilibus
1685 1897 1712 1923 a
1732 1896 1841 1932 prae-

193 1938 408 1986 suppofito
425 1938 644 1976 deficiens.

246 1991 331 2029 Die
347 1991 475 2029 XXX
492 1991 772 2035 Nouembris,
794 2003 847 2029 ex
868 1991 1158 2040 Longitudine
1180 1991 1235 2036 D,
1255 1993 1301 2029 in
1319 1991 1373 2030 G.
1391 1992 1444 2030 15.
1462 1991 1525 2029 M.
1543 1991 1566 2029 3
1587 2001 1646 2035 xx,
1668 1990 1706 2029 8(
1726 1991 1839 2029 Lati-

192 2045 343 2083 tudine
359 2045 456 2088 DE,
473 2045 516 2083 P.
533 2045 596 2083 24.
613 2045 677 2082 M.
694 2045 757 2089 29,
774 2046 978 2092 prouenit
994 2045 1093 2089 DA,
1109 2045 1153 2083 P.
1170 2045 1232 2083 54.
1251 2045 1314 2083 M.
1331 2045 1368 2089 8,
1386 2045 1424 2083 &
1441 2045 1534 2089 EA,
1554 2045 1596 2082 P.
1614 2045 1677 2083 57.
1695 2045 1758 2082 M.
1776 2045 1838 2089 47,

193 2110 293 2146 quae
310 2110 411 2136 cum
426 2098 472 2136 fit
487 2098 637 2136 saltem
652 2109 741 2135 vno
754 2098 922 2142 Gradu,
939 2098 977 2136 8(
994 2099 1035 2136 17
1050 2098 1261 2146 scrupulis
1277 2098 1560 2137 antecedente
1576 2100 1730 2141 maior,
1746 2103 1839 2136 tan-

191 2156 286 2189 tum
295 2153 538 2189 etiamtunc
547 2151 662 2189 fuisse
673 2151 872 2189 Cometae
881 2156 1051 2189 motum
1061 2151 1270 2190 diurnum
1278 2152 1451 2196 indicat,
1462 2151 1607 2190 adhuc
1616 2151 1839 2189 successiue

192 2204 520 2249 decrescentem,
537 2204 740 2253 Angulus
756 2216 861 2242 vero
878 2204 1023 2249 EAD,
1039 2210 1292 2252 procreatur
1307 2205 1350 2243 P.
1363 2205 1426 2243 29.
1444 2205 1507 2242 M.
1520 2205 1583 2249 20,
1601 2206 1746 2252 quinis
1762 2204 1839 2242 sal-

192 2263 279 2296 tem
298 2257 510 2306 scrupulis
529 2257 838 2306 praesuppofito
855 2259 1010 2303 maior,
1032 2269 1132 2305 quae
1153 2257 1398 2297 differentia
1414 2258 1532 2306 apud
1548 2257 1839 2305 Intelligentes

192 2311 429 2349 tolerabilis
446 2311 513 2356 est,
531 2311 569 2349 &
584 2311 707 2349 suam
722 2311 848 2349 facile
864 2316 1056 2349 meretur
1072 2311 1408 2350 excusationem.

245 2363 465 2402 Absolutis
495 2366 642 2412 itaque
672 2364 710 2402 8(
740 2366 1001 2402 examinatis
1030 2365 1235 2403 omnibus
1266 2364 1656 2403 Obseruationibus
1686 2363 1839 2402 Mense

193 2417 439 2455 Nouembri
468 2417 639 2462 habitis,
669 2418 957 2465 procedemus
982 2418 1038 2456 ad
1062 2417 1172 2462 illas,
1203 2429 1313 2465 quas
1338 2418 1572 2456 Decembri
1597 2417 1839 2464 insequenti

193 2468 308 2508 nac'ti
331 2470 492 2515 sumus,
522 2472 568 2508 in
596 2471 755 2518 quibus
781 2471 986 2508 omnibus
1010 2476 1182 2509 vtemur
1207 2471 1363 2509 eadem
1386 2473 1568 2515 ratione,
1598 2469 1838 2517 Triangulo

192 2523 336 2568 AFG,
356 2525 568 2562 innuente
589 2523 709 2571 quafi
729 2524 979 2562 vlteriorem
995 2523 1194 2563 Cometae
1215 2527 1552 2572 promotionem,
1573 2524 1647 2562 sub
1669 2535 1757 2571 quo
1778 2527 1838 2560 ta—

302 2585 332 2609 12
1735 2587 1838 2613 men
