2209 3213
341 231 416 268 224
833 226 915 263 DE
938 223 1162 263 MUNDI
1183 222 1485 261 AETHEREI

341 337 393 373 ab
411 337 533 371 initio
551 334 743 374 inditam,
763 332 799 368 &
816 336 1025 377 perpetuo
1038 329 1339 367 conseruatam
1351 334 1496 366 motus
1508 328 1718 376 regularis
1730 328 1978 372 Scientiam,

343 400 428 434 qua
450 387 594 424 cursus
615 386 724 426 suos
746 384 876 421 nullis
899 383 1088 421 Orbibus
1109 381 1291 429 impulsi,
1312 381 1382 419 vel
1401 381 1549 425 fulciti,
1569 380 1858 428 perfeclissime
1880 394 1979 420 con-

341 441 665 485 stantissimeque
682 437 923 475 absoluunt.
941 436 1023 474 Sed
1041 437 1145 482 quia
1161 436 1213 472 de
1229 434 1297 472 his
1313 437 1359 471 in
1375 434 1557 482 Epilogo
1572 437 1703 472 totius
1720 435 1877 482 Operis
1892 435 1979 482 ple-

340 496 437 529 nius
460 493 496 529 &
518 491 729 538 copiosius
749 488 930 527 tractare
952 489 1137 531 decreui,
1161 488 1397 534 prolixiore
1420 499 1538 525 nunc
1561 491 1979 526 commemoratione

340 545 603 592 supersedeo
622 543 797 580 Accedit
810 542 846 579 8(
860 542 954 585 hoc,
973 542 1090 588 quod
1104 540 1267 578 etiamsi
1284 541 1451 578 admitti
1467 541 1596 587 possit,
1614 541 1846 579 Cometam
1862 541 1979 579 hunc
2018 553 2033 578 5

341 599 468 635 Orbis
478 598 674 639 alicuius,
686 598 797 633 circa
808 595 1235 641 SphaeramVeneris‚
1246 595 1583 631 concitationem
1592 591 1979 644 sequutumssfuisse,
2004 600 2069 631 269

340 657 531 688 attamen
548 650 743 687 alienum
760 649 796 685 &
814 651 944 685 nimis
960 649 1209 685 intricatum
1226 647 1330 693 quid
1347 647 1422 694 ipfi
1435 647 1541 685 Orbi
1557 648 1729 685 assuitur
1745 659 1821 695 per
1837 647 1979 685 circel—

340 704 405 740 los
426 704 534 745 illos,
559 714 748 749 quorum
768 700 981 738 beneficio
1004 701 1176 738 libratio
1198 699 1452 738 efficeretur.
1476 700 1716 738 Enimuero
1739 701 1980 738 librationis

340 757 463 793 illum
480 762 660 797 motum,
680 760 771 792 vtut
787 753 1006 801 ingeniose
1023 766 1049 791 a
1065 753 1406 791 COPERNICO
1424 755 1727 801 excogitatum,
1749 765 1838 801 quo
1855 754 1979 792 Orbi-

341 810 498 846 cularis
516 811 717 845 circuitus
734 807 1023 844 nihilominus
1040 805 1224 844 directus
1242 807 1400 850 euadit,
1422 808 1467 844 in
1487 807 1576 853 ipso
1594 806 1723 844 Coelo
1740 807 1888 845 locum
1904 807 1979 844 ha·
2021 818 2052 843 lo

340 862 439 899 bere
456 864 528 899 vix
544 861 652 898 mihi
668 860 1006 907 persuadebitur.
1025 860 1154 897 Circa
1169 858 1553 906 AEquinodtiorum
1569 862 1926 906 anticipationem
1943 859 1981 897 8(
2018 862 2038 893 †

341 915 558 961 Eclipticae
568 916 783 951 variatam
794 914 1153 960 Obliquationem
1165 914 1331 950 irritam
1343 913 1418 950 esse
1431 912 1545 950 hanc
1557 912 1908 960 speculationem,
1921 912 1980 951 af-

340 968 529 1005 fixarum
546 967 777 1005 Stellarum
794 968 1024 1014 promotio,
1041 966 1211 1003 tantillo
1227 971 1422 1012 tempore
1440 977 1466 1003 a
1482 966 1729 1013 Copernico
1745 966 1980 1013 hucusque,

340 1023 534 1058 numeris
558 1023 650 1058 eius
673 1020 784 1058 adeo
807 1019 1054 1057 sensibiliter
1078 1021 1409 1062 inconueniens,
1435 1019 1663 1066 multoque
1689 1019 1870 1057 celerior
1895 1021 1981 1057 exi-

340 1075 461 1116 stens,
483 1074 580 1111 satis
597 1074 821 1111 euidenter
837 1073 1009 1110 indicat.
1032 1072 1080 1109 In
1097 1072 1334 1116 Mercurio,
1356 1072 1427 1109 etfi
1448 1072 1689 1110 admodum
1704 1072 1750 1110 fit
1766 1074 1982 1110 concinna
2023 1084 2053 1109 15

341 1127 435 1164 haec
457 1126 740 1174 Coperniana
762 1126 946 1168 libratio,
971 1125 1147 1172 eiusque
1168 1127 1447 1172 apparentias
1470 1125 1545 1172 ipsi
1567 1125 1696 1163 Coelo
1717 1125 1982 1163 Ptolemaica
2019 1128 2039 1159 'r

342 1180 583 1228 Hypothefi
603 1182 740 1227 magis
762 1179 1007 1216 conformes
1025 1178 1239 1221 exhibeat,
1259 1184 1438 1225 tamque
1459 1178 1741 1216 monstrosam
1756 1181 1982 1216 variorum

342 1239 589 1271 centrorum
611 1233 647 1269 8(
668 1238 869 1270 motuum
892 1234 937 1269 in
958 1234 1091 1269 veteri
1113 1231 1355 1279 Hypothefi
1378 1231 1739 1270 discoherentiam
1760 1231 1798 1269 8(
1820 1234 1981 1279 irregu-

341 1286 555 1324 laritatem
579 1286 794 1323 excludat:
821 1291 1014 1323 attamen
1037 1296 1137 1322 cum
1161 1285 1430 1332 Epicyclium
1453 1285 1569 1322 illius
1591 1287 1637 1322 in
1660 1285 1881 1329 Eccentro,
1907 1287 1982 1332 qui

342 1342 473 1377 etiam
490 1345 686 1376 centrum
702 1338 861 1376 habeat
877 1341 923 1375 in
939 1338 1026 1376 alio
1044 1338 1217 1375 circello
1234 1338 1527 1382 conuolubile,
1550 1349 1602 1376 ea
1622 1338 1715 1386 lege
1735 1339 1917 1386 assignet,
1939 1343 1982 1375 vt
2019 1350 2053 1376 20

341 1392 473 1430 Stella
484 1392 572 1439 ipsa
582 1392 789 1439 Mercurij
804 1404 895 1429 non
907 1391 1172 1429 circulariter
1182 1403 1259 1438 per
1268 1391 1663 1429 circumferentiam
1673 1393 1766 1429 eius
1776 1391 1979 1439 Epicyclij

341 1445 608 1489 reuoluatur,
638 1445 708 1483 sed
737 1447 881 1492 potius
906 1447 951 1482 in
976 1445 1190 1482 diametro
1215 1444 1380 1482 sursum
1405 1444 1693 1491 deorsumque
1718 1456 1794 1492 per
1818 1445 1982 1482 lineam

341 1497 501 1536 rectam
521 1504 643 1535 motu
664 1498 747 1535 hoc
768 1498 1010 1536 librationis
1031 1497 1205 1541 feratur,
1228 1509 1281 1535 ex
1301 1497 1384 1535 hac
1405 1497 1494 1544 ipsa
1514 1499 1559 1535 in
1580 1496 1789 1536 directum
1805 1497 1981 1541 latione,

340 1549 529 1598 suspecta
551 1551 743 1589 redditur
767 1551 862 1589 haec
885 1551 1092 1589 assumtio.
1119 1551 1338 1597 Quamuis
1361 1553 1479 1588 enim
1502 1550 1648 1588 cursus
1673 1549 1932 1595 rectilineus,
1959 1562 1982 1588 e

341 1604 623 1642 circularibus
638 1606 770 1652 varijs
787 1606 993 1651 componi
1009 1605 1137 1651 possit,
1158 1609 1307 1642 tamen
1323 1604 1492 1641 videtur
1512 1603 1607 1641 haec
1628 1606 1902 1642 ratiocinatio
1919 1605 1981 1641 ni·
1993 1616 2054 1647 -1·25

341 1660 422 1694 mis
443 1656 592 1695 coacta
613 1657 650 1694 &
670 1658 892 1704 implicata
913 1658 1001 1701 esse,
1023 1657 1147 1701 adeo,
1168 1662 1212 1694 vt
1231 1657 1489 1704 fimplicitati
1505 1657 1543 1694 8(
1559 1656 1792 1695 orbiculari
1808 1657 1982 1695 reuolu-

340 1712 448 1748 tioni
465 1710 717 1748 Coelestium
734 1722 968 1757 corporum
984 1722 1075 1748 non
1091 1710 1188 1748 satis
1205 1715 1303 1757 apte
1320 1715 1548 1757 competat.
1570 1710 1720 1748 Aliam
1740 1712 1866 1758 igitur
1882 1722 1982 1748 con-

341 1763 508 1801 stituere
539 1769 707 1810 oportet
736 1766 964 1807 rationem,
995 1775 1083 1810 qua
1112 1765 1378 1811 apparentijs
1408 1763 1616 1811 Mercurij
1648 1765 1983 1801 conuenientius

341 1816 527 1860 satisfiat,
544 1821 587 1854 vt
604 1828 683 1854 nec
699 1817 976 1860 Ptolemaica,
998 1819 1111 1854 circa
1131 1817 1277 1854 aliena
1293 1822 1452 1860 centra,
1474 1816 1780 1864 irregularitas,
1801 1828 1881 1854 nec
1898 1816 1982 1854 Co-

341 1871 554 1915 perniana
574 1871 619 1906 in
640 1869 849 1908 directum
870 1870 1112 1907 librationis
1132 1872 1348 1907 intricatio
1369 1870 1619 1907 assumenda
1638 1871 1796 1907 veniat.
1821 1869 1904 1907 Sed
1929 1869 1982 1907 de
2019 1882 2053 1907 30

342 1922 409 1959 his
434 1922 537 1959 alibi
564 1922 703 1967 (DEO
727 1922 920 1969 fauente)
946 1923 1117 1961 dabitur
1142 1925 1401 1970 oportunior
1426 1923 1648 1960 disserendi
1672 1923 1806 1960 locus.
1833 1922 1982 1969 Quare

343 1986 442 2012 cum
463 1975 537 2021 ipsi
555 1975 682 2013 Coelo
704 1975 741 2012 8(
762 1976 864 2013 huic
880 1988 906 2013 a
924 1976 1083 2013 Mundi
1104 1978 1317 2023 principio
1339 1978 1577 2023 congenitis
1598 1976 1798 2020 Planetis,
1820 1976 1915 2013 haec
1935 1975 1982 2013 li·
2008 1981 2010 1983 ’

342 2028 551 2065 brationis
563 2030 607 2065 in
620 2027 829 2066 direc‘lum
846 2031 1141 2075 reciprocatio,
1159 2040 1424 2076 quocunque
1436 2029 1613 2067 tandem
1624 2029 1757 2067 modo
1768 2028 1863 2066 fieri
1874 2040 1982 2075 prae-

343 2080 621 2127 supponatur,
643 2084 715 2118 vix
736 2081 833 2119 satis
850 2087 941 2119 tuto
959 2082 996 2119 8(
1013 2087 1307 2129 competenter
1323 2083 1502 2120 concedi
1519 2087 1661 2129 queat,
1681 2082 1820 2119 multo
1836 2084 1983 2119 minus

344 2133 620 2171 Secundariis
632 2134 743 2171 hisce
757 2134 909 2178 stellis,
925 2147 1024 2181 quae
1037 2136 1412 2182 quemadmodum
1424 2140 1539 2172 certo
1551 2140 1746 2182 tempore
1758 2137 1982 2182 incipiunt,
2021 2147 2054 2172 35

344 2186 396 2223 fic
418 2188 549 2224 etiam
570 2199 659 2224 non
681 2189 740 2224 ita
760 2187 834 2224 diu
857 2188 945 2234 post
966 2188 1261 2232 dissoluuntur‚
1284 2194 1374 2226 tam
1396 2188 1594 2226 subtilem
1615 2187 1653 2225 8(
1673 2188 1869 2235 pluribus
1891 2187 1983 2225 Cir-

344 2239 452 2276 culis
475 2236 758 2289 inuolu—lltam
781 2240 1069 2285 librationem,
1094 2253 1181 2288 qua
1204 2247 1349 2279 motus
1372 2253 1589 2288 apparens
1612 2241 1843 2288 reguletur,
1868 2243 1983 2279 attri-
2008 2247 2073 2278 270

343 2291 568 2329 buendum
585 2293 661 2329 esse
677 2293 917 2330 verosimile
934 2295 1114 2332 videtur.

398 2345 607 2382 CAPITE
624 2345 812 2389 NONO,
831 2347 1008 2392 replicat
1024 2348 1230 2394 quaedam
1247 2359 1299 2384 ex
1316 2349 1379 2395 ijs,
1397 2359 1497 2394 quae
1513 2349 1633 2394 prius
1649 2359 1739 2384 non
1752 2352 1875 2385 erant
1885 2347 1983 2385 satis

345 2398 590 2444 explanata,
608 2398 645 2435 8(
657 2399 813 2436 deinde
826 2399 1120 2437 coniecturam
1134 2401 1192 2447 (vt
1204 2400 1290 2447 ipse
1301 2400 1445 2446 vocat)
1457 2399 1624 2443 fortem,
1642 2400 1694 2438 de
1705 2402 1848 2446 primo
1860 2402 1983 2437 initio
2021 2412 2055 2437 40

345 2450 383 2487 &
399 2451 549 2488 vltima
566 2451 841 2497 disparitione
858 2452 990 2490 huius
1006 2453 1204 2491 Cometae
1221 2453 1407 2497 adducit,
1429 2465 1482 2490 ex
1500 2455 1552 2490 iis
1567 2452 1765 2490 videlicet
1781 2455 1983 2500 tempori-

344 2504 437 2547 bus,
455 2515 591 2550 quum
609 2504 686 2541 fuit
702 2506 746 2541 in
764 2511 910 2542 centro
928 2506 1097 2549 circelli,
1115 2508 1159 2543 in
1176 2508 1300 2544 cuius
1317 2506 1560 2544 diametrali
1573 2506 1691 2544 Arcu
1707 2506 1984 2544 librationem

1715 2570 1983 2606 reciprocam
