2209 3213
502 188 1025 228 RECENTIORIBUS
1046 188 1503 228 PHAENOMENIS
1759 189 1826 227 145

698 296 798 333 DIE
818 296 935 334 XXI.
958 295 1316 334 NOVEMBRIS.

279 358 454 396 AUDA
471 358 810 405 protendebatur
821 358 968 396 versus
983 363 1223 396 extremam
1235 358 1319 396 alae
1331 357 1487 406 Pegasi,
1503 357 1531 395 fi
1546 369 1598 395 eo
1612 357 1828 405 protradta

292 410 538 458 fingeretur,
556 423 692 458 quare
709 411 999 458 Longitudine
1017 411 1216 449 Cometae
1233 411 1435 449 existente
1451 413 1497 448 in
1512 411 1555 448 P.
1568 411 1630 449 29.
1644 411 1707 448 M.
1720 412 1761 449 14
1782 417 1806 451 z
1819 442 1827 455 ,

183 463 220 501 8(
246 464 494 502 Latitudine
519 464 562 501 P.
584 464 637 502 19.
665 464 727 501 M.
750 465 786 507 9,
813 464 901 507 CF,
932 464 1311 511 Longitudineque
1337 463 1461 502 dicitae
1487 464 1631 502 Stellae
1656 466 1702 501 in
1726 465 1769 502 P.
1791 464 1827 502 3.

130 530 145 554 5
183 517 246 554 Μ.
263 517 315 554 20
333 523 393 560 V,
415 517 675 561 Latitudine,
697 517 740 555 P.
758 517 810 554 12.
829 517 892 555 M.
909 517 972 561 37,
995 519 1072 554 erit
1088 517 1290 564 Angulus
1307 517 1447 562 CAB,
1470 517 1512 555 P.
1530 517 1592 555 64.
1611 517 1673 554 M.
1691 517 1727 561 6,
1750 518 1828 555 La-

152 593 155 596 ·
183 575 251 608 tus
267 570 361 613 AC,
379 570 421 607 P.
439 570 501 608 70.
519 570 582 607 M.
600 571 653 614 51,
671 571 766 614 AB,
784 571 826 608 P.
844 571 906 608 77.
924 570 987 607 M.
1005 570 1067 608 23.
1086 570 1235 616 Quare
1253 569 1332 608 BC
1349 570 1532 614 dabitur,
1554 570 1596 607 P.
1614 570 1666 608 61.
1685 570 1748 608 M.
1766 571 1828 614 47,

183 623 221 661 8(
233 623 435 670 Angulus
446 623 528 660 AB
538 622 587 667 C,
602 623 645 660 P.
657 623 720 661 74.
734 623 796 660 M.
810 624 863 661 51.
881 623 1072 670 Ideoque
1085 635 1139 661 ex
1150 623 1218 660 his
1230 623 1464 661 innotescet
1475 623 1678 671 Angulus
1690 624 1723 661 B
1733 624 1774 661 D
1783 624 1828 667 E,

183 676 226 713 P.
239 676 292 714 l9.
307 676 369 713 M.
382 676 445 720 37,
463 678 537 723 qui
555 676 609 713 est
626 676 925 714 Inclinationis
942 677 1094 723 capitis
1111 676 1353 723 caudaeque
1371 676 1569 714 Cometae
1586 676 1641 714 ad
1658 676 1829 723 Eclipti-

184 740 292 773 carn,
306 740 438 776 quern
449 729 633 766 Veneris
645 729 777 767 Stella
788 731 982 767 imitatur
994 732 1039 766 in
1051 729 1169 767 hunc
1180 730 1380 767 modum:
1394 730 1639 777 Longitudo
1646 730 1830 767 Veneris

116 794 146 819 ιο
184 782 239 820 ad
256 781 340 819 hoc
356 787 528 829 tempus
544 782 623 820 fuit
639 784 685 819 in
701 783 743 820 P.
761 783 823 820 29.
842 783 905 820 Μ.
923 783 964 820 16
985 786 1042 827 202,
1066 782 1268 820 Latitudo
1285 783 1328 820 P.
1345 782 1380 820 2.
1400 783 1462 820 M.
1480 783 1533 826 19,
1556 783 1654 820 Bor.
1672 794 1828 830 reprae-

184 835 348 873 sentata
364 847 440 882 per
456 835 561 873 HK.
579 835 729 882 Quare
745 838 791 873 in
806 835 1047 883 Triangulo
1064 835 1216 879 AHC,
1235 838 1312 873 erit
1327 836 1435 879 AH,
1452 836 1495 873 P.
1508 835 1570 874 87.
1584 836 1646 873 M.
1660 837 1714 879 41,
1732 836 1830 880 CA,

186 889 228 926 P.
246 888 308 926 70.
331 888 393 926 M.
411 889 464 932 51,
491 889 693 936 Angulus
719 888 866 932 HAC,
892 889 935 926 P.
952 889 1014 926 89.
1038 888 1100 925 M.
1118 888 1180 932 58,
1208 888 1245 925 8(
1271 888 1325 926 ob
1351 889 1393 926 id
1419 889 1552 926 Latus
1578 889 1681 933 HC,
1707 889 1750 927 P.
1767 889 1830 927 89.

187 942 251 979 M.
268 941 343 985 121,
361 941 398 979 8(
416 942 617 989 Angulus
634 941 785 985 AHC,
806 942 849 979 P.
866 941 929 979 70.
947 942 1010 979 M.
1027 941 1089 979 52.
1112 941 1284 979 Deinde
1301 944 1346 979 in
1362 941 1601 989 Triangulo
1618 942 1762 980 DHK
1778 954 1831 980 ex

188 995 344 1039 DHK,
367 995 410 1032 P.
428 995 490 1033 70.
508 995 571 1033 M.
589 995 651 1038 52,
676 994 713 1032 &
736 994 841 1038 HK,
865 995 908 1032 P.
926 995 961 1032 2.
984 994 1047 1032 M.
1065 995 1118 1039 19,
1141 995 1283 1041 prodit
1306 994 1508 1042 Angulus
1531 995 1689 1039 HDK,
1712 995 1755 1033 P.
1777 996 1830 1033 19.

120 1061 150 1085 15
188 1048 251 1086 M.
264 1048 317 1091 16,
335 1049 409 1095 qui
427 1047 481 1085 est
497 1048 798 1085 Inclinationis
815 1049 965 1094 capitis
982 1047 1193 1092 Cometae,
1211 1047 1249 1084 &
1266 1047 1410 1085 Stellae
1422 1048 1606 1086 Veneris
1622 1048 1677 1086 ad
1695 1048 1833 1095 Eclip-

103 1108 163 1139 172
187 1103 330 1145 ticam,
351 1100 556 1139 differens
577 1097 591 1151 ΙΙ
612 1113 639 1138 3
658 1102 804 1148 priori,
829 1113 961 1148 quern
982 1101 1123 1138 cauda
1144 1112 1244 1138 cum
1265 1102 1403 1148 capite
1425 1101 1583 1139 collata
1607 1101 1832 1145 efficiebat,

188 1154 308 1202 quafi
329 1166 417 1192 vna
438 1156 563 1192 tertia
585 1159 706 1201 parte
729 1154 900 1202 gradus,
925 1154 1042 1201 quod
1066 1154 1178 1192 adeo
1201 1154 1313 1191 exile
1335 1153 1401 1198 est,
1425 1159 1469 1191 vt
1488 1156 1534 1191 in
1554 1154 1638 1192 hoc
1658 1156 1834 1202 negotio

187 1219 279 1245 non
299 1207 594 1254 reputandum
609 1209 768 1252 veniat,
789 1207 1001 1254 fiquidem
1022 1207 1175 1245 caudae
1197 1206 1349 1245 ductus
1369 1218 1461 1245 non
1482 1208 1593 1245 adeo
1615 1207 1834 1255 exquifite,

189 1272 277 1308 quo
289 1261 345 1299 ad
355 1260 506 1305 visum,
523 1260 704 1298 discerni
719 1262 870 1308 potuit.
887 1261 945 1298 At
957 1260 985 1298 fi
997 1260 1110 1298 Solis
1122 1272 1223 1298 cum
1235 1262 1373 1307 capite
1386 1260 1722 1299 Inclinationem
1734 1273 1834 1299 con-

117 1327 151 1352 20
188 1314 311 1359 feres,
327 1315 528 1352 inuenies
545 1325 598 1351 ex
614 1314 711 1351 loco
731 1315 774 1358 Θ
794 1316 839 1351 111
850 1314 893 1352 P.
906 1314 941 1352 9.
955 1314 1018 1351 M.
1031 1314 1082 1351 28
1100 1317 1138 1356 ,ἕ
1148 1343 1156 1357 ,
1174 1313 1212 1351 8(
1229 1316 1395 1351 caeteris
1411 1314 1521 1352 datis
1538 1316 1582 1351 in
1594 1314 1834 1362 Triangulo

189 1367 304 1412 ICF,
325 1367 458 1405 Latus
475 1367 543 1411 FI,
565 1367 608 1405 P.
625 1367 687 1405 49.
705 1367 768 1405 M.
786 1367 849 1411 46,
871 1367 960 1411 FC,
981 1367 1024 1404 P.
1042 1367 1095 1404 19.
1113 1367 1176 1404 M.
1193 1367 1229 1411 9,
1249 1367 1436 1414 ideoque
1454 1366 1528 1412 CI,
1550 1367 1593 1405 P.
1611 1368 1673 1406 52.
1691 1368 1754 1405 M.
1772 1367 1835 1412 24,

188 1420 504 1468 Angulumque
528 1420 829 1458 Inclinationis
851 1420 907 1458 ad
930 1420 1195 1467 Ecliptieam‚
1219 1420 1262 1458 P.
1284 1420 1347 1458 24.
1369 1420 1432 1458 M.
1454 1421 1517 1465 28,
1541 1423 1616 1468 qui
1640 1423 1835 1468 quinque

189 1473 384 1521 partibus
406 1476 553 1511 minus
569 1475 589 1513 ὲ
605 1473 746 1512 differt
762 1474 816 1512 ab
834 1485 886 1512 ea
902 1474 1203 1517 Inclinatione,
1226 1485 1361 1520 quam
1380 1474 1521 1511 cauda
1542 1479 1758 1521 caputque
1780 1474 1836 1512 ad

191 1527 445 1574 Eclipticam
466 1526 660 1565 effecere.
685 1526 964 1574 Quapropter
985 1527 1023 1565 8(
1044 1526 1115 1564 hic
1138 1531 1266 1574 patet,
1290 1538 1381 1564 non
1404 1526 1520 1564 fuisse
1541 1527 1729 1565 caudam
1750 1527 1835 1566 Co-

119 1592 153 1618 25
190 1585 319 1618 metae
336 1580 391 1618 ad
408 1585 537 1628 caput
553 1582 647 1618 eius
663 1580 880 1625 collatam,
901 1582 947 1618 in
968 1580 1124 1618 eodem
1143 1591 1243 1617 cum
1260 1580 1359 1618 Sole
1377 1579 1555 1618 Circulo
1576 1592 1750 1629 magno,
1772 1582 1835 1618 in-

188 1645 274 1681 que
291 1632 501 1672 directum
517 1645 544 1671 a
560 1633 660 1671 Sole
680 1645 772 1671 non
792 1632 1067 1681 protractam,
1088 1633 1158 1671 sed
1179 1635 1324 1681 potius
1339 1633 1523 1671 Veneris
1539 1633 1731 1678 Stellam,
1753 1634 1837 1672 hae

189 1688 358 1725 ratione
375 1686 605 1734 respexisse.

694 1774 795 1812 DIE
816 1774 953 1812 XXV.
975 1774 1334 1813 NOVEMBRIS.

275 1836 570 1876 ROTENSIO
587 1836 740 1874 caudae
758 1836 956 1875 Cometae
973 1836 1201 1874 videbatur
1217 1837 1271 1874 ab
1288 1836 1417 1884 ipfius
1434 1838 1573 1884 capite
1590 1837 1726 1876 fluere
1742 1849 1835 1876 ver-

119 1902 152 1928 30
274 1890 343 1928 sus
359 1902 459 1928 earn
475 1901 575 1937 quae
592 1890 647 1928 est
663 1890 718 1927 ad
734 1901 864 1928 nares
880 1889 1036 1937 Pegafi,
1058 1901 1191 1936 quam
1209 1890 1281 1937 alij
1300 1888 1466 1934 riolum,
1488 1902 1570 1928 nos
1590 1891 1836 1938 plerunque

190 1943 252 1982 Os
267 1943 412 1992 Pegafi
433 1943 721 1991 appellamus.
743 1943 840 1981 Fuit
860 1948 1008 1981 autem
1025 1954 1077 1980 eo
1094 1943 1163 1980 die
1180 1943 1426 1990 Longitudo
1444 1943 1655 1988 Cometae,
1677 1946 1723 1982 in
1739 1945 1782 1982 P.
1799 1945 1835 1983 7.

189 1997 252 2035 M.
269 1997 320 2034 24
341 2006 399 2040 w,
417 1997 620 2034 Latitudo
637 1996 726 2039 CF,
743 1996 786 2034 P.
804 1996 866 2034 22.
884 1996 947 2033 M.
965 1996 1000 2033 6.
1024 1996 1085 2034 Os
1101 1996 1245 2044 Pegafi
1261 2008 1378 2039 vero,
1395 1996 1542 2034 versus
1559 1998 1677 2044 quod
1694 1998 1835 2036 cauda

187 2050 403 2094 tendebat,
424 2049 578 2088 habuit
598 2050 949 2097 Longitudinem‚
970 2049 1013 2086 P.
1030 2049 1092 2087 26.
1115 2049 1178 2086 M.
1196 2049 1220 2087 6
1240 2059 1298 2093 m,
1321 2061 1421 2087 cum
1442 2050 1689 2089 Latitudine
1710 2051 1753 2089 P.
1771 2051 1833 2088 22.

188 2103 252 2141 M.
276 2103 312 2144 6.
336 2103 499 2150 aequali
521 2114 622 2140 cum
645 2104 795 2150 capitis
819 2102 1017 2140 Cometae
1041 2102 1306 2146 Latitudine:
1332 2103 1664 2150 repraesentatur
1686 2110 1835 2142 autem

117 2168 151 2194 35
188 2156 283 2194 haec
299 2167 376 2204 per
387 2156 421 2194 B
430 2156 480 2200 E;
498 2158 577 2194 erit
593 2158 739 2203 itaque
752 2158 797 2193 in
808 2155 1048 2203 Triangulo
1061 2155 1191 2198 BAC,
1209 2155 1411 2203 Angulus
1423 2156 1554 2200 BAC,
1571 2157 1614 2195 P.
1628 2158 1680 2195 18.
1694 2158 1757 2195 M.
1771 2157 1834 2200 42,

189 2209 322 2248 Latus
333 2209 427 2253 AC,
445 2209 488 2247 P.
501 2209 563 2248 67.
577 2209 640 2247 M.
653 2210 716 2253 54,
728 2209 824 2252 AB,
836 2209 880 2246 P.
892 2209 955 2247 67.
969 2208 1032 2246 M.
1045 2209 1107 2253 54,
1124 2209 1312 2256 ideoque
1324 2209 1460 2247 Latus
1472 2210 1505 2247 B
1515 2209 1563 2254 C,
1581 2211 1624 2248 P.
1637 2212 1690 2249 17.
1703 2211 1767 2248 M.
1780 2211 1834 2254 19,

188 2262 391 2310 Angulus
402 2262 543 2306 ΑΒΕ,
556 2263 598 2300 Ρ.
611 2262 673 2300 86.
688 2262 750 2300 M.
764 2262 826 2306 27,
840 2261 878 2299 8(
889 2261 991 2299 111110
1004 2264 1181 2309 emergit
1190 2262 1393 2310 Angulus
1406 2263 1544 2307 BDE,
1559 2263 1613 2302 G.
1624 2264 1686 2302 22.
1697 2264 1760 2302 M.
1771 2264 1834 2308 22,

189 2315 490 2354 Inclinationis
511 2317 662 2363 capitis
681 2315 880 2353 Cometae
902 2314 940 2352 8(
961 2315 1115 2353 caudae
1135 2315 1191 2353 ad
1212 2315 1478 2363 Eclipticam,
1501 2328 1636 2363 quam
1657 2319 1788 2355 etiam
1810 2328 1836 2355 a

190 2371 329 2416 capite
352 2381 429 2417 per
448 2369 632 2406 Veneris
655 2368 834 2406 Stellam
856 2368 1050 2415 sequenti
1073 2368 1205 2406 modo
1229 2370 1515 2415 inquiremuS.
1540 2370 1786 2418 Longitudo
1806 2373 1832 2413 ῼ

119 2433 153 2459 4ο
189 2421 269 2460 fuit
285 2434 338 2460 eo
354 2422 423 2460 die
437 2423 482 2459 in
494 2422 611 2470 grad.
623 2422 660 2459 4.
673 2422 736 2459 M.
749 2422 772 2459 4
791 2427 847 2469 1η,
865 2421 1068 2459 Latitudo
1080 2421 1123 2459 P.
1135 2422 1172 2459 2.
1185 2422 1248 2459 M.
1262 2423 1303 2460 17
1315 2422 1469 2460 Borea.
1487 2423 1553 2460 Est
1564 2425 1692 2472 igitur
1703 2424 1836 2461 Latus

189 2475 297 2520 ΑΗ,
314 2475 357 2514 Ρ.
374 2475 436 2514 87.
455 2475 518 2513 Μ.
534 2475 598 2519 43,
615 2475 710 2519 AC,
726 2475 769 2513 P.
782 2475 844 2513 67.
858 2474 921 2513 M.
934 2475 997 2518 54,
1014 2474 1216 2523 Angulus
1233 2475 1381 2517 HAC,
1398 2475 1440 2513 P.
1453 2475 1516 2514 93.
1529 2477 1592 2515 M.
1605 2477 1667 2515 20.
1686 2476 1836 2523 Quare

300 2536 330 2562 1⁹
1633 2531 1836 2577 prouenit
