2209 3213
336 203 411 239 356
829 198 910 234 DE
933 196 1157 234 MUNDI
1179 194 1482 233 AETHEREI

339 310 427 353 DE
447 306 768 352 ALIORUM
792 303 1262 359 QUORUNDAM
1283 303 1492 347 CIRCA
1516 302 1726 346 HUNC
1750 302 1973 346 COME-

400 376 525 413 TAM
549 371 1184 413 COMMENTATIONIBUs,
1207 370 1541 409 SUMMATIM
1563 369 1601 407 8(
1622 369 1909 408 BREUITER

670 433 1103 481 DISQUIRENDIS,
1125 431 1643 470 ADDITAMENTUM.

422 515 622 552 RAETER
638 526 744 552 uero
756 514 836 551 hos
848 515 937 550 iam
950 512 1177 550 recensitos
1189 512 1424 555 Authores‚
1437 523 1528 549 non
1540 511 1716 549 defuere
1729 511 1976 558 complures

421 571 550 606 etiam
567 568 653 615 alij,
671 569 745 614 qui
762 567 813 604 de
828 566 911 603 hoc
924 565 1109 603 Cometa
1121 565 1244 603 suam
1255 565 1537 607 Sententiam,
1554 570 1647 602 tum
1659 564 1809 612 lingua
1820 575 1975 602 uerna·
2014 578 2029 602 5

337 622 445 660 cula.
469 628 561 658 tum
585 623 715 658 etiam
739 620 905 662 Latina,
930 619 1104 666 Scriptis
1127 618 1423 666 prodiderunt.
1448 629 1638 665 quorum
1660 623 1809 655 tamen
1831 629 1975 660 nemo,

337 675 452 721 quod
474 674 614 716 sciam,
637 678 861 710 accuratas
878 671 1228 715 Obseruationes,
1248 671 1286 708 &
1305 672 1677 718 Apparentiarum
1699 673 1804 715 eius,
1826 671 1976 718 potissi-

336 739 457 765 mum
474 738 581 764 uero
598 726 889 767 Parallaxeos,
907 725 974 762 his
990 724 1193 762 fundatas
1211 724 1613 762 Demonstrationes
1631 724 1769 770 (uelut
1784 725 1976 762 maxime

337 779 651 827 requirebatur)
673 782 718 816 in
738 779 934 816 medium
950 778 1144 825 protulit;
1166 777 1235 815 sed
1252 789 1406 815 omnes
1422 777 1808 824 Peripateticorum
1823 777 1876 814 de
1893 776 1977 815 Co-

337 839 549 871 metarum
570 833 834 870 Elementari
855 831 933 868 litu
954 831 991 868 &
1012 833 1292 878 generatione
1313 832 1553 877 antiquitus
1573 835 1758 877 receptae
1779 831 1977 877 opinioni
2019 842 2049 867 ιο

337 886 666 933 acquiescentes,
684 885 794 922 nihil
810 885 999 932 amplius
1016 884 1098 922 hac
1114 886 1160 921 in
1176 889 1297 931 parte
1314 884 1627 930 inquirendum
1643 883 1810 926 restare,
1827 883 1978 921 frustra

337 940 408 977 fibi
432 939 742 986 persuaserunt.
770 939 832 975 Ita
855 940 973 975 enim
995 937 1261 975 fumositates
1283 937 1578 980 Aristotelicae‚
1602 937 1805 974 Veritatis
1828 938 1977 974 intrin-

337 993 454 1030 secus
474 993 625 1030 lumen
641 991 900 1029 iamdudum
917 991 1265 1034 obtenebrarant‚
1287 996 1333 1028 ut
1353 1001 1408 1028 ne
1430 990 1607 1037 quidem
1629 990 1703 1027 ubi
1723 989 1885 1034 lateret,
1907 989 1979 1027 uel

338 1046 560 1093 quomodo
577 1047 860 1087 inueniretur,
878 1056 903 1082 a
921 1055 1147 1091 quoquam
1162 1043 1338 1081 sollicite
1356 1048 1591 1081 curaretur.
1610 1040 1624 1094 ΙΙ

390 1099 457 1136 De
474 1101 525 1146 ijs
542 1110 649 1136 uero
667 1098 871 1135 omnibus
887 1097 1100 1145 sigillatim
1116 1097 1283 1144 aliquid
1304 1097 1458 1140 dicere,
1480 1108 1723 1144 eorumque
1744 1095 1978 1134 decisiones
2003 1101 2067 1133 449

338 1154 524 1199 penitius
542 1157 755 1193 excutere,
773 1153 903 1188 nimis
919 1151 1100 1198 longum
1116 1150 1431 1197 taediosumque
1448 1149 1568 1194 foret,
1586 1161 1729 1197 neque
1744 1149 1865 1187 illam
1878 1161 1977 1197 ope-

338 1217 431 1243 ram
452 1207 690 1252 promereri
712 1205 894 1242 uidetur.
920 1204 1081 1242 Saltem
1104 1206 1251 1250 itaque
1275 1205 1499 1251 praecipua
1519 1203 1725 1250 quaedam
1747 1205 1792 1240 in
1812 1202 1979 1250 aliquot

338 1270 490 1296 eorum
522 1258 696 1295 Libellis
726 1263 940 1299 contenta,
971 1258 1160 1295 breuiter
1189 1257 1227 1294 8(
1257 1256 1411 1294 cursim
1440 1256 1731 1304 inspiciamus,
1762 1256 1978 1303 expenda-

337 1311 529 1358 musque.

391 1365 584 1401 Primum
606 1364 763 1401 obuius
784 1363 839 1401 est
860 1364 1019 1402 Clariss.
1038 1363 1075 1400 &
1092 1363 1299 1401 Eruditiss.
1322 1363 1665 1401 Mathematicus
1687 1363 1740 1400 D.
1761 1362 1978 1401 IOHAN-
2017 1374 2050 1399 20

339 1418 448 1455 NES
461 1417 796 1455 PRAETORIVS
810 1417 988 1464 Reipub.
1002 1416 1329 1464 Noribergenfis
1339 1416 1639 1454 Astronomus.
1653 1416 1692 1454 Is
1703 1418 1749 1453 in
1760 1416 1848 1460 suo,
1862 1416 1980 1463 quod
2017 1418 2037 1449 ἢ·

339 1472 390 1508 de
412 1471 495 1508 hoc
511 1470 811 1508 Phaenomeno
833 1470 1069 1517 euulgauit.
1092 1470 1271 1517 Scripto,
1293 1469 1347 1508 ab
1368 1471 1492 1507 initio
1512 1470 1805 1516 plurimorum
1823 1469 1979 1507 Come-

338 1530 493 1567 tarum,
511 1524 611 1561 inde
628 1523 682 1561 ab
699 1524 995 1570 antiquissimis
1011 1523 1292 1570 temporibus,
1309 1525 1583 1566 memoriam,
1601 1534 1654 1560 ex
1670 1522 1870 1570 Historijs
1885 1534 1979 1560 eru-

339 1577 423 1614 dite
441 1577 477 1613 8(
494 1576 673 1614 studiose
690 1583 880 1618 reuocat,
901 1576 1168 1623 tandemque
1185 1577 1240 1614 ad
1256 1576 1438 1614 Nouam
1455 1576 1645 1620 Stellam,
1663 1587 1762 1623 quae
1779 1576 1913 1613 Anno
1930 1575 1980 1614 72

340 1629 503 1673 effulsit,
522 1629 558 1666 8(
576 1630 754 1667 demum
770 1630 825 1667 ad
841 1629 959 1667 hunc
976 1629 1115 1676 ipsum
1132 1629 1377 1673 Cometam‚
1394 1641 1487 1667 rem
1504 1640 1683 1667 omnem
1699 1629 1882 1666 deducit.
2018 1641 2051 1665 25

392 1683 508 1720 Licet
525 1694 631 1720 uero
648 1683 700 1720 de
718 1683 852 1721 Noua
868 1683 943 1720 illa
959 1682 1092 1721 Stella
1108 1694 1199 1720 non
1215 1685 1454 1730 incongrue
1471 1682 1740 1721 Sententiam
1761 1682 1886 1726 dicat,
1908 1693 1981 1719 ne-

340 1748 423 1783 que
445 1736 632 1773 multum
653 1736 707 1773 ab
730 1738 780 1784 ijs
801 1736 1073 1780 dissentanea,
1098 1748 1198 1783 quae
1219 1738 1353 1783 priori
1374 1736 1503 1773 Libro
1524 1735 1767 1773 luculenter
1787 1735 1980 1773 Demon-

340 1789 580 1832 strauimus,
592 1789 798 1836 proferat:
812 1789 986 1827 Fatetur
999 1791 1116 1826 enim
1129 1789 1373 1827 distantiam
1385 1791 1479 1827 eius
1491 1801 1517 1827 a
1528 1789 1663 1827 Terra
1674 1788 1790 1826 fuisse
1802 1793 1981 1832 tantam,

341 1848 385 1879 ut
410 1842 649 1880 Parallaxis
674 1844 836 1889 percipi
862 1842 984 1880 nullo
1010 1843 1142 1880 modo
1168 1844 1368 1889 potuerit,
1394 1842 1581 1889 ideoque
1607 1842 1679 1880 uel
1704 1843 1818 1879 intra
1843 1841 1982 1880 Orbes

341 1895 619 1933 Planetarum
635 1895 708 1932 uel
723 1895 850 1943 longe
867 1895 994 1942 supra
1010 1895 1091 1933 hos
1108 1896 1337 1934 necessario
1353 1895 1587 1939 constitisse;
1605 1906 1705 1942 quae
1716 1895 1897 1932 Veritati
1908 1906 1981 1942 ap-
2019 1906 2053 1931 30

341 1950 478 1995 prime
496 1948 685 1985 consona
701 1948 807 1991 sunt,
827 1948 923 1986 licet
940 1948 1220 1986 Aristotelicae
1237 1948 1529 1996 Philosophiae
1547 1960 1569 1986 e
1586 1948 1814 1986 Diametro
1831 1959 1981 1995 repug-

341 2007 461 2044 nent;
480 2001 528 2038 In
542 2000 625 2038 hoc
637 2007 784 2039 tamen
797 2002 982 2039 Cometa
994 2013 1083 2039 non
1096 2002 1207 2039 adeo
1219 2002 1423 2049 impense,
1440 2001 1846 2040 intermediantibus
1858 2003 1982 2039 certis

344 2054 742 2096 Obseruationibus,
777 2054 1196 2092 Mathematicorum
1230 2054 1415 2093 inuiclas
1445 2055 1848 2093 Demonstrationes
1882 2065 1981 2092 con-

342 2106 481 2148 suluit,
503 2118 659 2144 uerum
675 2107 714 2144 se
732 2119 757 2145 a
774 2110 1064 2145 communiter
1081 2109 1321 2155 approbata
1338 2108 1735 2155 Peripateticorum,
1755 2108 1807 2145 de
1825 2107 1982 2145 Come-

343 2165 485 2197 tarum
511 2159 646 2197 caulis
672 2160 709 2197 8(
735 2160 1119 2204 Generationibus,
1145 2160 1352 2205 doctrina,
1378 2161 1520 2199 seduci
1545 2162 1683 2208 passus
1708 2160 1774 2205 est,
1800 2161 1912 2198 adeo
1937 2166 1983 2198 ut
2020 2171 2053 2197 35

344 2213 575 2302 Comgtssm
592 2212 721 2256 hunc,
738 2213 901 2251 molem
916 2225 937 2251 e
953 2215 1191 2261 uaporibus
1203 2214 1489 2252 Terrestribus
1501 2219 1749 2252 concretam
1761 2213 1982 2261 appellare

344 2277 434 2302 non
481 2278 509 2302 u
541 2267 665 2303 itarit.

397 2318 512 2355 Licet
522 2330 628 2356 uero
640 2318 831 2366 disputet,
842 2331 900 2356 an
909 2319 1070 2357 halitus
1080 2320 1141 2357 illi
1152 2320 1328 2365 accensi,
1341 2321 1414 2358 uel
1423 2332 1449 2358 a
1459 2320 1558 2358 Sole
1568 2320 1801 2358 illuminati
1810 2319 1982 2363 fuerint,

343 2371 552 2418 malitque
574 2383 670 2408 cum
690 2373 865 2418 Apiano
888 2372 979 2419 (qui
1000 2373 1115 2410 idem
1136 2375 1181 2410 in
1203 2373 1461 2420 quibusdam
1477 2374 1672 2412 Cometis
1688 2385 1714 2411 a
1729 2373 1769 2410 se
1786 2372 1981 2410 animad-
2020 2374 2040 2405 ἢ*

344 2424 475 2461 uerfis
496 2424 714 2470 asserebat)
738 2424 902 2468 sentire,
925 2425 1250 2463 exhalationem
1271 2427 1393 2464 illam
1412 2426 1623 2470 subtilem,
1645 2438 1667 2464 e
1689 2437 1777 2473 qua
1798 2425 1983 2463 Cometa
2020 2436 2054 2461 40

344 2477 413 2514 hic
428 2477 656 2520 constabat,
674 2489 764 2514 non
780 2477 895 2515 fuisse
912 2477 1243 2523 inflammatam,
1260 2479 1330 2517 sed
1346 2482 1490 2527 potius
1506 2479 1759 2517 illustratam
1775 2490 1801 2517 a
1816 2478 1982 2516 lumine

1825 2530 1982 2569 Solari:
