2209 3213
130 865 160 890 10

131 1131 160 1155 15

110 1204 175 1236 379

129 1423 162 1448 20

130 1689 163 1713 25

129 1954 163 1979 30

130 2220 163 2245 35

132 2485 166 2510 40

516 238 1036 278 RECENTIORIBUS
1057 236 1515 275 PHAENOMENIS
1761 235 1840 273 303

351 371 605 397 DECEMBER
900 369 1154 395 DECEMBER
1444 367 1689 392 IANVARIVS

941 431 1067 457 Sculteti
1084 430 1220 456 deuiatio
1482 429 1607 455 Sculteti
1624 428 1761 454 deuiatio

880 480 1057 518 Longssttffdo
1066 475 1076 517 st
1099 479 1256 517 Letitafio
1275 516 1279 517 γ
1413 478 1611 517 Pangifflsa
1623 514 1635 516 Ὗ
1643 514 1647 515 γ
1655 477 1796 515 Latin&
1807 514 1829 515 I

1076 546 1077 549 η
1101 528 1135 553 G.
1165 529 1206 553 M.
1419 527 1454 552 G.
1485 527 1526 551 M.
1616 526 1617 544 ¹
1641 526 1676 551 G.
1706 526 1747 551 Μ,

392 433 518 460 Sculteti
535 432 671 458 deuiatio

312 482 521 521 GLQQR.
534 519 558 520 r.
566 481 719 519 &amasa

527 549 529 561 ,
552 531 587 556 G.
617 531 658 555 M.

613 591 654 622 27
664 596 735 628 plus
781 589 823 620 24

243 448 268 466 U)
791 445 816 463 U)

243 470 267 491 [ιι]
791 467 816 488 [1-1

243 498 267 507 -ι
791 495 816 505 ·—‹

243 513 267 539 Ω

864 516 931 554 ἴ

887 590 898 620 1

887 642 899 672 1

887 696 899 726 1

888 748 899 779 1

884 801 904 832 ο

338 645 350 676 1

338 698 350 729 1

338 751 350 782 1

338 804 349 835 1

338 858 350 888 1

339 911 350 941 l

338 964 350 994 1

339 1017 350 1047 1

339 1070 351 1100 1

1648 1117 1668 1148 0

339 1123 351 1154 ..a

555 591 577 1153 00000000000

252 1196 316 1234 Ex
332 1195 400 1233 his
415 1194 638 1233 manifeste
654 1198 846 1241 apparet,
864 1204 999 1240 quam
1015 1193 1378 1230 inconuenienter
1394 1190 1526 1227 huius
1544 1189 1742 1227 Cometae
1756 1190 1844 1237 Ap-

199 1251 431 1297 parentias‚
455 1247 691 1296 praesertim
714 1249 759 1284 in
782 1246 1041 1289 Nouembri,
1065 1245 1304 1292 designarit.
1328 1243 1718 1290 Quemadmodum
1738 1254 1842 1280 vero

199 1303 253 1341 ab
269 1304 393 1340 initio
408 1301 537 1349 supra
551 1300 735 1338 modum
751 1301 914 1337 nimius
930 1299 1046 1336 estin
1062 1298 1191 1345 ipsius
1206 1298 1304 1335 loco
1321 1298 1375 1335 ab
1392 1295 1693 1334 Interfectione
1707 1308 1843 1334 verna

200 1355 509 1398 constituendo,
531 1354 584 1392 fic
600 1356 646 1391 in
662 1353 749 1391 fine
766 1351 993 1395 defectum,
1015 1351 1087 1390 etfi
1102 1363 1194 1389 non
1209 1351 1321 1389 adeo
1337 1361 1560 1397 magnum,
1581 1349 1679 1387 sa'tis
1694 1354 1843 1387 tamen

199 1408 438 1447 senfibilem
458 1409 697 1450 committit,
719 1409 808 1444 imo
830 1408 943 1443 circa
962 1405 1164 1443 Vltimum
1184 1406 1422 1442 terminum
1443 1415 1545 1440 eum
1565 1402 1737 1449 prorsus
1754 1402 1843 1440 Sta-

199 1464 437 1500 tionarium
458 1461 637 1499 reddere
658 1472 749 1498 non
770 1459 996 1502 dubitauit,
1019 1470 1119 1496 cum
1139 1463 1287 1496 tamen
1307 1457 1363 1495 ad
1384 1456 1499 1494 diem
1515 1456 1618 1493 XIII
1637 1456 1843 1503 Ianuarij,

200 1518 320 1553 iuxta
334 1526 466 1562 quem
479 1516 572 1552 eius
584 1513 812 1551 decursum
823 1512 1069 1550 absolutum
1080 1511 1195 1549 fuisse
1208 1515 1420 1553 autumat,
1436 1514 1607 1547 motum
1623 1509 1843 1551 diurnum,

201 1580 289 1616 quo
306 1569 361 1606 ad
378 1567 715 1615 Longitudinem
732 1565 964 1613 Eclipticae,
986 1564 1221 1602 obtinuerit
1241 1563 1409 1601 dimidii
1429 1563 1564 1600 ferme
1581 1562 1752 1609 gradus,
1774 1562 1843 1599 de-

200 1621 444 1660 ficientibus
464 1620 613 1658 saltem
634 1621 858 1667 quaternis
878 1618 1100 1665 scrupulis,
1124 1629 1256 1664 quem
1276 1617 1373 1654 licet
1394 1615 1672 1663 sequentibus
1692 1615 1844 1653 diebus

199 1675 465 1722 pedetentim
485 1673 704 1717 remiserit,
725 1672 1015 1710 nihilominus
1036 1682 1267 1717 nunquam
1287 1670 1418 1717 plane
1439 1669 1729 1707 Stationarius
1752 1669 1844 1706 red—

200 1728 394 1771 debatur,
415 1727 527 1765 adeo
542 1732 586 1764 vt
606 1726 660 1764 ab
681 1725 765 1764 hoc
786 1725 855 1763 die
871 1725 1002 1772 vsque
1018 1726 1064 1761 in
1080 1723 1237 1767 XXVI,
1258 1734 1334 1770 per
1355 1723 1397 1760 10
1416 1722 1710 1765 intermedios,
1732 1733 1844 1769 pene

200 1782 223 1820 5
239 1781 398 1829 gradus
414 1780 652 1818 secundum
668 1779 1007 1827 Longitudinem
1023 1777 1242 1824 Eclipticae
1259 1775 1458 1814 emensus
1474 1775 1532 1813 fit.

254 1834 513 1872 Notandum
533 1844 638 1871 vero
661 1832 779 1879 quod
802 1831 1047 1869 differentia
1068 1830 1434 1873 Meridianorum,
1457 1830 1568 1866 inter
1590 1828 1737 1866 locum
1759 1828 1844 1866 Ob-

200 1887 498 1925 seruationum
514 1886 690 1924 Sculteti
707 1885 744 1923 &
760 1884 965 1928 nostrum,
986 1883 1097 1921 nihil
1117 1885 1334 1930 importat,
1355 1882 1502 1920 sumus
1523 1883 1641 1919 enim
1662 1881 1750 1918 fere
1771 1881 1845 1919 sub

200 1952 288 1978 vno
305 1940 570 1984 Meridiano,
591 1950 671 1977 nec
692 1938 920 1976 discrimen
940 1937 1141 1975 locorum
1157 1936 1356 1974 Cometae
1377 1935 1488 1973 adeo
1509 1937 1620 1972 inter
1636 1946 1717 1972 nos
1734 1934 1845 1972 exile

201 1994 268 2037 est,
284 1998 328 2031 vt
343 1993 445 2031 hinc
462 1992 786 2030 excusationem
802 1991 998 2038 aliquam
1014 1992 1224 2027 inueniat.

255 2047 392 2084 Haud
410 2046 534 2084 aliter
549 2048 595 2083 in
611 2045 918 2083 Declinatione
938 2043 1068 2091 ipfius
1089 2042 1385 2081 constituenda
1405 2042 1646 2089 plurimum
1662 2052 1689 2079 a
1704 2040 1845 2088 Scopo

201 2100 388 2143 deflexit,
405 2099 517 2137 adeo
533 2104 576 2136 vt
593 2110 646 2136 ea
661 2109 761 2145 quae
778 2099 823 2135 in
839 2097 968 2144 ipfius
979 2096 1161 2134 Tabella
1176 2096 1379 2143 assignata
1396 2095 1462 2139 est,
1479 2105 1570 2132 non
1584 2094 1732 2132 saltem
1745 2106 1845 2132 cum

201 2153 295 2197 hac,
318 2164 418 2200 quae
435 2164 488 2190 ex
504 2156 627 2190 motu
643 2151 814 2189 coelitus
831 2155 1068 2197 apparente
1085 2149 1264 2191 elicitur,
1285 2159 1571 2196 nequaquam
1587 2147 1782 2195 quadret,
1803 2153 1846 2185 vt

202 2219 224 2244 e
246 2204 627 2244 Declinationibus
648 2216 674 2242 a
694 2204 820 2242 nobis
840 2205 886 2240 in
906 2203 994 2240 fine
1015 2202 1169 2249 Quinti
1190 2202 1358 2249 Capitis
1379 2202 1434 2239 ad
1454 2201 1642 2248 fingulos
1664 2201 1754 2238 dies
1776 2212 1846 2238 ex-

200 2259 357 2307 pontis,
373 2258 499 2297 facile
515 2263 643 2305 patet,
659 2257 729 2295 sed
745 2268 801 2294 ne
817 2257 995 2304 quidem
1010 2258 1063 2293 iis
1079 2255 1444 2303 Longitudinibus
1460 2254 1497 2292 &
1514 2254 1846 2297 Latitudinibus,

202 2324 311 2360 quas
327 2312 414 2359 ipse
426 2311 640 2350 Scultetus
653 2310 851 2349 Cometae
868 2309 1071 2353 attribuit,
1088 2308 1437 2356 correspondeat;
1454 2308 1585 2355 idque
1602 2307 1846 2345 discrimine

202 2377 293 2404 non
308 2365 496 2409 modico,
511 2369 555 2402 vt
571 2375 688 2402 nunc
705 2366 750 2401 in
765 2361 952 2401 subiedla
968 2362 1149 2400 Tabella
1165 2361 1451 2405 ostendemus,
1473 2372 1573 2408 quae
1594 2365 1687 2398 tum
1704 2360 1846 2397 Decli-

202 2421 428 2457 nationem
449 2429 476 2456 a
495 2417 685 2456 Sculteto
706 2420 976 2458 annotatam,
999 2420 1094 2453 tum
1114 2417 1246 2453 etiam
1267 2426 1378 2458 earn,
1402 2426 1503 2462 quae
1524 2425 1577 2451 ex
1597 2413 1727 2460 ipsius
1749 2425 1846 2460 pro-

202 2474 306 2519 priis
323 2471 685 2519 Longitudinibus
698 2469 735 2507 8:
747 2468 1067 2507 Latitudinibus
1083 2470 1298 2516 prouenit,
1314 2480 1403 2506 vna
1419 2479 1519 2505 cum
1535 2466 1753 2514 Vtriusque
1770 2465 1847 2504 dif-

203 2525 397 2568 ferentia,
414 2525 469 2563 ad
485 2523 674 2571 fingulos
691 2525 849 2570 quinos
865 2522 969 2565 dies,
985 2521 1283 2560 manifestabit.

1691 2573 1848 2619 Neque
