2209 3213
114 560 129 584 5

97 767 137 797 7ν

104 825 133 850 10

106 1092 135 1116 15

115 1295 135 1326 †

103 1357 136 1382 20

104 1623 136 1647 25

105 1888 138 1913 30

105 2154 137 2178 35

107 2419 139 2443 40

418 228 507 266 AD
530 226 841 266 CRAIGUM
863 226 1137 266 SCOTUM
1159 226 1243 264 DE
1265 225 1554 264 COMETIS
1730 224 1807 262 425

167 334 371 373 dentium
386 333 563 372 dierum
578 332 927 382 observationes
941 332 1255 371 animadverti
1270 343 1433 370 omnes
1451 331 1496 370 <ez
1502 329 1710 380 singulas
1728 329 1809 368 uni

168 389 346 426 tantum
364 386 539 425 circulo
556 385 706 425 ultimi
721 383 1067 434 coelisubJectas
1083 384 1185 432 esse,·
1202 386 1324 434 qvod
1333 387 1460 423 certe
1472 381 1811 431 demonstrabat

170 440 405 479 Cometam
424 441 602 478 tantum
612 438 699 488 sub
713 438 793 476 1'110
810 438 947 477 unico
963 438 1137 477 circulo
1152 436 1372 485 incessisse.
1395 438 1507 475 Haec
1527 437 1612 475 ille.
1634 436 1808 474 Deinde

167 493 364 541 ejusdem
381 493 529 531 circuli
544 495 754 531 terminos
766 491 968 539 praefinit‚
985 497 1134 539 utpote
1147 503 1233 538 qvo
1246 494 1291 528 in
1303 491 1400 529 loco
1414 491 1667 537 Eclipticam
1680 492 1807 527 inter-

166 547 358 590 secuerit‚
376 551 416 584 et
433 551 646 593 qvantum
658 546 712 583 ab
726 557 778 582 ea
790 545 1029 587 declinarit,
1048 556 1133 591 qva
1146 546 1191 581 in
1206 550 1327 591 parte
1340 556 1366 581 a
1378 546 1487 581 meis
1501 543 1808 581 observationi-

166 601 247 638 bus
262 600 564 646 permodicum
576 599 766 636 dissentit.
783 598 931 635 Postea
944 598 1060 635 idem
1072 598 1232 635 author
1244 597 1474 645 subjungit:
1492 596 1614 634 Huic
1631 596 1810 634 calculo

162 651 488 702 suffragantur
497 663 661 690 omnes
675 650 870 699 reliqvae
882 649 1243 699 observationes,
1263 661 1459 699 qvarum
1472 650 1648 688 nullam
1661 649 1718 687 ab
1729 649 1809 687 hu-

161 705 244 755 jus
260 705 424 744 circuli
431 704 599 754 semita
616 704 890 749 exorbitare,
909 703 1079 742 calculi
1093 714 1291 742 examen
1305 703 1446 747 docet,
1459 701 1558 751 sola
1566 702 1721 751 prima
1734 713 1809 740 ex-

171 760 316 807 cepta,
335 755 349 808 ΙΙ
365 757 413 796 in
431 769 520 807 qva
532 758 736 807 paucula
752 757 943 801 minuta,
965 767 1161 795 numero
1183 756 1387 805 qvinqve
1407 755 1453 793 in
1475 754 1718 793 latitudine
1735 766 1809 793 ex-

171 812 349 857 cedunt,
369 821 473 860 qvae
491 813 646 850 tamen
664 810 801 849 d'zilla
818 809 993 848 nullius
1003 808 1113 858 sunt
1126 808 1351 848 momenti
1366 814 1441 846 etc.
1460 809 1527 846 Sic
1544 809 1661 846 idem
1678 810 1810 845 etiam

171 864 579 903 MAESTHLINUS
602 864 792 911 seqventi
819 865 957 910 capite
981 863 1072 906 VII,
1099 874 1152 900 ex
1178 874 1231 901 eo
1257 863 1372 909 qvod
1396 862 1583 900 Cometa
1608 867 1697 899 toto
1724 861 1812 898 suae

170 920 458 966 apparitionis
483 923 691 965 tempore,
722 917 795 955 sub
822 916 984 954 circulo
1014 918 1210 953 maximo
1237 915 1560 953 constantissime
1591 915 1809 957 incesserit,

171 971 269 1009 satis
290 973 430 1009 evinci
452 971 636 1018 expresse
657 971 831 1014 indicat,
855 981 957 1007 eum
978 980 1257 1016 neqvaqvam
1278 970 1323 1006 in
1345 969 1610 1006 Elementari
1632 970 1809 1015 regione

172 1025 357 1068 extitisse,
378 1024 615 1071 praesertim
632 1035 733 1062 cum
749 1023 1046 1061 Parallaxium
1069 1022 1238 1060 exilitas
1260 1033 1349 1059 una
1371 1021 1474 1059 huic
1495 1022 1707 1058 assertioni
1724 1023 1810 1057 evi-

172 1078 279 1116 dens
308 1078 543 1125 praebuerit
567 1076 832 1124 suffragium.
859 1076 989 1113 Velut
1014 1075 1110 1113 haec
1137 1075 1174 1113 &
1199 1075 1406 1122 pleraqve
1432 1074 1519 1112 alia
1545 1074 1811 1121 inspiciendo

172 1131 392 1169 eruditum
416 1132 510 1178 ejus
532 1130 747 1178 scriptum,
772 1130 887 1177 qvod
910 1129 1011 1167 sane
1034 1130 1227 1166 veritatis
1250 1128 1438 1165 latebras
1459 1139 1589 1174 qvam
1613 1129 1811 1173 proxime

172 1186 362 1227 extricat,
384 1184 557 1231 plenius
578 1183 820 1231 cognosces.
844 1183 912 1221 Sic
932 1184 1063 1220 etiam
1084 1180 1550 1219 BARTOLOMAEUS
1567 1180 1810 1218 SCULTE-

171 1237 283 1276 TUS
305 1237 537 1275 Cometam
558 1237 770 1275 circulum
793 1238 838 1274 in
861 1235 1031 1283 sphaera
1054 1237 1301 1272 maximum
1324 1234 1556 1271 observasse
1580 1233 1648 1270 his
1670 1233 1812 1270 verbis

172 1291 405 1329 attestatur:
440 1288 802 1338 Observationes
830 1288 988 1338 itaqve
1017 1286 1242 1326 hactenus
1268 1287 1324 1325 ab
1349 1286 1481 1325 initio
1506 1285 1812 1335 adparitionis

176 1343 377 1383 Cometae
403 1354 552 1392 usqve
578 1344 639 1381 acl
661 1341 981 1392 crepusculum
1006 1342 1075 1379 ΙΙΙ
1094 1342 1155 1379 Id.
1178 1340 1291 1378 Χὸϊῑ8
1317 1351 1343 1378 a
1368 1339 1504 1378 nobis
1531 1337 1721 1386 diversis
1747 1338 1812 1376 in-

166 1395 435 1445 strumentis
454 1396 627 1435 habitae
647 1397 807 1435 decem
828 1396 1146 1439 numerantur,
1171 1404 1275 1443 qvae
1291 1392 1485 1443 singulae
1507 1392 1554 1430 in
1578 1390 1701 1430 recto
1724 1394 1812 1430 tra-

172 1449 283 1489 mite
309 1450 355 1489 &
375 1449 549 1488 ambitu
573 1448 768 1488 maximi
791 1448 956 1487 circuli
973 1446 1025 1496 se
1046 1447 1249 1486 invicem
1275 1446 1434 1485 ordine
1458 1444 1811 1494 conseqvuntur,

173 1505 313 1552 atqve
328 1514 433 1542 cum
450 1502 679 1552 Ecliptica
695 1503 919 1552 angulum
930 1500 1213 1550 sphaericum
1232 1511 1380 1548 usqve
1397 1497 1813 1547 adsesqvitriginta

169 1557 350 1606 gradus
367 1555 608 1595 dilatatum
625 1555 845 1595 efficiunt.
863 1557 1059 1602 Apparet
1075 1556 1220 1601 itaqve
1237 1553 1319 1591 hos
1332 1554 1442 1591 duos
1453 1552 1702 1599 praestantes
1715 1551 1812 1589 Ma-

172 1610 430 1648 thematicos
440 1621 614 1648 mecum
624 1612 669 1647 in
680 1610 820 1647 orbita
831 1608 964 1656 hujus
975 1608 1173 1646 Cometae
1186 1606 1437 1644 denotanda
1449 1605 1704 1643 omnimode
1715 1616 1814 1642 con-

173 1663 338 1702 sentire.
356 1663 399 1701 Si
416 1663 739 1701 THADDAEO
757 1668 796 1700 et
814 1661 1116 1700 CORNELIO
1136 1659 1383 1698 GEMMAE
1400 1671 1490 1696 non
1507 1659 1623 1696 idem
1638 1657 1813 1705 praecise

173 1716 311 1754 visum
335 1717 401 1760 est,
425 1716 495 1754 vel
519 1718 651 1754 etiam
674 1715 935 1763 qvibusdam
958 1714 1068 1762 alijs,
1092 1713 1235 1755 fiebat,
1259 1713 1374 1760 qvod
1398 1712 1586 1759 grossiori
1609 1711 1814 1758 indagine

174 1772 267 1817 ejus
283 1772 562 1817 apparentias
578 1769 881 1812 scrutarentur,
900 1773 939 1805 et
956 1770 1000 1805 in
1018 1767 1166 1805 Globo
1183 1767 1238 1804 ad
1255 1766 1444 1803 fixarum
1461 1767 1607 1802 minus
1624 1763 1815 1802 correcta

174 1823 271 1861 loca
286 1835 379 1861 rem
396 1834 575 1861 omnem
592 1834 683 1860 non
698 1822 796 1860 satis
813 1822 953 1859 subtili
969 1823 1132 1858 trutina
1149 1819 1457 1867 expenderent.
1481 1818 1669 1855 Nullum
1686 1819 1815 1864 igitur

175 1876 364 1924 amplius
379 1876 514 1914 subest
530 1876 714 1914 dubium
731 1875 964 1913 Cometam
982 1885 1085 1911 eum
1101 1872 1255 1911 ductus
1271 1878 1481 1915 tenorem,
1504 1883 1633 1918 qvem
1652 1871 1814 1908 indica-

173 1931 329 1973 vimus,
350 1929 525 1977 praecise
549 1929 587 1967 &
607 1929 850 1967 constanter
871 1927 1106 1971 obtinuisse,
1124 1932 1163 1964 et
1180 1926 1234 1964 ob
1251 1926 1294 1963 id
1311 1926 1543 1963 necessario
1560 1926 1670 1961 inter
1687 1923 1814 1961 coele-

174 1982 248 2020 stia
272 1983 590 2030 reponendum,
616 1994 716 2020 cum
742 1992 1021 2029 neqvaqvam
1044 1982 1090 2017 in
1113 1979 1323 2026 superiori
1349 1980 1449 2016 aere
1475 1977 1603 2015 instar
1627 1977 1816 2014 Meteori

174 2035 409 2084 flagrantis,
430 2047 543 2084 vago
564 2041 692 2083 atqve
713 2038 878 2073 incerto
899 2036 1083 2076 tramite,
1107 2032 1360 2070 discurrerit.
1384 2032 1503 2069 Nam
1524 2031 1639 2078 qvod
1655 2036 1701 2068 tu
1718 2030 1815 2067 Ma-

174 2091 292 2127 teriae
317 2090 455 2127 caussa
480 2094 649 2127 motum
673 2094 762 2126 tam
787 2088 1061 2126 ordinarium
1086 2086 1148 2123 illi
1174 2085 1364 2124 accidisse
1390 2090 1607 2127 autumas,
1634 2085 1816 2121 minime

175 2143 538 2190 approbationem
554 2147 758 2180 meretur.
781 2141 871 2188 Qui
888 2142 1006 2178 enim
1023 2140 1130 2182 fieri,
1152 2141 1345 2186 inqvam‚
1367 2139 1507 2185 posset,
1529 2143 1575 2175 ut
1595 2136 1817 2174 exhalatio

174 2195 321 2243 aliqva
344 2196 451 2234 ficca
476 2198 522 2233 in
547 2198 648 2233 aere
674 2195 941 2232 Elementari
966 2194 1175 2231 oberrans
1203 2192 1332 2230 instar
1359 2191 1544 2239 alicujus
1573 2190 1669 2228 astri
1696 2195 1817 2227 tanto

174 2253 369 2296 tempore
387 2251 511 2287 certis
527 2254 731 2286 motuum
748 2248 914 2295 legibus
931 2252 1113 2294 pareret,
1131 2245 1351 2293 fiqvidem‚
1369 2250 1462 2282 tum
1477 2246 1673 2281 materiae
1689 2243 1818 2290 ipsius

175 2301 440 2343 fluxibilitas.
458 2308 551 2340 tum
567 2302 856 2340 Elementaris
873 2300 957 2338 loci
973 2300 1208 2342 lubricitas,
1227 2300 1496 2336 contrarium
1508 2299 1691 2334 omnino
1704 2294 1819 2333 reeta

175 2357 344 2393 ratione
371 2367 464 2394 rem
489 2367 669 2394 omnem
698 2352 1045 2402 ponderantibus
1073 2350 1387 2400 persvadeant?
1416 2351 1562 2389 Taceo
1588 2350 1702 2397 qvod
1728 2360 1818 2386 non

176 2407 324 2446 saltem
340 2409 553 2447 circulum
569 2410 816 2446 maximum
837 2410 1076 2454 apparente
1098 2404 1230 2443 ductu
1251 2404 1511 2452 descripserit
1529 2404 1727 2445 Cometa,
1748 2401 1818 2439 sed

177 2463 307 2499 etiam
328 2467 451 2500 motu
472 2464 649 2509 proprio
672 2460 930 2499 circularem
951 2459 1124 2497 cursum
1146 2458 1274 2496 instar
1290 2457 1480 2505 Epicycli
1497 2457 1726 2504 cujusdam
1748 2455 1817 2492 de-

129 2527 139 2539 r
177 2514 359 2562 signarit,
377 2518 500 2553 cuius
517 2520 714 2553 centrum
728 2513 840 2552 Solis
853 2509 867 2563 ΙΙ
880 2512 1057 2560 simplici
1071 2513 1209 2549 motui
1222 2517 1432 2559 perpetuo
1445 2510 1690 2550 uniebatur.
1708 2508 1818 2545 adeo

282 2577 314 2601 54
1774 2566 1818 2597 ut
