2209 3213
106 430 126 461 †

111 545 126 570 5

95 810 126 836 10

79 1018 143 1050 35v

95 1077 126 1102 15

91 1343 125 1369 20

91 1609 124 1634 25

90 1875 124 1902 30

89 2143 122 2168 35

89 2409 122 2434 40

414 213 504 252 AD
526 214 836 253 CRAIGUM
858 215 1131 254 SCOTUM
1152 216 1236 255 DE
1258 217 1547 256 COMETIS
1724 220 1800 257 469

163 321 441 368 apparentijs‚
464 331 541 367 per
560 325 696 358 totam
720 322 814 369 ejus
834 322 1124 366 durationem,
1149 323 1528 367 concordantibus,
1552 336 1643 362 non
1666 327 1805 372 potuit

163 385 254 412 non
276 373 387 411 nihil
408 372 493 411 illis
515 373 670 411 subesse
693 374 826 422 dubij,
852 386 1013 422 magna
1035 378 1172 414 animi
1195 377 1417 415 alacritate
1443 377 1594 422 testari,
1620 378 1804 426 ideoqve

162 427 295 464 literis
311 426 366 464 ad
382 437 452 464 me
469 427 625 464 eodem
641 428 821 465 nomine
838 427 960 471 datis,
978 428 1073 466 haec
1090 431 1241 467 omnia
1257 430 1521 478 confignavit
1537 443 1712 478 unaqve
1728 431 1804 470 fal-

162 479 361 517 fissimum
377 479 453 517 esse
469 479 553 517 hoc
565 479 931 527 Philosophorum
946 484 1243 526 enunciatum‚
1261 495 1346 530 qvo
1359 483 1567 522 Cometas
1579 487 1624 522 in
1636 484 1806 523 summa

163 534 340 580 regione
360 534 473 570 aeris
493 532 607 570 infra
627 533 840 570 circulum
857 535 918 579 (ae
934 537 1132 581 generari
1148 535 1348 580 statuunt,
1370 537 1439 574 vel
1456 549 1509 574 ex
1525 537 1657 585 hujus
1673 537 1805 576 solius

163 585 361 624 Cometae
373 590 462 623 tam
474 585 667 633 diligenti
680 585 717 623 &
728 585 802 624 fibi
815 586 1097 625 consentienti
1108 589 1457 635 perscrutatione,
1470 590 1694 629 nobiscum
1704 603 1804 630 con-

163 638 306 676 cludit.
323 638 372 676 In
385 638 571 677 Cometa
587 644 736 676 autem
752 641 859 677 anni
874 638 982 682 771115.
999 641 1113 687 qvod
1126 641 1376 680 Parallaxes
1388 645 1482 691 ejus
1494 655 1585 681 non
1596 644 1805 682 scrutatus

162 691 219 736 fit,
237 691 293 729 ob
307 691 438 730 aulici
450 691 755 730 Mathematici
766 697 869 730 tunc
880 695 1088 740 temporis
1100 693 1327 737 defectum,
1344 695 1427 733 sese
1441 697 1624 735 excusat.
1639 697 1805 735 Verum

162 744 481 789 Rofflmanuus,
508 747 580 792 qvi
604 745 806 783 nondum
828 746 884 784 ad
907 746 1153 794 Principem
1178 749 1413 793 accesserat,
1438 749 1535 787 licet
1558 750 1735 797 ipsemet
1758 753 1804 788 in

162 796 274 836 dicto
287 798 485 842 Cometa,
503 809 555 836 eo
573 798 688 845 qvod
703 799 859 847 medijs
873 799 1181 845 destitueretur,
1198 801 1343 839 nullas
1354 807 1470 840 ratas
1482 802 1804 842 observationes

162 851 333 889 coelitus
350 851 581 896 derivasset‚
598 857 746 890 tamen
762 854 871 890 meis
887 854 933 890 in
950 853 1106 891 eodem
1123 854 1484 900 conclusionibus,
1500 855 1689 903 perlec'to
1702 869 1803 895 meo

161 904 284 949 libro,
296 904 452 942 lubens
463 904 708 952 subscripfit.
722 905 866 952 thve
877 907 914 953 ej
920 917 971 944 us
976 907 991 954 j
997 907 1192 944 udicium
1202 907 1276 945 tibi
1286 908 1462 955 planius
1471 909 1663 947 constare
1673 911 1802 957 possit,

162 957 258 996 haec
278 957 457 1005 ipsamet
473 959 568 1006 ejus
583 958 717 996 verba
734 970 786 996 ex
804 959 991 1006 Epistola
1008 960 1210 1006 qvadam,
1232 972 1351 999 anno
1372 963 1643 1009 praecedente
1661 963 1701 1001 13
1719 963 1802 1002 Ca-

162 1011 276 1049 lend.
292 1009 382 1049 8bris
398 1010 507 1049 mihi
523 1011 725 1058 inscripta
741 1014 904 1059 accipe:
924 1011 1058 1059 Qvod
1070 1012 1271 1062 igiturin
1286 1014 1496 1064 uti-isqve
1508 1012 1522 1065 ΙΙ
1536 1017 1630 1054 tam
1639 1016 1803 1065 priori—

162 1063 250 1102 bus
273 1075 413 1113 qvam
430 1062 760 1113 posterioribus
782 1064 933 1104 literis
947 1065 1176 1115 judicium
1196 1077 1351 1106 meum
1374 1068 1429 1106 de
1448 1067 1520 1116 ijs,
1547 1079 1651 1118 qvae
1671 1068 1719 1107 in
1735 1068 1804 1118 se-

163 1118 314 1156 cundo
327 1117 622 1156 Cometarum
637 1118 784 1163 Tomo,
801 1117 918 1156 mihi
928 1118 1188 1168 transmisso,
1207 1120 1514 1167 continentur,
1532 1121 1747 1171 reqviris,
1760 1123 1808 1161 id

163 1169 376 1220 eqvidem
393 1169 623 1220 ejusmodi
637 1170 839 1221 agnosco
855 1169 949 1219 esse,
973 1174 1023 1210 ut
1036 1171 1176 1212 facile
1192 1173 1374 1224 negligi
1386 1172 1534 1223 possit,·
1546 1173 1632 1223 secl
1648 1177 1804 1215 tamen

163 1225 215 1263 ut
230 1223 419 1268 habeas,
443 1224 566 1273 qvod
583 1224 776 1273 expetis,
798 1224 863 1263 ita
883 1235 983 1264 rem
1005 1224 1233 1274 deduxisti,
1259 1226 1589 1277 Cometamqve
1609 1228 1739 1267 illum
1754 1229 1803 1267 in

162 1277 339 1316 aet‘here
350 1275 533 1325 cursum
539 1276 569 1326 s
567 1288 675 1316 uum
688 1276 932 1326 absoIVisse‚
947 1278 1012 1317 ita
1025 1277 1342 1327 demonstrasti,
1357 1282 1554 1320 utnemo
1564 1281 1804 1320 bominum

162 1332 311 1369 artem
323 1329 707 1370 Mathematicam
718 1330 884 1379 saltem
897 1342 989 1370 non
1002 1331 1232 1381 ignorans
1244 1332 1325 1372 tibi
1335 1334 1656 1374 contradicere
1662 1334 1802 1384 possit,

160 1383 298 1433 idqve
321 1385 415 1423 tam
437 1384 702 1423 luculenter
721 1386 769 1423 et
784 1383 1041 1434 perspicue,
1067 1388 1117 1424 ut
1134 1397 1272 1425 nemo
1291 1387 1576 1427 luculentius
1596 1390 1678 1427 aut
1696 1399 1804 1427 enu-

161 1436 370 1476 cIeat‘ius.
389 1437 458 1476 Sic
474 1437 546 1476 ille
563 1438 615 1476 de
631 1437 774 1476 nostro
791 1438 940 1476 labore
957 1440 1071 1477 circa
1086 1439 1211 1477 illum
1226 1440 1459 1479 Cometam
1474 1441 1659 1489 praestito
1675 1441 1804 1490 longe

161 1490 286 1529 aliter
306 1503 438 1538 qvam
457 1497 504 1529 tu
526 1496 565 1529 et
585 1491 719 1536 senfit‚
743 1491 781 1529 &
803 1491 937 1530 literis
959 1491 1044 1531 suis
1067 1493 1123 1531 ad
1143 1504 1213 1530 me
1235 1493 1345 1532 datis
1365 1494 1538 1533 testatus
1562 1495 1628 1533 est.
1653 1495 1804 1543 Estqve

160 1544 262 1582 sane
283 1546 350 1582 vir
371 1544 443 1582 ille
466 1546 513 1582 in
534 1544 874 1589 Mathematicis,
898 1546 1042 1592 qvoad
1065 1546 1484 1585 demonstrationum
1506 1548 1803 1587 Geometrica-

161 1609 260 1635 rum
274 1597 509 1642 scientiam,
526 1598 853 1645 earundemqve
865 1600 911 1636 in
922 1610 1131 1637 numeros
1143 1600 1464 1645 resolutionem,
1480 1613 1572 1639 non
1587 1601 1727 1640 solum
1743 1602 1804 1640 so·

160 1650 245 1689 lide
255 1650 492 1695 instructus,
502 1651 572 1689 sed
583 1653 714 1689 etiam
724 1651 1077 1690 observationum
1085 1652 1486 1692 Astronomicarum
1496 1655 1804 1693 mechanicum

161 1705 427 1748 exercitium,
449 1709 489 1742 et
506 1705 607 1752 qvid
623 1706 668 1742 in
684 1704 768 1742 hoc
784 1703 896 1743 reae
912 1705 952 1743 se
969 1705 1131 1744 habere
1147 1707 1276 1754 possit‚
1299 1707 1400 1754 qvid
1418 1719 1520 1746 vero
1539 1720 1642 1752 non,
1661 1708 1691 1746 fi
1709 1710 1803 1756 qvis

161 1757 286 1802 alius,
311 1757 451 1806 sagaci
470 1758 637 1806 judicio
663 1758 914 1803 discernere,
940 1759 1010 1797 vel
1035 1759 1124 1807 ipsa
1147 1762 1416 1807 experientia
1439 1773 1516 1809 per
1539 1761 1802 1810 Landgravi-

161 1822 350 1849 anorum
362 1811 643 1859 Organorum
656 1810 958 1850 tractationem
972 1813 1187 1850 diutinam
1204 1814 1410 1852 assecutus
1427 1814 1493 1858 est,
1511 1820 1556 1852 ut
1572 1820 1803 1863 propterea

160 1865 254 1912 ejus
273 1864 344 1902 vel
363 1864 493 1903 solius
514 1865 597 1903 hac
617 1867 663 1903 in
684 1870 805 1912 parte
826 1865 1007 1903 censura
1027 1866 1268 1904 multorum
1287 1867 1478 1906 aliorum
1496 1870 1745 1907 immaturae
1763 1874 1803 1907 et

159 1917 283 1956 nulla
294 1918 463 1957 diutina
474 1920 782 1956 exercitatione
795 1918 1066 1957 confirmatae
1078 1919 1313 1964 sententiae,
1325 1923 1480 1959 merito
1492 1923 1803 1969 anteponenda

158 1972 318 2009 veniat.

211 2024 376 2062 Verum
392 2024 467 2063 ubi
483 2026 633 2063 tertius
643 2024 810 2063 Tomus
827 2027 970 2072 operis
982 2025 1111 2064 nostri
1123 2026 1175 2064 de
1187 2026 1374 2074 reliqvis‚
1392 2039 1499 2075 qvos
1510 2028 1644 2067 modo
1656 2040 1802 2067 recen-

158 2077 233 2122 sui,
253 2077 449 2116 Cometis
469 2078 691 2125 publicam
711 2078 855 2116 lucem
871 2079 1037 2123 viderit,
1059 2091 1112 2117 ex
1134 2091 1198 2124 eo,
1221 2092 1351 2127 qvam
1372 2086 1412 2119 te
1428 2082 1677 2120 Aristoteles
1697 2082 1803 2120 falsa

159 2133 368 2178 opinione
385 2133 498 2170 circa
515 2143 669 2170 eorum
681 2131 805 2170 fitum
818 2137 857 2170 et
868 2134 1197 2180 generationem
1209 2134 1424 2178 imbuerit,
1440 2140 1530 2173 tam
1543 2141 1690 2183 aperte
1702 2147 1802 2174 con-

158 2183 320 2231 spicies‚
337 2190 396 2229 ut,
412 2184 442 2223 fi
458 2190 498 2223 et
513 2190 616 2223 tunc
633 2187 678 2223 in
694 2185 824 2233 ipsius
840 2188 1024 2233 gratiam
1041 2187 1272 2224 certissimis
1289 2187 1662 2227 observationibus
1679 2194 1719 2227 et
1734 2189 1803 2227 his

158 2236 350 2276 fundatis
374 2238 813 2277 demonstrationibus
840 2239 1130 2278 Geometricis
1155 2239 1357 2279 reluctari
1381 2241 1736 2289 perseveraveris,
1762 2248 1803 2281 te

159 2290 270 2329 adeo
290 2293 337 2329 in
356 2291 487 2340 ipfius
502 2292 636 2330 verba
652 2293 819 2341 J'urasse‚
841 2297 888 2330 ut
907 2292 1062 2331 malles
1078 2305 1179 2331 cum
1196 2305 1248 2332 eo
1266 2306 1410 2332 errare
1428 2307 1559 2343 qvam
1576 2307 1676 2334 cum
1692 2296 1801 2344 alijs,

158 2344 201 2382 id
222 2345 337 2392 qvod
357 2356 425 2383 res
446 2345 514 2389 est,
534 2345 701 2389 sentire,
723 2351 764 2384 et
784 2347 966 2384 minime
988 2346 1124 2384 libero
1145 2352 1273 2394 atqve
1294 2347 1458 2386 fincero
1481 2351 1527 2386 in
1550 2349 1618 2387 his
1636 2350 1802 2398 judicio

159 2399 233 2442 uti,
255 2398 404 2446 palam
423 2398 571 2437 facias.
593 2398 689 2437 Etsi
706 2399 994 2438 Cometarum
1014 2405 1159 2438 motus
1180 2403 1382 2449 proprius
1400 2401 1476 2440 tibi
1492 2402 1604 2441 adeo
1624 2403 1802 2441 illorum

159 2450 377 2490 Parallaxi
387 2457 427 2490 et
436 2452 713 2490 collocationi
723 2453 867 2500 qvoad
877 2453 1038 2491 Mundi
1048 2453 1312 2493 diametrum
1321 2455 1659 2503 pervestigandae
1669 2456 1801 2494 obsta-

159 2504 258 2542 culo
273 2505 349 2543 esse
365 2510 553 2552 putatur,
571 2511 618 2544 ut
633 2506 732 2544 ideo
749 2506 1161 2545 demonstrationem
1178 2519 1357 2546 omnem
1373 2508 1608 2556 suspectam
1624 2509 1801 2552 habeas,

1701 2563 1802 2610 qvid
