2209 3213
125 825 155 850 10

122 1091 152 1116 15

117 1356 150 1381 20

116 1622 148 1646 25

118 1887 152 1913 30

118 2153 151 2178 35

117 2419 151 2444 40

515 225 1036 265 RECENTIORIBUS
1056 229 1514 268 PHAENOMENIS
1770 231 1837 268 167

196 345 296 372 cum
311 333 490 381 fimplici
506 332 632 376 Solis,
654 344 754 379 quae
771 334 1103 380 repraesentatur
1118 347 1194 382 per
1209 336 1437 383 Angulum
1453 335 1596 379 BDK,
1618 337 1841 374 inuenitur

196 399 249 425 ex
266 386 593 425 Obseruationis
615 385 994 433 correspondentia
1014 394 1121 434 part.
1138 389 1174 426 9.
1191 390 1296 426 min.
1313 388 1364 426 32
1386 388 1449 435 (ut
1467 393 1583 435 patet
1600 400 1653 426 ex
1668 388 1840 427 Tabula

194 439 338 488 postea
353 438 670 486 subiungenda)
686 438 716 476 fi
732 439 786 476 ab
802 439 886 477 hoc
902 440 1126 479 auferatur
1136 441 1338 489 Angulus
1349 441 1482 479 ADB
1496 443 1616 489 prius
1632 444 1839 481 inuentus

193 498 300 540 part.
318 494 344 530 1.
366 494 519 530 minut.
537 492 590 536 18,
615 492 762 529 euadit
785 494 829 529 in
852 492 1091 541 Triangulo
1114 494 1266 537 ADK,
1291 494 1492 542 Angulus
1515 495 1654 532 ADK
1676 501 1783 542 part.
1801 495 1837 533 8.

193 548 297 584 min.
314 545 371 589 14;
393 556 582 592 cumque
603 545 735 583 ambo
752 545 909 583 Latera
925 547 1163 585 ambientia
1179 547 1380 591 constent,
1402 547 1492 585 DK
1508 548 1839 586 Semidiameter

194 598 323 637 Orbis
345 598 543 637 Cometae
564 598 680 641 8405,
705 597 743 635 &
763 598 853 636 AD
877 601 922 636 in
945 602 1079 646 priori
1099 600 1338 647 Triangulo
1362 603 1594 638 inuentum
1615 601 1723 645 9719,
1747 613 1838 639 non

192 651 462 700 ignorabitur
478 651 610 689 Latus
626 653 802 689 tertium
818 652 905 689 KA
922 652 1028 696 1847,
1050 654 1168 699 quod
1187 656 1318 691 etiam
1337 653 1581 691 distantiam
1598 654 1796 692 Cometae
1812 666 1838 692 a

191 705 327 743 Terra
348 704 534 747 exhibet,
556 716 656 751 quae
672 704 702 742 fi
717 706 762 741 in
779 704 1030 743 Diametros
1046 706 1194 744 Terrae
1215 708 1477 753 competenti
1497 707 1630 744 modo
1651 707 1837 745 resolua-

191 764 272 802 tur,
294 769 347 796 ea
366 759 662 805 proportione,
684 769 773 804 qua
789 757 873 795 BD
890 760 1011 796 iuxta
1028 758 1325 806 Copernicum
1346 762 1536 797 continet
1555 759 1837 798 Semidiame-

192 817 280 849 tros
300 810 448 849 Terrae
473 811 572 854 1142,
599 811 745 848 euadit
770 813 955 849 remotio
981 812 1056 850 illa
1076 812 1511 850 Semidiametrorum
1537 812 1608 857 211,
1635 825 1769 860 quam
1792 815 1837 851 in

191 864 375 902 Tabulae
391 864 635 911 penultima
650 863 755 901 serie
772 863 1081 902 constituimus.
1098 865 1301 912 Angulus
1317 865 1503 912 insuper,
1521 868 1566 903 in
1579 867 1735 904 eodem
1746 866 1836 904 Tri-

191 917 367 965 angulo,
389 917 523 955 DAK
543 919 772 964 proueniet
792 922 899 964 part.
916 917 979 955 40.
996 920 1101 955 min.
1118 918 1180 962 40,
1201 929 1227 956 a
1246 930 1334 965 quo
1351 918 1380 955 fi
1396 918 1620 956 auferatur
1637 919 1837 966 Angulus

192 970 318 1008 DAL
334 970 519 1018 aequalis
535 969 895 1017 Prosthaphaerefi
911 972 1030 1018 prius
1046 973 1241 1008 inuentae
1259 971 1370 1018 (sunt
1387 974 1505 1009 enim
1516 972 1599 1009 AL
1611 971 1648 1009 8(
1661 972 1744 1009 DB
1761 984 1837 1020 per

191 1022 551 1062 constructionem
566 1022 810 1069 Parallelae)
827 1023 1087 1070 relinquitur
1098 1024 1301 1072 Angulus
1317 1024 1445 1062 LAK
1461 1030 1568 1071 part.
1580 1024 1642 1062 39.
1655 1027 1759 1063 min.
1772 1025 1835 1069 22,

190 1079 265 1124 qui
280 1079 456 1115 metitur
472 1076 716 1114 distantiam
729 1076 927 1114 Cometae
944 1082 1230 1124 apparentem
1246 1089 1272 1115 a
1288 1078 1434 1115 medio
1450 1078 1548 1115 loco
1563 1077 1687 1122 Solis,
1705 1079 1835 1125 idque

189 1132 235 1167 in
255 1129 345 1177 ipsa
361 1130 559 1168 Cometae
580 1131 667 1167 uia.
684 1129 739 1167 Vt
758 1135 907 1167 autem
927 1129 1030 1167 hinc
1051 1141 1158 1168 uera
1175 1130 1373 1168 Cometae
1393 1131 1651 1179 Longitudo,
1669 1131 1707 1168 8(
1724 1132 1836 1169 Lati-

188 1183 294 1221 tudo
319 1182 489 1226 constet,
515 1183 571 1220 ad
594 1182 848 1229 Eclipticam
873 1181 1067 1220 reductio
1092 1183 1351 1227 instituatur;
1378 1184 1509 1231 idque
1532 1195 1609 1230 per
1631 1184 1837 1232 Figuram

188 1236 291 1274 huic
313 1238 488 1284 negotio
511 1235 707 1283 superius
730 1236 996 1283 deputatam,
1020 1236 1095 1274 ubi
1116 1236 1161 1274 H
1182 1236 1379 1275 medium
1400 1236 1512 1275 Solis
1534 1237 1682 1275 locum
1702 1243 1835 1281 notat,

190 1289 232 1328 G
249 1289 494 1332 Cometam,
516 1300 704 1336 cumque
726 1289 819 1326 HA
841 1291 961 1336 prius
981 1289 1106 1327 detur
1127 1295 1233 1337 part.
1252 1290 1304 1328 18.
1321 1292 1475 1328 minut.
1492 1290 1555 1334 28,
1578 1290 1615 1328 8(
1637 1293 1676 1328 61
1697 1302 1836 1329 60116-

187 1342 403 1390 spondens
420 1342 520 1386 KA,
541 1347 648 1389 part.
665 1342 727 1380 20.
745 1344 849 1379 min.
867 1343 930 1386 57,
951 1342 1118 1380 sublato
1135 1342 1219 1380 1106
1235 1355 1261 1381 a
1277 1343 1381 1388 KG,
1402 1343 1444 1381 P.
1462 1343 1524 1381 39.
1543 1344 1606 1381 M.
1623 1344 1686 1388 22,
1708 1344 1835 1382 relin-

188 1398 334 1443 quitur
357 1395 444 1434 AG
467 1395 694 1433 ostendens
716 1401 887 1433 motum
911 1395 1110 1434 Cometae
1133 1398 1178 1433 in
1201 1396 1277 1434 suo
1301 1396 1431 1435 dud'tu
1454 1397 1508 1435 ab
1533 1396 1835 1435 Intersec'tione

186 1454 294 1496 part.
311 1449 364 1487 18.
381 1451 486 1487 min.
503 1449 566 1493 25,
584 1450 653 1486 cui
670 1449 722 1486 de
739 1449 946 1496 Ecliptica
962 1448 1190 1496 respondet
1202 1450 1284 1487 AE
1300 1456 1408 1497 part.
1426 1450 1478 1488 16.
1496 1452 1600 1488 min.
1618 1450 1672 1494 12,
1689 1462 1790 1497 quae
1806 1450 1836 1488 fi

187 1502 403 1540 addantur
419 1502 475 1540 ad
490 1502 637 1540 locum
654 1500 968 1540 Intersec'tionis
984 1504 1030 1540 in
1046 1502 1097 1540 20
1112 1503 1228 1550 grad.
1245 1504 1295 1541 55
1312 1505 1416 1541 min.
1436 1507 1492 1547 β,
1509 1505 1712 1550 prouenit
1728 1515 1836 1542 uera

188 1556 433 1603 Longitudo
456 1555 654 1594 Cometae
674 1553 867 1602 respectu
888 1555 1107 1603 Eclipticae
1129 1558 1174 1593 in
1194 1562 1301 1603 part.
1318 1557 1354 1594 7.
1376 1558 1481 1594 min.
1498 1557 1521 1594 7
1545 1562 1585 1601 z,
1607 1568 1708 1603 quae
1728 1568 1834 1604 pau-

187 1609 295 1647 culis
315 1610 494 1646 minutis
515 1608 637 1646 suam
656 1607 781 1646 facile
798 1609 1065 1646 merentibus
1081 1609 1405 1647 excusationem
1421 1609 1475 1647 ab
1492 1609 1721 1647 obseruato
1737 1610 1834 1647 loco

187 1661 341 1700 deficit.
360 1662 466 1706 Imo,
483 1661 513 1699 fi
529 1664 574 1699 in
590 1661 972 1699 Demonstratione
988 1661 1072 1699 loci
1085 1662 1284 1700 Cometae
1297 1663 1452 1710 Capite
1463 1662 1610 1700 Tertio
1626 1662 1764 1701 statim
1780 1663 1834 1701 ab

186 1717 311 1753 initio
331 1714 561 1762 propofita,
583 1714 843 1753 adhibeatur
863 1726 971 1753 uera
987 1715 1233 1763 Longitudo
1251 1716 1289 1754 8(
1305 1716 1508 1754 Latitudo
1525 1715 1669 1754 Stellae
1690 1716 1834 1754 inferi-

187 1770 274 1806 oris
295 1770 341 1806 in
362 1780 499 1806 cornu
520 1773 544 1808 z
565 1767 609 1814 (a
625 1779 725 1815 qua,
743 1767 780 1805 8(
797 1768 992 1806 Vulturis
1009 1768 1185 1812 Lucida,
1207 1769 1405 1817 distantia
1422 1769 1620 1807 Cometae
1637 1770 1834 1816 capieba-

188 1821 274 1868 tur)
296 1822 438 1869 qualis
459 1823 505 1859 in
520 1821 702 1859 Tabella
722 1823 768 1859 in
788 1820 876 1859 fine
893 1821 1081 1859 Secundi
1099 1821 1266 1869 Capitis
1286 1833 1391 1860 mox
1411 1822 1693 1860 antecedente
1715 1823 1833 1860 exhi-

188 1874 313 1912 betur
336 1875 471 1922 (quod
492 1874 634 1912 nescio
658 1886 746 1922 qua
768 1876 938 1913 incuria
961 1873 1205 1923 neglectum
1228 1875 1300 1922 est)
1324 1876 1569 1923 Longitudo
1593 1875 1835 1914 Obseruata

189 1939 290 1966 cum
313 1927 556 1976 Hypothefi
581 1928 785 1975 aptissime
811 1930 1055 1966 conueniet.
1082 1928 1225 1966 Datur
1246 1934 1460 1976 praeterea
1482 1940 1559 1976 per
1581 1929 1714 1967 Latus
1737 1929 1833 1973 GE,

189 1981 392 2019 Latitudo
408 1981 462 2019 ab
480 1981 687 2028 Ecliptica
702 1986 809 2028 part.
826 1981 862 2019 8.
879 1983 984 2019 min.
1001 1981 1064 2025 53,
1086 1993 1186 2029 quae
1206 1981 1277 2019 sex
1298 1982 1605 2020 tantummodo
1625 1982 1834 2029 scrupulis

189 2034 417 2073 obseruata
434 2035 681 2072 Latitudine
698 2036 843 2072 minor
859 2034 926 2072 est.

241 2088 387 2135 Atque
403 2087 456 2126 fic
473 2099 526 2125 ex
543 2087 786 2136 Hypothefi
802 2087 885 2125 hac
902 2087 1100 2126 Cometae
1116 2088 1263 2126 locum
1279 2089 1560 2136 Apparentijs
1576 2087 1835 2126 sufficienter

189 2141 430 2179 consonum
453 2141 508 2179 ad
532 2141 647 2179 diem
670 2140 772 2178 XIII
793 2141 1122 2185 adinuenimus;
1146 2153 1263 2179 nunc
1284 2142 1339 2179 ad
1360 2141 1476 2179 diem
1496 2142 1557 2179 XI
1579 2141 1835 2180 Decembris

188 2194 305 2232 idem
325 2196 614 2242 experiemur,
635 2194 766 2241 idque
786 2194 957 2232 seruato
978 2194 1133 2232 eodem
1151 2195 1362 2242 processus
1381 2199 1544 2239 tenore,
1565 2200 1696 2242 atque
1713 2195 1834 2233 adhi—

187 2247 285 2285 bitis
301 2247 543 2285 earundem
559 2247 818 2295 Figuratum
834 2247 1213 2285 delineationibus.

242 2300 437 2338 Primum
459 2303 505 2338 in
528 2312 581 2338 ea
601 2301 893 2348 Figuratione,
917 2312 993 2347 per
1016 2312 1151 2348 quam
1173 2306 1319 2339 motus
1341 2300 1532 2348 respectu
1553 2301 1772 2348 Eclipticae
1797 2301 1834 2339 8(

189 2355 276 2391 uiae
289 2353 487 2392 Cometae
504 2354 805 2397 conciliantur,
822 2354 896 2391 ubi
909 2354 942 2391 B
956 2354 1152 2391 medium
1168 2354 1316 2392 locum
1331 2356 1390 2399 Θ,
1408 2357 1483 2402 qui
1495 2355 1564 2392 die
1576 2354 1637 2392 XI
1650 2355 1833 2392 Decem-

188 2406 275 2444 bris
296 2407 423 2445 Hora
439 2407 463 2445 6
479 2407 576 2445 PM.
599 2419 652 2445 ex
672 2406 823 2445 nostris
843 2407 1086 2445 rationibus
1107 2412 1198 2445 erat
1217 2409 1263 2445 in
1284 2413 1390 2455 part.
1407 2408 1443 2446 0.
1465 2410 1569 2445 min.
1587 2408 1610 2445 3
1631 2414 1671 2452 z,
1693 2409 1834 2445 Arcus

189 2460 272 2497 BA
293 2459 537 2498 distantiam
556 2460 611 2498 ab
633 2459 934 2498 Intersefflone
955 2460 1117 2498 indicat
1136 2466 1243 2507 part.
1261 2461 1297 2499 9.
1319 2463 1423 2499 min.
1440 2461 1477 2505 8,
1499 2463 1569 2499 cui
1589 2463 1635 2498 in
1656 2461 1833 2499 Circulo

189 2512 388 2551 Cometae
404 2513 631 2561 respondet
647 2513 735 2557 FA,
756 2518 863 2560 part.
881 2513 934 2551 10.
951 2515 1056 2551 min.
1073 2513 1136 2557 26,
1158 2525 1246 2561 quo
1263 2514 1429 2552 sublato
1446 2514 1499 2551 ab
1516 2514 1606 2552 AD
1623 2519 1833 2604 perlptetuto

1632 2579 1699 2604 ex1
1735 2578 1789 2604 en
1810 2578 1833 2603 e
