2209 3213
514 212 1035 251 RECENTIORIBUS
1056 212 1516 251 PHAENOMENIS
1798 213 1838 251 17

138 324 157 354 †
249 319 348 356 DIE
364 319 481 356 XIX.
505 319 633 356 Circa
649 319 685 357 7.
703 319 818 356 Inter
834 318 990 357 Scheat
1007 318 1044 356 <31
1062 319 1294 357 Cometam
1310 319 1352 356 P.
1371 319 1423 356 18.
1442 319 1504 356 M.
1521 319 1584 356 40.
1602 320 1674 356 vix
1690 324 1838 357 tamen

194 373 292 410 satis
308 371 469 416 exacte,
487 383 539 409 eo
556 372 674 418 quod
687 372 884 416 Cometa,
902 374 1060 419 partim
1076 372 1130 410 ob
1148 374 1341 419 corporis
1357 374 1725 416 imminutionem,
1742 384 1838 420 par-

193 427 271 463 tim
287 425 342 463 ob
359 427 472 462 a‘eris
488 425 721 469 crassitiem,
738 426 885 462 minus
901 430 1142 472 appareret.

247 478 375 516 Hora
386 478 421 516 8.
435 477 498 515 M.
511 477 573 515 30.
590 478 705 515 Inter
720 479 909 524 primam
925 478 1025 515 colli
1042 477 1080 515 &
1097 478 1330 516 Cometam
1346 478 1388 515 P.
1402 478 1455 516 16.
1469 478 1531 515 M.
1545 478 1607 515 20.
1624 478 1694 516 sed
1710 479 1838 517 valde

141 545 156 569 5
193 531 282 569 lato
297 531 444 575 modo,
460 536 635 578 propter
651 529 809 568 dic‘tam
825 530 1013 569 causam.

246 584 346 621 DIE
366 583 525 621 XXIII.
546 583 672 621 Visus
693 583 748 621 est
769 584 955 622 Cometa
978 584 1097 631 quali
1120 586 1165 621 in
1186 584 1323 622 Linea
1346 583 1472 628 recta,
1497 596 1597 631 quae
1621 585 1791 623 ducitur
1812 597 1838 623 a

193 636 597 684 Septentrionaliori
623 636 755 674 Stella
779 637 984 685 trianguli
1009 637 1064 675 ad
1089 637 1246 684 pedem
1270 637 1431 684 Pegasi;
1456 637 1557 675 Erat
1581 643 1730 676 tamen
1754 638 1837 677 hac

135 694 155 724 ’Τ
192 690 311 728 linea
326 689 460 737 paulo
476 689 682 737 superior,
699 690 877 728 distabat
892 696 1040 728 autem
1055 691 1108 728 ab
1121 702 1196 728 ore
1208 690 1352 738 Pegasi
1364 690 1406 727 Ρ.
1420 690 1472 728 10.
1486 690 1549 728 Μ.
1562 691 1646 730 27>ὲ-.
1664 691 1837 730 Deinde

192 755 219 781 a
234 744 381 781 media
397 743 496 780 colli
507 743 641 790 paulo
653 742 766 781 infra
778 743 957 781 Stellam
969 745 1158 791 primam
1169 745 1215 780 in
1226 743 1297 781 ala
1309 743 1460 781 dextra
1473 743 1626 792 Cygni,
1643 745 1838 783 tranfiuit

124 809 155 834 10
192 797 279 834 alia
299 796 416 834 linea
436 807 512 843 per
533 796 777 834 Cometam.
802 796 898 834 Fuit
921 796 1094 844 insuper
1116 796 1246 844 ipsius
1267 796 1464 834 distantia
1484 797 1539 835 ab
1560 797 1635 835 illa
1655 799 1701 835 in
1721 809 1836 845 genu

134 853 154 884 †
192 849 336 897 Pegasi
351 849 394 887 P.
412 849 465 887 13.
482 849 545 886 M.
562 849 647 888 5831.

244 903 344 940 DIE
360 902 539 940 XXIIII.
557 902 743 940 Cometa
759 902 1000 940 admodum
1015 904 1136 940 tenui
1148 908 1399 950 apparente,
1416 903 1528 941 adeo
1540 908 1583 941 vt
1595 915 1671 951 per
1682 904 1835 942 Instru-

190 960 339 994 menta
354 957 427 993 vix
448 955 729 993 obseruabilis
750 956 856 999 esset‚
878 956 978 1000 vidi,
1000 956 1118 1003 quod
1139 956 1283 994 adhuc
1305 967 1462 1003 corpus
1483 958 1576 994 eius
1595 957 1836 996 versaretur

191 1011 236 1047 in
248 1020 300 1047 ea
311 1009 441 1052 linea,
458 1020 558 1056 quae
570 1009 741 1046 ducitur
752 1020 779 1046 a
790 1009 936 1047 lucida
946 1008 1185 1057 Trianguli‚
1202 1011 1247 1046 in
1259 1021 1308 1046 os
1320 1009 1480 1056 Pegafi;
1497 1009 1567 1047 sed
1579 1010 1697 1048 linea
1708 1010 1836 1049 ducta

124 1075 153 1100 15
191 1074 218 1100 a
233 1062 379 1100 media
394 1062 505 1106 colli,
522 1073 598 1109 per
615 1062 861 1106 Cometam,
878 1062 965 1100 ibat
982 1064 1028 1099 in
1044 1068 1285 1100 extremam
1302 1062 1385 1100 alae
1402 1063 1565 1100 dextrae
1583 1063 1736 1111 Cygni.

243 1115 368 1153 Visus
385 1114 440 1152 est
455 1119 615 1159 autem,
632 1126 708 1162 per
725 1115 924 1160 Radium‚
942 1115 1093 1153 distare
1110 1127 1136 1153 a
1153 1115 1310 1153 Scheat
1325 1115 1482 1163 Pegasi,
1504 1116 1547 1153 P.
1565 1117 1606 1154 16
1622 1119 1835 1163 proxime,

190 1169 321 1215 idque
336 1169 524 1216 grossiori
540 1168 762 1212 Minerua,
779 1174 954 1216 propter
970 1169 1207 1206 exilitatem
1224 1168 1435 1207 Cometae.

243 1221 343 1259 DIE
359 1221 516 1259 XXVI.
539 1221 668 1259 Circa
687 1220 846 1259 horam
861 1222 886 1259 6
901 1221 1203 1269 vespertinam,
1224 1222 1453 1260 videbatur
1469 1221 1656 1261 Cometa
1676 1223 1834 1267 adhuc,

190 1274 310 1322 quafi
325 1276 371 1312 in
387 1273 499 1312 dicta
515 1274 633 1312 linea
648 1274 703 1312 ab
719 1286 794 1312 ore
811 1275 955 1322 Pegasi
971 1277 1017 1312 in
1032 1275 1291 1313 lucidiorem
1307 1275 1546 1323 Trianguli.
1568 1275 1652 1314 Sed
1673 1277 1791 1315 linea
1809 1290 1835 1315 a

114 1335 152 1366 10
189 1328 335 1366 media
351 1328 389 1366 &
405 1327 588 1366 clariore
605 1327 705 1365 colli
721 1326 849 1366 ducta
864 1340 941 1375 per
957 1327 1203 1372 Cometam,
1221 1325 1235 1378 ΙΙ
1252 1328 1432 1366 cadebat
1449 1331 1494 1366 in
1510 1329 1706 1376 spatium,
1724 1332 1835 1368 inter

188 1381 384 1419 medium
400 1381 553 1419 caudae
571 1381 724 1429 Cygni,
742 1381 780 1418 &
796 1386 1037 1419 extremam
1053 1381 1137 1419 alae
1154 1382 1317 1419 dextrae
1334 1382 1538 1420 eiusdem.

242 1434 486 1473 Obseruaui
498 1438 646 1472 autem
656 1436 768 1472 circa
779 1435 896 1472 idem
906 1434 995 1472 fere
1005 1439 1188 1482 tempus,
1202 1437 1295 1473 eius
1305 1434 1549 1473 distantiam
1558 1448 1584 1474 a
1594 1436 1750 1475 Scheat
1760 1437 1834 1475 Pe-

188 1487 702 1535 gas1,P.l4.M.35.Verum
710 1487 1833 1535 nonsatisscrupulose,proptertenuitatemCometae.

241 1541 342 1579 DIE
357 1540 498 1578 XXX.
516 1540 760 1579 Obseruaui
776 1541 910 1588 paulo
927 1540 1015 1588 post
1031 1542 1067 1585 6,
1084 1543 1195 1579 inter
1212 1541 1445 1580 Cometam
1458 1541 1496 1579 &
1508 1542 1833 1591 ScheatPegas1‚

117 1607 177 1638 25-1-
189 1594 231 1632 P.
249 1594 302 1632 12.
320 1593 383 1631 M.
400 1594 463 1632 35.
481 1594 532 1631 Et
548 1596 661 1632 circa
677 1595 793 1632 idem
808 1599 993 1641 tempus,
1011 1594 1188 1633 distabat
1204 1607 1231 1632 a
1246 1597 1387 1642 prima
1404 1595 1516 1639 colli,
1534 1596 1576 1633 P.
1594 1597 1638 1634 11.
1656 1597 1719 1634 M.
1737 1597 1799 1635 56.

242 1647 399 1686 Cauda
415 1647 614 1685 Cometae
635 1647 837 1695 vergebat
857 1647 1004 1685 versus
1020 1648 1431 1686 Meridionaliorem
1453 1660 1506 1686 ex
1527 1649 1711 1693 duabus,
1733 1662 1833 1697 quae

186 1700 282 1739 sunt
302 1703 348 1738 in
367 1700 607 1748 Triangulo
628 1699 873 1739 coniunctae
894 1701 950 1739 ad
970 1701 1102 1748 pedes
1122 1701 1279 1749 Pegasi,
1302 1701 1372 1739 sed
1395 1702 1530 1749 paulo
1550 1702 1696 1741 subtus
1717 1704 1833 1741 vide-

187 1754 313 1792 batur
334 1755 427 1792 eius
447 1752 607 1792 tractus
628 1754 795 1798 cadere,
818 1754 908 1801 ipsa
929 1756 1061 1792 etiam
1081 1755 1223 1793 cauda
1242 1754 1331 1792 fere
1352 1760 1441 1793 tam
1464 1755 1596 1803 longa
1617 1756 1832 1801 existente,

187 1812 231 1845 vt
254 1807 402 1845 locum
426 1806 540 1844 infra
565 1806 725 1845 dictam
749 1807 929 1845 Stellam
953 1809 1162 1855 attingere
1188 1808 1517 1855 conspiceretur,
1542 1809 1779 1856 praesertim
1804 1810 1833 1848 fi

117 1872 151 1898 30
188 1862 285 1908 quis
305 1858 560 1898 exadtissime
582 1862 675 1898 eius
697 1862 1014 1899 extremitatem
1033 1863 1193 1899 intueri
1210 1862 1415 1908 potuisset.
1436 1862 1713 1909 Apparenter
1728 1875 1833 1901 vero

186 1913 297 1958 satis,
318 1913 460 1952 cauda
475 1913 606 1961 vsque
628 1915 673 1951 in
692 1913 889 1952 medium
909 1913 1068 1959 locum,
1091 1926 1117 1952 a
1138 1917 1276 1962 capite
1293 1915 1349 1953 ad
1365 1913 1524 1953 dietam
1540 1915 1720 1954 Stellam
1735 1928 1832 1964 pro-

186 1967 452 2011 trahebatur,
468 1966 538 2004 sed
554 1965 739 2014 perfecte
756 1969 850 2005 eius
866 1970 1183 2005 extremitatem
1199 1970 1403 2006 acumine
1419 1968 1534 2006 visus
1550 1970 1708 2017 assequi
1724 1970 1833 2008 diffi-

187 2019 322 2058 culter
330 2020 462 2058 licuit.
475 2020 577 2058 Erat
586 2019 876 2058 nihilominus
886 2020 975 2068 ipsa
984 2021 1137 2065 cauda,
1150 2021 1284 2068 paulo
1294 2023 1432 2069 magis
1442 2022 1685 2070 conspicua,
1699 2035 1833 2071 quam

187 2073 532 2121 praecedentibus
541 2072 765 2112 nocturnis
775 2073 1163 2119 obseruationibus,
1172 2074 1302 2122 idque
1312 2074 1549 2122 praesertim
1559 2087 1658 2114 eam
1668 2077 1723 2115 ob
1734 2088 1833 2115 cau-

117 2138 150 2163 35
186 2126 289 2170 sam,
300 2126 417 2173 quod
428 2126 555 2164 Luna
563 2132 665 2164 tunc
676 2127 769 2164 esset
778 2127 892 2165 infra
902 2127 1206 2172 Horizontem,
1214 2133 1257 2165 vt
1268 2128 1322 2166 ob
1332 2128 1387 2172 id,
1398 2128 1452 2166 ab
1463 2131 1556 2166 eius
1565 2129 1733 2167 lumine
1743 2142 1834 2168 non

187 2179 481 2224 offuscaretur,
498 2182 703 2226 quamuis
719 2191 772 2218 ex
788 2180 1011 2228 semetipsa
1022 2192 1114 2218 non
1125 2181 1256 2228 vsque
1269 2181 1380 2219 adeo
1392 2188 1633 2229 appareret,
1646 2188 1689 2221 vt
1700 2185 1832 2230 prius,

186 2232 256 2270 sed
271 2232 512 2280 plurimum
529 2232 749 2271 &lumine
767 2233 804 2271 &
821 2235 1061 2280 quantitate
1079 2234 1294 2272 diminuta
1310 2235 1745 2274 animaduerteretur.

139 2282 142 2285 ’
240 2285 340 2323 DIE
356 2285 516 2323 XXXI.
539 2286 669 2324 Circa
688 2286 846 2324 horam
866 2286 1042 2331 sextam,
1063 2287 1241 2325 distabat
1261 2292 1391 2334 caput
1410 2288 1608 2326 Cometae
1629 2301 1655 2327 a
1676 2289 1833 2327 Scheat

130 2340 150 2372 †
187 2338 343 2386 Pegafi,
360 2339 403 2376 P.
420 2339 474 2376 12.
491 2339 554 2376 M.
572 2339 607 2377 O.
624 2340 666 2376 A
681 2341 824 2386 prima
840 2351 944 2377 vero
961 2340 1073 2383 colli,
1091 2340 1133 2378 P.
1151 2341 1194 2378 ll.
1213 2341 1276 2378 M.
1293 2341 1356 2378 36.
1373 2341 1442 2378 Ab
1459 2353 1534 2379 ore
1548 2342 1705 2390 Pegafi,
1722 2343 1764 2380 P.
1778 2343 1831 2380 14.

117 2402 151 2428 40
188 2391 251 2429 M.
268 2392 304 2429 Ο.
321 2392 362 2429 Α
377 2391 587 2429 lucidiore
605 2392 704 2429 colli
720 2392 865 2440 Pegafi
881 2395 991 2430 inter
1007 2398 1091 2431 tres
1108 2405 1281 2440 paruas,
1299 2394 1341 2431 P.
1360 2395 1404 2432 ll.
1422 2394 1485 2432 M.
1502 2395 1538 2432 2.

240 2444 412 2482 Deinde
433 2444 544 2483 hora
565 2445 768 2483 existente
788 2445 877 2483 fere
898 2457 1030 2491 nona,
1052 2446 1230 2484 distabat
1247 2447 1433 2485 Cometa
1453 2459 1479 2485 a
1500 2447 1657 2486 Scheat
1674 2448 1831 2496 Pegasi,

293 2559 309 2584 3
1654 2554 1831 2592 ANNO
