2209 3213
348 241 422 277 300
836 231 918 268 DE
940 228 1164 267 MUNDI
1185 226 1486 265 AETHEREI

348 346 383 381 &
397 345 490 380 loco
502 342 686 381 Saturni,
700 341 773 385 qui
786 344 886 375 tunc
900 341 989 373 erat
1002 337 1046 372 in
1059 335 1100 372 10
1110 333 1247 381 gradu
1261 339 1301 377 z,
1314 345 1414 370 cum
1426 333 1673 371 Latitudine
1686 332 1699 369 l
1711 337 1817 379 part.
1829 332 1982 374 Borea,

347 401 389 434 in
416 394 720 439 consequentia
751 392 810 436 (vt
834 388 1019 436 putauit)
1051 390 1143 425 eius
1168 387 1315 424 locum
1340 386 1539 434 reposuit,
1569 385 1641 423 vbi
1666 385 1762 423 talis
1787 384 1984 422 distantia

348 449 503 487 difflam
529 446 724 484 Cometae
750 446 867 481 viam
893 440 1176 489 pertranfiuit,
1207 442 1451 487 reperitque
1480 450 1594 483 eum,
1625 449 1757 485 quem
1782 438 1984 481 diximus,

377 502 538 539 ositum.

346 515 371 549 p
398 554 560 590 Verum
577 551 647 588 hic
664 553 708 587 in
725 549 813 596 ipso
829 550 970 595 primo
987 547 1137 584 limine
1154 547 1342 594 grauiter
1354 547 1542 593 impegit,
1560 545 1671 583 adeo
1682 549 1725 582 vt
1737 544 1876 582 multo
1887 543 1985 591 plus

347 618 479 654 quam
500 605 678 642 dimidio
700 603 831 650 Signo
851 604 896 638 in
918 600 1207 647 Longitudine
1229 599 1450 637 aberrarit.
1473 599 1575 637 Erat
1595 600 1712 636 enim
1733 608 1838 635 vera
1858 596 1986 644 ipfius

347 658 589 705 Longitudo
610 657 684 694 illo
706 656 773 693 die
794 655 849 693 ad
868 655 1042 692 Horam
1059 653 1234 691 Sextam
1251 652 1605 690 Pomeridianam
1626 653 1672 688 in
1692 651 1765 690 241}
1787 654 1824 692 ,fl
1835 680 1843 692 ,
1865 652 1924 688 ita
1944 654 1987 687 vt

347 712 521 750 Sculteti
537 710 763 748 annotatio
780 707 971 746 abundet
987 706 1103 754 grad.
1116 706 1192 745 213.
1210 705 1505 743 Latitudinem
1522 707 1653 743 etiam
1665 703 1988 751 supramodum

347 766 476 811 vsque
497 764 552 802 ad
572 762 730 810 gradus
750 762 804 800 11³2—
825 761 1015 798 adauxit.
1040 759 1159 796 Nam
1180 770 1285 796 vera
1305 758 1509 796 Latitudo
1533 759 1668 796 extitit
1688 762 1790 795 tunc
1812 755 1987 804 praecise

345 819 533 856 duorum
553 815 779 863 graduum.
802 815 947 860 Atque
965 812 1048 850 hoc
1065 811 1197 849 modo
1215 813 1308 849 eius
1325 813 1603 858 apparentias
1619 811 1674 848 ad
1691 809 1852 848 dicium
1868 809 1984 847 diem

344 871 528 918 patuisse,
546 881 636 906 non
652 868 800 906 saltem
812 866 1020 904 Moestlini
1037 865 1229 903 calculus
1241 865 1367 902 nobis
1380 864 1642 911 astipulatur,
1659 863 1730 901 sed
1742 865 1873 901 etiam
1884 862 1983 900 Illu-

344 924 515 961 strissimi
540 923 748 968 Principis
774 918 1111 958 GVILHELMI
1137 917 1546 956 LANDTGRAVII
1576 916 1807 955 HASSIAE
1833 915 1983 954 Obser-

346 979 465 1014 uatio
482 976 549 1013 die
566 975 768 1021 sequente
784 972 908 1016 facta,
926 977 1015 1010 toto
1029 971 1157 1010 Coelo
1170 971 1352 1009 deuiasse
1365 970 1605 1008 Scultetum
1616 972 1661 1007 in
1674 970 1871 1008 Cometae
1887 968 1984 1006 loco

345 1032 457 1067 circa
478 1029 558 1066 hos
580 1028 669 1065 dies
691 1026 860 1065 coelitus
881 1025 1144 1068 denotando,
1168 1029 1314 1071 aperte
1335 1023 1519 1062 testatur.
1544 1023 1773 1071 Colligitur
1793 1024 1911 1060 enim
1932 1033 1985 1059 ex

346 1083 474 1130 ipsius
495 1081 770 1119 Celfitudinis
786 1078 1035 1117 Azimuthis
1051 1078 1089 1115 &
1105 1077 1433 1121 Altitudinibus,
1454 1088 1542 1114 vna
1563 1088 1663 1114 cum
1683 1081 1877 1123 tempore
1898 1075 1984 1113 assi-

346 1141 488 1183 gnato,
508 1135 741 1173 Cometam
757 1133 841 1170 Die
858 1132 918 1170 XI
935 1131 1214 1173 Nouembris,
1235 1132 1357 1168 iuxta
1373 1130 1548 1168 Horam
1564 1129 1727 1167 sextam
1743 1141 1769 1167 a
1784 1128 1984 1171 Meridie,

346 1189 461 1226 fuisse
478 1199 565 1235 quo
582 1188 637 1225 ad
653 1186 1001 1234 Longitudinem‚
1019 1187 1064 1222 in
1079 1184 1197 1232 grad,
1214 1183 1287 1223 29⁷3-
1308 1187 1347 1226 ,Z
1357 1214 1365 1227 ‚
1386 1195 1485 1221 cum
1502 1183 1749 1221 Latitudine
1765 1182 1811 1222 δὲ
1827 1182 1985 1225 Borea;

347 1242 417 1279 vbi
442 1243 572 1279 etiam
595 1243 639 1277 in
663 1239 951 1287 Longitudine
974 1238 1072 1275 satis
1093 1236 1268 1285 praecise
1294 1248 1395 1274 cum
1417 1236 1559 1274 nostra
1580 1237 1865 1273 annotatione
1886 1246 1986 1272 con-

347 1295 479 1337 sentit,
501 1294 570 1331 sed
588 1295 633 1330 in
652 1292 898 1330 Latitudine
920 1291 975 1329 est
995 1290 1144 1337 aliqua
1165 1289 1421 1333 differentia,
1443 1289 1498 1327 ob
1515 1289 1801 1327 Instrumenta
1818 1300 1870 1326 eo
1887 1288 1955 1326 die
1972 1284 1986 1337 ΙΙ

348 1360 437 1385 non
454 1348 766 1384 conuenienter
782 1344 1004 1382 verificata
1021 1344 1081 1390 (vt
1096 1343 1172 1381 suo
1188 1343 1285 1381 loco
1302 1343 1542 1381 indicatum
1559 1342 1630 1389 est)
1652 1354 1752 1389 quae
1768 1346 1915 1379 tamen
1932 1342 1987 1379 ad

349 1400 523 1438 Sculteti
540 1400 836 1437 deuiationem
852 1398 1021 1435 nullam
1038 1398 1414 1444 comparationem
1429 1396 1572 1434 habet.
1594 1395 1795 1433 Extendit
1816 1397 1934 1432 enim
1951 1396 1987 1431 is

348 1453 422 1491 illo
439 1454 506 1491 die
523 1452 859 1500 Longitudinem
877 1451 1074 1489 Cometae
1090 1452 1135 1487 in
1151 1455 1258 1496 part.
1272 1450 1331 1489 17}
1351 1455 1391 1493 Z,
1409 1461 1508 1487 cum
1521 1448 1768 1487 Latitudine
1781 1448 1898 1496 grad.
1911 1448 1986 1491 142,

348 1506 418 1543 vbi
435 1518 522 1553 quo
539 1506 593 1543 ad
610 1505 947 1552 Longitudinem
964 1504 1175 1541 excessum
1191 1504 1418 1540 committit
1434 1502 1497 1542 182}
1513 1502 1746 1550 graduum;
1765 1503 1811 1539 in
1826 1501 1987 1539 Latitu-

348 1560 447 1597 dine
464 1570 567 1596 vero
588 1564 731 1606 partes
746 1559 788 1598 9³1:
808 1558 905 1604 plus
921 1557 1028 1594 iusto
1047 1556 1188 1594 habet.
1211 1556 1330 1594 Nam
1350 1555 1428 1593 illo
1449 1556 1529 1599 die,
1553 1557 1666 1593 circa
1681 1555 1855 1592 Horam
1876 1554 1986 1592 deci-

348 1624 467 1649 mam
492 1611 580 1658 post
606 1611 851 1654 Meridiem‚
880 1611 1081 1658 ingressus
1106 1609 1161 1647 est
1186 1611 1378 1657 primum
1403 1608 1590 1647 Cometa
1615 1608 1796 1656 Signum
1825 1613 1865 1651 Z,
1891 1607 1988 1644 licet

349 1665 560 1703 Scultetus
577 1676 667 1702 non
683 1664 845 1702 dubitet
861 1669 963 1701 tunc
978 1663 1089 1701 vltra
1105 1663 1384 1700 medietatem
1400 1661 1591 1700 eiusdem
1607 1661 1726 1709 Signi
1742 1672 1845 1699 eum
1865 1672 1987 1707 repo-

349 1730 463 1755 nere.
481 1718 617 1755 Haud
633 1718 757 1755 aliter
771 1729 848 1764 per
862 1721 1002 1754 totum
1014 1718 1145 1754 etiam
1157 1715 1460 1753 Nouembrem
1474 1714 1813 1759 intolerabiliter,
1830 1716 1875 1751 in
1891 1713 1989 1751 loco

350 1771 649 1818 Longitudinis
662 1770 699 1808 &
711 1770 969 1808 Latitudinis
985 1769 1117 1807 huius
1130 1769 1324 1812 Crinitae,
1341 1768 1396 1806 ab
1414 1780 1466 1806 eo
1483 1779 1615 1816 quem
1631 1779 1787 1805 reuera
1802 1769 1848 1804 in
1860 1766 1989 1805 Coelo

350 1824 509 1862 habere
522 1823 634 1861 visus
649 1823 715 1867 est,
733 1821 932 1866 deflectis
949 1825 1008 1861 ita
1023 1827 1183 1865 tamen,
1200 1827 1244 1860 vt
1259 1822 1483 1860 successiue
1499 1823 1637 1869 magis
1652 1820 1873 1868 magisque
1884 1831 1989 1857 vero

351 1879 681 1924 appropinquet,
698 1876 907 1923 fiquidem
922 1875 1097 1913 festinus
1111 1880 1257 1913 motus
1272 1875 1401 1918 illius,
1419 1877 1494 1922 qui
1507 1874 1635 1922 longe
1647 1876 1789 1912 maior
1800 1874 1854 1911 ab
1865 1875 1989 1910 initio

352 1935 453 1973 erat,
475 1941 608 1976 quam
629 1930 700 1967 ille
717 1929 1039 1977 praesupposuit,
1061 1928 1238 1967 tandem
1254 1928 1309 1967 ad
1327 1939 1379 1966 ea
1394 1928 1503 1973 loca,
1525 1939 1625 1975 quae
1642 1929 1681 1965 ei
1698 1927 1900 1970 attribuit,
1922 1938 1989 1964 ac-

352 1983 567 2020 celerauit.

405 2035 687 2074 Occasionem
697 2047 814 2079 vero,
826 2035 940 2073 vnde
951 2041 1041 2073 tam
1054 2037 1289 2073 enormiter
1301 2036 1346 2072 in
1354 2035 1636 2082 ApparentijS
1647 2033 1780 2071 huius
1793 2033 1990 2071 Cometae

353 2088 634 2136 designandis,
650 2088 884 2135 praesertim
900 2090 1021 2126 iuxta
1036 2090 1171 2132 initia,
1189 2088 1429 2135 deliquerit,
1446 2087 1548 2125 hinc
1565 2087 1713 2125 datam
1726 2086 1825 2124 satis
1835 2086 1990 2133 proba-

352 2141 426 2179 bili
443 2140 689 2179 coniec‘tura
705 2142 909 2188 assequor‚
927 2142 1044 2188 quod
1061 2141 1145 2179 Die
1157 2141 1198 2179 X
1209 2141 1489 2185 Nouembris,
1507 2152 1608 2178 cum
1623 2139 1867 2178 distantiam
1878 2151 1905 2177 a
1916 2139 1990 2177 Sa-

353 2199 482 2232 turno
502 2194 590 2231 lato
613 2194 745 2232 modo
768 2195 983 2242 accepisset
1005 2195 1220 2242 graduum
1241 2194 1317 2238 131,
1341 2205 1441 2232 eam
1460 2196 1506 2232 in
1527 2193 1674 2232 Globo
1695 2204 1722 2231 a
1741 2193 1838 2231 loco
1862 2192 1991 2239 ipfius

354 2247 439 2284 illic
455 2249 574 2294 prius
589 2247 797 2294 imposito,
814 2249 859 2285 in
876 2247 1182 2295 consequentia
1194 2247 1427 2295 Signorum
1443 2247 1498 2285 ad
1514 2249 1633 2285 viam
1647 2246 1845 2285 Cometae
1862 2250 1992 2283 antea

354 2300 514 2337 ibidem
524 2300 786 2338 delineatam
796 2300 1056 2344 adhibuerit;
1067 2300 1119 2338 fic
1130 2303 1247 2339 enim
1257 2302 1350 2338 eius
1358 2298 1797 2348 Longitudineminlfi
1803 2298 1940 2346 gradu
1951 2304 1975 2338 Z
1983 2328 1991 2341 ‚

356 2365 454 2390 cum
476 2353 720 2390 Latitudine
741 2359 847 2400 part.
869 2354 931 2393 133
952 2354 1133 2401 adeptus
1157 2353 1223 2397 est,
1248 2365 1348 2391 cum
1370 2355 1515 2400 potius
1537 2352 1781 2391 distantiam
1803 2352 1925 2389 illam
1948 2353 1992 2389 in

355 2406 654 2443 antecedentia
674 2407 728 2444 ad
746 2406 942 2444 Cometae
962 2408 1080 2444 viam
1101 2407 1320 2454 applicare
1342 2407 1597 2454 oportuisset.
1617 2405 1742 2443 Tunc
1763 2407 1881 2442 enim
1901 2416 1992 2442 non

356 2458 486 2505 vsque
510 2459 620 2496 adeo
642 2471 849 2506 magnam
872 2472 897 2497 a
919 2471 1023 2497 vero
1047 2462 1140 2497 eius
1165 2460 1242 2497 s1tu
1268 2460 1565 2498 deuiationem
1590 2458 1865 2496 commifisset.
1891 2458 1993 2495 Erat

357 2514 474 2549 enim
486 2511 671 2549 Cometa
687 2512 829 2550 adhuc
846 2512 934 2559 ipso
947 2513 1134 2551 Saturno
1146 2513 1284 2551 multo
1296 2515 1500 2557 anterior,
1518 2523 1649 2560 quem
1660 2517 1809 2550 tamen
1819 2512 1844 2549 6
1854 2510 1992 2559 gradi—

1911 2564 1992 2602 bus

2025 821 2055 846 10

2027 1086 2056 1111 15

2011 1347 2075 1378 375

2026 1620 2059 1644 25

2027 1885 2061 1910 30

2028 2151 2061 2176 35

2030 2416 2063 2440 40
