2209 3213
143 795 173 820 lo

121 895 185 926 437

143 1060 173 1085 15

140 1326 173 1351 20

140 1592 173 1617 25

139 1859 172 1884 30

140 2125 173 2150 35

141 2390 175 2416 40

532 199 1052 237 RECENTIORIBUS
1073 198 1532 237 PHAENOMENIS
1779 200 1856 238 347

213 317 334 343 error
348 305 486 352 detegi
502 306 705 352 potuerit;
723 304 840 341 velut
856 304 952 341 haec
968 306 1119 342 omnia
1135 304 1406 342 enucleatius
1423 305 1552 343 Libro
1568 307 1725 352 priore,
1743 307 1788 343 in
1805 317 1857 343 eo

212 358 310 396 loco
332 358 403 396 vbi
426 357 594 405 Nolthij
620 357 672 395 de
697 357 780 394 hac
803 356 936 395 Stella
958 357 1159 404 scriptum
1183 359 1409 401 excutitur,
1432 369 1459 395 a
1481 358 1607 396 nobis
1629 358 1857 405 disquisita,

212 410 463 458 ostensaque
485 410 592 448 sunt.
619 410 730 457 Quis
752 411 899 457 itaque
922 422 1014 448 non
1036 410 1164 454 videt,
1186 421 1319 457 quam
1342 410 1571 448 fallacibus
1595 411 1794 459 Organis,
1819 411 1857 449 8(

212 475 347 511 quam
363 463 530 501 lubrica
547 462 820 501 Obseruandi
836 465 1017 506 ratione,
1038 465 1084 500 in
1100 468 1190 501 tam
1206 464 1345 501 arduo
1362 463 1400 501 &
1416 463 1556 501 subtili
1573 466 1747 512 negotio
1763 476 1856 511 per-

212 517 439 564 quirendo,
455 521 599 554 vtatur
611 515 836 559 Nolthius;
853 521 896 553 vt
908 515 963 553 ob
975 516 1030 560 id,
1048 527 1101 554 ea
1117 528 1217 563 quae
1230 516 1507 555 Geometrice
1521 517 1589 554 his
1600 517 1856 564 superstruit‚

211 570 329 617 apud
345 570 547 607 Veritatis
563 574 794 613 amatores,
816 568 949 606 fidem
969 575 1110 607 ratam
1126 581 1411 616 nequaquam
1431 575 1694 608 mereantur.
1716 570 1767 608 Et
1783 571 1856 608 do-

210 623 391 661 lendum
407 627 519 660 certe
536 622 603 665 est,
620 622 748 660 Viros
764 624 839 669 qui
856 633 1021 660 nomen
1037 622 1217 669 aliquod
1232 621 1456 661 Dod‘trinae
1473 626 1518 660 in
1530 623 1857 661 Mathematicis

211 676 408 723 ScientijS
424 676 569 722 adepti
584 675 692 718 sunt,
709 680 798 713 tarn
815 674 1042 713 oscitanter
1059 687 1081 712 e
1097 675 1210 713 fallis
1223 675 1612 714 Obseruationibus
1628 679 1775 714 minus
1791 688 1856 714 ra-

210 734 300 767 tam
310 729 612 767 certitudinem
623 730 669 766 in
680 728 763 766 hac
776 728 850 766 diu
861 728 1138 775 multumque
1151 728 1382 775 disceptata
1393 731 1589 773 materia,
1602 729 1657 767 ad
1669 730 1857 777 posteros

210 782 508 826 transmittere,
521 793 712 828 quorum
723 781 935 828 praetensa
944 781 1235 824 Authoritate,
1248 782 1418 820 Veritas
1431 782 1598 820 dudum
1609 783 1857 830 Peripateti-

211 846 363 873 corum
379 834 724 882 Sophismatibus
740 834 990 881 illaqueata,
1012 836 1057 871 in
1074 833 1304 872 arctiorem
1321 837 1618 882 captiuitatem
1636 832 1857 885 constrin-{l

209 893 345 936 gatur.
368 888 654 926 Meminerint
673 899 791 932 vero,
813 889 858 925 in
879 887 1085 925 omnibus
1100 888 1280 926 Artibus
1296 888 1499 926 Veritatis
1521 894 1718 926 centrum
1739 901 1857 936 quae—

210 941 396 979 rendum
416 941 505 985 esse,
528 940 566 978 8(
585 940 697 978 nihil
716 946 879 978 temere
900 942 1299 987 pronunciandum,
1321 953 1376 979 ne
1397 941 1551 979 falsum
1568 942 1620 980 de
1637 941 1705 980 his
1725 942 1856 980 tulisse

210 994 524 1032 Testimonium
540 994 869 1041 redarguantur.

265 1047 378 1094 Quae
399 1047 673 1094 postmodum
694 1049 739 1084 in
760 1047 916 1085 eodem
933 1047 1088 1094 Capite
1105 1046 1275 1093 Quarto
1291 1047 1518 1095 subiungit,
1541 1048 1593 1086 de
1614 1048 1857 1086 discrimine

210 1100 294 1138 loci
310 1100 385 1138 visi
397 1100 434 1138 &
445 1102 537 1138 veri
550 1100 761 1143 Cometae,
779 1100 897 1147 quod
912 1100 936 1137 4
952 1100 1069 1147 grad.
1088 1112 1176 1147 quo
1193 1101 1248 1138 ad
1265 1101 1603 1148 Longitudinem
1618 1101 1707 1139 lato
1724 1102 1857 1140 modo

211 1153 352 1198 efficit,
375 1153 412 1191 8(
433 1153 485 1191 de
506 1152 751 1191 differentia
768 1153 1087 1191 Declinationis
1108 1165 1224 1191 verae
1246 1153 1284 1191 8(
1304 1154 1417 1197 visae,
1440 1154 1482 1191 P.
1499 1154 1534 1191 4.
1552 1157 1656 1192 min.
1674 1154 1740 1197 33;
1762 1155 1858 1192 haec

211 1207 389 1254 quidem
410 1207 740 1254 quodammodo
760 1208 821 1244 ita
840 1206 881 1244 se
901 1206 1125 1250 haberent,
1147 1206 1176 1244 fi
1196 1207 1447 1245 Parallaxes
1463 1207 1718 1245 Altitudinis
1738 1210 1858 1255 prius

210 1259 530 1307 praesuppofitae
546 1271 638 1298 non
653 1259 827 1307 prorsus
843 1271 1040 1298 erroneae
1057 1262 1374 1304 inuenirentur,
1395 1260 1514 1298 velut
1533 1272 1625 1298 non
1644 1260 1784 1298 solum
1805 1273 1858 1299 ex

211 1312 448 1358 antedictis,
464 1313 535 1351 sed
551 1315 683 1351 etiam
699 1313 917 1357 omnibus,
934 1325 1034 1360 quae
1052 1313 1207 1360 Capite
1224 1313 1354 1351 Sexto
1371 1313 1496 1351 aliter
1512 1325 1538 1351 a
1554 1314 1679 1352 nobis
1697 1314 1859 1352 ostensa

210 1367 318 1411 sunt,
340 1366 378 1404 8(
397 1378 474 1414 per
490 1366 680 1404 aliorum
695 1365 935 1405 selectiores
953 1366 1291 1405 Obseruationes
1308 1366 1579 1410 confirmata,
1601 1367 1699 1405 satis
1719 1370 1857 1405 mani-

210 1420 308 1458 feste
329 1419 670 1458 demonstratum
691 1419 757 1458 est.
780 1420 943 1458 Idcirco
964 1418 1172 1458 destrudto
1194 1419 1482 1458 fundamento
1499 1420 1740 1468 principali,
1762 1420 1858 1458 haec

211 1478 370 1511 caetera
385 1472 629 1517 corollaria,
647 1484 747 1520 quae
763 1473 825 1511 illi
842 1475 1099 1517 innituntur,
1117 1473 1345 1511 concidere
1362 1474 1643 1511 necessarium
1660 1474 1726 1511 est.

265 1526 655 1573 Quemadmodum
670 1526 746 1564 illa
762 1528 894 1564 etiam
910 1538 1010 1573 quae
1031 1525 1190 1575 Capite
1207 1526 1387 1574 Quinto,
1406 1527 1458 1564 de
1475 1527 1673 1565 Cometae
1686 1539 1711 1565 a
1723 1526 1859 1565 Terra

211 1579 409 1617 distantia
424 1579 574 1623 adfert,
591 1591 726 1627 quam
742 1579 871 1617 efficit
883 1579 1319 1617 Semidiametrorum
1330 1579 1478 1618 Terrae
1490 1580 1548 1624 83³..
1566 1580 1637 1618 etsi
1648 1582 1770 1618 iuxta
1781 1580 1857 1618 Pa-

210 1632 445 1671 rallaxium
461 1632 816 1680 praesuppofitam
832 1634 1121 1680 quantitatem
1135 1645 1225 1670 non
1239 1635 1603 1671 inconuenienter
1616 1633 1859 1671 inferantur

211 1685 305 1733 (nisi
326 1686 444 1733 quod
466 1697 488 1723 e
508 1688 791 1733 proportione
812 1686 942 1723 lineae
963 1686 1045 1723 AB
1067 1686 1122 1723 ad
1144 1686 1228 1723 BD
1249 1698 1272 1724 e
1293 1686 1518 1724 Posteriori
1540 1686 1857 1725 Obseruatione

209 1741 332 1777 iuxta
353 1740 611 1787 praemissam
634 1739 839 1787 Figuram
862 1739 1089 1787 colligatur
1111 1739 1207 1777 haec
1228 1742 1413 1777 remotio
1434 1740 1666 1787 paululum
1687 1738 1858 1784 arctior,

209 1797 355 1840 vtpote
365 1792 802 1831 Semidiametrorum
811 1792 870 1836 81..
883 1792 935 1830 de
948 1804 1036 1839 quo
1045 1798 1193 1830 tamen
1203 1804 1361 1840 parum
1371 1793 1556 1839 interest)
1568 1792 1859 1830 nihilominus

210 1847 362 1884 omnia
371 1857 586 1890 corruere,
600 1845 638 1884 8(
650 1848 786 1883 errori
795 1845 1021 1883 manifesto
1031 1845 1225 1884 obnoxia
1234 1847 1310 1884 esse
1321 1846 1721 1894 deprehenduntur,
1733 1846 1857 1893 fiqui-

210 1899 311 1937 dem
322 1898 541 1937 Parallaxi
557 1899 669 1937 adeo
686 1898 831 1937 fallaci
847 1897 1127 1946 superstructa
1143 1899 1232 1937 fint.
1251 1900 1345 1937 Nec
1360 1901 1523 1937 mirum
1540 1899 1606 1944 est,
1625 1899 1859 1937 Nolthium

211 1951 444 1990 Cometam
464 1951 582 1990 hunc
603 1954 676 1989 vix
696 1963 861 1990 nouem
882 1952 1225 1990 Semidiametris
1241 1964 1267 1990 a
1283 1952 1431 1990 Terrae
1452 1958 1600 1990 centro
1620 1953 1857 1994 remouisse.

211 2017 311 2043 cum
326 2003 590 2044 antedictam
602 2005 782 2043 Nouam
795 2005 975 2043 Stellam
986 2006 1107 2043 Anni
1123 2006 1186 2050 72,
1203 2006 1257 2044 ab
1274 2006 1468 2044 altissima
1481 2005 1651 2044 Oti‘taua
1662 2005 1858 2053 Sphaera.

210 2061 256 2096 in
272 2070 361 2106 qua
376 2069 533 2096 reuera
549 2058 808 2103 consistebat,
830 2060 875 2096 in
895 2058 1176 2097 sublunarem
1192 2061 1427 2107 regionem,
1444 2061 1518 2096 vix
1534 2061 1580 2096 in
1596 2059 1793 2097 distantia
1809 2059 1860 2097 20

211 2111 658 2155 Semidiametrorum,
675 2111 744 2150 vel
761 2117 912 2149 contra
928 2111 1067 2159 ipsum
1084 2112 1315 2150 oculorum
1330 2112 1511 2155 sensum,
1529 2112 1757 2150 detrahere
1768 2124 1859 2150 non

211 2164 486 2203 dubitauerit.
513 2165 552 2204 O
576 2164 879 2203 Instrumenta!
906 2165 945 2203 O
970 2165 1300 2203 Obseruatores!
1326 2166 1397 2204 vbi
1424 2164 1579 2204 Oculi?
1604 2165 1676 2203 vbi
1700 2165 1857 2203 Intelli-

210 2220 367 2266 genua,
385 2217 423 2255 8(
438 2217 587 2256 sedula
602 2218 807 2256 Veritatis
823 2217 1097 2256 enucleatio'?
1127 2225 1130 2227 ’

263 2270 408 2309 Taceo
424 2283 555 2315 nunc,
577 2272 695 2318 quod
711 2283 898 2319 vapores
914 2271 1025 2309 nulli
1040 2277 1131 2309 tam
1147 2271 1231 2310 alte
1249 2271 1494 2314 ascendant.
1513 2277 1557 2310 vt
1573 2271 1817 2310 distantiam
1834 2284 1859 2309 a

210 2324 346 2362 Terra
361 2326 577 2362 maiorem
588 2325 692 2363 7700
704 2325 955 2363 Miliaribus
972 2324 1203 2372 (quantam
1219 2325 1290 2363 ille
1304 2325 1502 2363 Cometae
1519 2325 1726 2372 attribuit)
1744 2325 1858 2363 adae-

212 2382 358 2425 quent,
379 2377 498 2415 velut
513 2377 610 2416 haec
626 2380 673 2416 in
689 2378 854 2425 Opticis
870 2389 946 2425 per
962 2378 1213 2425 crepuscula
1229 2378 1605 2422 Demonstrantur,
1627 2378 1680 2416 de
1701 2379 1859 2425 quibus

128 2437 191 2469 438
212 2433 344 2469 etiam
360 2436 502 2475 antea,
519 2431 625 2469 dum
637 2431 814 2469 Sculteti
826 2431 1042 2478 Scriptum
1059 2428 1073 2481 ΙΙ
1090 2431 1359 2475 euoluerem‚
1377 2431 1590 2479 copiosius
1607 2434 1684 2479 egi.
1702 2431 1746 2469 Si
1763 2433 1859 2478 quis

211 2485 254 2521 vi
274 2483 500 2522 Astrorum
522 2484 930 2531 praeternaturalem
950 2484 1065 2522 hanc
1086 2485 1163 2522 esse
1184 2485 1491 2523 Eleuationem
1513 2485 1802 2532 praetenderit,
1813 2486 1859 2574 lils

317 2544 368 2570 44*
1750 2540 1809 2575 mi
1846 2539 1858 2573 i
