2209 3213
115 836 146 862 10

115 1102 145 1127 15

111 1367 144 1393 20

96 1521 157 1554 102

110 1634 144 1660 25

109 1900 143 1925 30

109 2166 142 2192 35

109 2431 143 2457 40

504 238 1030 278 RECENTIORIBUS
1050 238 1508 278 PHAENOMENIS
1787 239 1828 276 91

184 345 347 393 aequali
369 344 676 389 distributione,
700 345 906 383 dimidius
927 345 1087 394 gradus
1109 350 1338 393 competat,
1360 344 1398 383 &
1418 344 1621 392 Angulus
1644 344 1829 382 Inclina-

184 401 314 438 tionis
330 398 385 436 est
401 398 443 436 Ρ.
460 398 523 436 29.
541 398 604 435 M.
622 398 675 441 12,
692 398 827 436 tribus
843 398 993 437 saltem
1007 398 1218 446 scrupulis
1233 398 1541 446 praesuppofito
1557 399 1714 436 minor.

237 452 323 490 Die
338 451 490 489 vltima
505 451 762 489 Decembris
779 463 832 489 ex
847 451 1119 499 longitudine
1136 452 1180 496 F,
1201 454 1247 489 in
1263 452 1305 489 P.
1322 452 1358 490 9.
1376 451 1439 489 Μ.
1457 452 1507 489 54
1531 453 1586 495 )(,
1608 450 1646 488 &
1667 451 1829 489 Latitu-

185 506 285 544 dine
302 504 397 548 FG,
418 504 461 542 P.
478 504 541 542 28.
559 504 621 542 M.
639 505 702 548 46,
723 504 851 542 datur
868 507 1061 552 primum
1077 505 1164 549 FA,
1186 505 1228 543 P.
1245 505 1308 543 78.
1327 505 1390 543 M.
1407 505 1470 549 59,
1492 504 1530 542 ἀ
1550 504 1707 542 deinde
1725 503 1828 548 GA,

184 559 227 597 Ρ.
244 558 307 597 80.
325 558 388 596 M.
405 557 468 595 22.
490 557 615 595 Vnde
639 562 785 595 motus
807 557 991 596 diurnus
1014 570 1040 596 a
1062 558 1335 605 praecedente
1359 558 1427 595 die
1450 557 1585 605 paulo
1608 559 1751 595 maior
1770 557 1829 594 se-

183 612 296 650 misse
316 611 492 659 gradus;
515 610 587 648 vbi
607 610 774 658 aliquid
794 610 903 649 forte
923 613 969 649 in
990 611 1307 649 Obseruatione
1328 610 1603 648 desideratur.
1627 610 1830 658 Angulus

182 676 288 702 vero
305 662 619 702 Intersec'tionis
638 669 849 711 perpetuo
867 670 1016 702 manet
1032 664 1075 702 P.
1092 664 1154 703 29.
1173 664 1236 702 M.
1254 664 1307 707 12,
1329 675 1355 702 a
1375 662 1593 711 praefinito
1614 663 1829 702 insensibi-

183 718 279 756 liter
294 716 512 755 differens.

236 770 320 809 Sed
336 769 643 808 adhibebimus
659 772 791 808 etiam
806 772 853 808 in
867 770 1094 808 confilium
1106 770 1445 809 Obseruationes
1457 769 1610 807 Mense
1621 769 1829 807 Ianuario

182 822 329 868 saclas,
351 823 423 861 etfi
439 823 563 861 exilis
579 823 821 861 admodum
837 829 928 862 erat
943 829 1046 862 tunc
1064 823 1262 867 Cometa,
1284 822 1322 860 &
1343 825 1389 860 in
1406 822 1475 860 his
1490 828 1662 860 vtemur
1676 822 1829 861 Trian-

182 876 285 925 gulo
302 876 434 921 IHA,
451 876 735 923 procedentes
751 876 882 924 plane
898 882 941 914 vt
957 878 1003 914 in
1018 876 1378 924 praecedentibus.

236 929 501 968 IANVARII
512 929 721 968 Calendis
732 932 779 967 in
787 929 1027 978 Triangulo
1037 929 1160 974 IAH,
1173 929 1420 977 Longitudo
1430 929 1460 973 I,
1473 931 1518 966 in
1528 928 1570 966 P.
1580 929 1633 966 10.
1642 929 1705 966 M.
1713 928 1765 966 22
1775 931 1812 973 )(
1823 959 1831 973 ,

183 982 387 1022 Latitudo
403 982 487 1027 IH,
504 983 547 1021 P.
564 982 627 1021 28.
645 982 708 1020 M.
725 983 788 1021 49.
808 982 958 1029 Quare
976 983 1109 1021 Latus
1125 982 1204 1026 IA,
1221 982 1263 1020 P.
1280 983 1343 1021 79.
1362 982 1425 1020 M.
1442 982 1505 1025 27,
1523 981 1561 1019 &
1578 981 1684 1026 HA,
1706 982 1749 1019 P.
1766 982 1830 1020 80.

183 1037 247 1075 M.
264 1037 327 1075 46.
349 1035 482 1083 Quod
497 1035 527 1073 fi
543 1035 792 1074 conferatur
808 1047 909 1073 cum
925 1035 1170 1074 differentia
1187 1035 1277 1074 GA
1294 1037 1408 1073 intra
1427 1034 1624 1078 biduum,
1646 1035 1718 1072 dat
1738 1046 1830 1072 mo-

181 1095 276 1128 tum
292 1089 501 1128 diurnum
516 1091 562 1126 in
578 1088 691 1126 hisce
707 1088 879 1127 duobus
896 1089 1048 1127 diebus
1064 1091 1194 1127 vnius
1211 1088 1417 1136 exquifite
1433 1087 1606 1135 gradus,
1623 1089 1682 1125 ita
1694 1092 1737 1125 vt
1752 1087 1831 1125 fin-

181 1142 292 1191 gulis
313 1142 458 1181 adhuc
479 1141 686 1180 dimidius
706 1142 866 1190 gradus
886 1141 1155 1190 respondeat,
1179 1142 1383 1190 Angulus
1403 1153 1508 1179 vero
1531 1140 1832 1178 Inclinationis

181 1201 331 1234 manet
350 1196 393 1233 Ρ.
412 1195 475 1234 29.
497 1195 561 1233 M.
581 1195 635 1240 14,
655 1206 733 1243 per
753 1195 874 1233 HAI
895 1195 1239 1243 repraesentatus,
1261 1195 1403 1243 qualis
1424 1194 1513 1232 fere
1533 1206 1561 1232 a
1583 1194 1710 1232 nobis
1731 1206 1831 1232 con-

182 1249 348 1287 stitutus
365 1248 432 1287 est.

234 1303 427 1350 Ianuarij
450 1302 519 1340 die
541 1301 591 1346 II,
613 1301 859 1349 Longitudo
881 1301 910 1346 I,
931 1302 974 1340 P.
999 1301 1052 1340 10.
1074 1302 1138 1340 M.
1159 1302 1209 1340 54
1237 1303 1294 1346 )(‚
1316 1300 1521 1339 Latitudo
1542 1300 1584 1338 P.
1606 1300 1669 1338 28.
1692 1300 1755 1338 M.
1777 1301 1831 1344 51,

182 1355 266 1401 HI,
283 1355 416 1393 Latus
433 1355 511 1399 IA,
528 1355 571 1393 P.
588 1355 650 1393 79.
668 1355 732 1393 M.
749 1355 812 1399 59,
829 1354 932 1399 HA,
949 1355 992 1393 P.
1005 1355 1059 1393 81.
1073 1354 1136 1393 M.
1149 1355 1203 1393 14.
1220 1355 1399 1392 Motum
1415 1354 1624 1392 diurnum
1640 1351 1831 1400 respecstu

181 1409 476 1448 antecedentis
506 1408 718 1446 exhibens
747 1410 1021 1446 minutorum
1045 1408 1108 1453 28,
1138 1408 1366 1456 Angulum
1395 1418 1500 1445 vero
1531 1406 1832 1444 Inclinationis

182 1462 314 1506 Ι-ΙΑΙ,
331 1462 374 1500 Ρ.
391 1462 454 1500 29.
472 1461 535 1499 Μ.
553 1461 629 1504 13ὲ,
646 1461 922 1509 sesquialtero
938 1461 1088 1500 saltem
1104 1461 1306 1509 scrupulo
1323 1461 1526 1508 assignato
1542 1462 1773 1498 minorem.
1785 1456 1799 1509 ΙΙ

234 1515 320 1553 Die
336 1515 374 1552 V
390 1515 598 1562 Ianuarij,
620 1514 650 1558 I,
671 1515 714 1553 P.
732 1515 785 1553 12.
803 1515 866 1552 M.
884 1515 934 1552 24
958 1517 1013 1559 )(,
1036 1515 1120 1559 11-1,
1142 1514 1184 1553 P.
1201 1514 1264 1553 28.
1283 1514 1346 1552 M.
1363 1515 1426 1558 57,
1448 1514 1526 1557 IA,
1548 1513 1591 1551 Ρ.
1608 1513 1662 1551 81.
1685 1513 1748 1550 Μ.
1765 1513 1829 1557 29,

181 1568 289 1612 HA,
305 1568 349 1606 P.
365 1568 428 1606 82.
446 1568 510 1606 M.
527 1567 590 1606 33.
613 1567 763 1614 Quare
780 1573 926 1606 motus
942 1568 1126 1606 diurnus
1141 1570 1187 1605 in
1203 1567 1288 1605 hoc
1303 1567 1447 1605 triduo
1465 1566 1532 1610 est,
1549 1566 1669 1613 quafi
1685 1566 1736 1604 26
1752 1568 1830 1603 mi-

181 1626 403 1665 nutorum,
416 1621 619 1669 Angulus
631 1632 736 1659 vero
748 1621 867 1659 HAI
880 1621 1193 1665 Inclinationis,
1206 1625 1355 1658 manet
1367 1620 1409 1657 P.
1422 1620 1485 1658 29.
1499 1619 1561 1657 M.
1575 1619 1628 1663 13,
1642 1625 1685 1656 vt
1696 1621 1829 1666 prius.

234 1675 319 1713 Die
332 1674 393 1712 IX
405 1674 613 1722 Ianuarij‚
631 1674 877 1722 Longitudo
889 1674 919 1718 I,
936 1674 979 1712 P.
992 1675 1046 1712 14.
1059 1674 1122 1712 M.
1136 1674 1176 1712 15
1195 1676 1232 1718 )(
1243 1704 1251 1718 ,
1269 1673 1472 1712 Latitudo
1484 1672 1568 1716 IH,
1583 1673 1626 1710 Ρ.
1639 1672 1702 1710 29.
1715 1673 1779 1710 M.
1791 1672 1828 1716 3,

181 1728 315 1766 Latus
332 1728 409 1772 IA,
426 1727 469 1765 Ρ.
486 1727 549 1766 83.
567 1727 630 1765 M.
647 1727 710 1771 20,
728 1728 861 1766 Latus
877 1727 985 1772 AH,
1002 1727 1045 1765 P.
1062 1727 1125 1765 84.
1142 1727 1206 1765 M.
1224 1726 1299 1766 1οὲ-.
1317 1726 1467 1773 Quare
1483 1730 1629 1763 motus
1645 1726 1829 1763 diurnus

180 1783 295 1819 intra
314 1781 398 1819 hoc
420 1781 705 1828 quatriduum
725 1780 780 1818 est
800 1780 851 1818 24
870 1782 1156 1825 minutorum,
1180 1780 1382 1828 Angulus
1403 1791 1508 1817 vero
1530 1778 1830 1816 Inclinationis

181 1834 315 1879 Ι-ΙΑΙ,
332 1839 481 1872 manet
498 1833 540 1871 P.
557 1833 620 1872 29.
638 1834 702 1872 M.
720 1833 773 1872 13.

234 1888 319 1925 Die
340 1887 422 1925 XII
443 1887 651 1935 Ianuarij,
675 1887 920 1935 Longitudo
941 1887 972 1931 I,
994 1886 1049 1924 est
1069 1888 1115 1924 in
1135 1886 1178 1924 P.
1200 1887 1254 1924 15.
1276 1886 1339 1924 M.
1361 1886 1412 1924 37
1440 1888 1496 1930 )(,
1518 1885 1722 1923 Latitudo
1744 1885 1829 1929 IH,

179 1941 222 1979 P.
239 1941 302 1979 29.
320 1941 383 1978 M.
401 1940 454 1984 10,
477 1940 610 1978 Latus
629 1940 706 1985 IA,
728 1940 771 1978 Ρ.
787 1940 850 1978 84.
869 1940 932 1978 Μ.
949 1940 1012 1984 42,
1034 1939 1141 1983 HA,
1163 1940 1206 1978 P.
1223 1940 1286 1978 85.
1304 1939 1368 1977 M.
1384 1939 1447 1977 23.
1465 1938 1590 1976 Vnde
1606 1943 1752 1976 motus
1768 1938 1829 1975 di-

179 2005 330 2038 urnus,
351 2005 428 2041 per
443 1993 527 2031 hoc
543 1993 749 2037 triduum,
771 1993 905 2031 existit
920 1993 1009 2031 sere
1025 1998 1070 2031 vt
1084 1995 1206 2040 prius
1222 1993 1272 2030 24
1288 1992 1604 2039 scrupulorum,
1626 1991 1829 2039 Angulus

178 2058 284 2085 vero
304 2046 607 2085 Inclinationis
628 2047 673 2085 H
686 2047 764 2091 AI,
786 2047 829 2084 P.
846 2046 908 2085 29.
926 2046 989 2085 M.
1007 2047 1061 2091 16,
1081 2048 1211 2085 vnico
1231 2046 1381 2084 saltem
1402 2044 1604 2093 scrupulo
1625 2045 1829 2092 assignato

183 2112 338 2139 maior.

233 2154 318 2192 Die
330 2154 476 2192 XXVI
489 2154 696 2201 Ianuarij,
713 2165 802 2201 quo
813 2153 966 2191 vltimo
979 2153 1212 2192 Cometam
1223 2152 1342 2191 hunc
1353 2152 1501 2190 videre
1513 2151 1645 2195 licuit,
1663 2163 1716 2189 ex
1732 2151 1830 2189 loco

180 2208 275 2245 eius
291 2209 366 2255 qui
382 2212 485 2245 tunc
502 2212 594 2245 erat
608 2209 654 2244 in
665 2207 708 2245 P.
721 2207 784 2244 20.
797 2206 861 2245 M.
874 2207 924 2245 55
943 2208 999 2251 )(‚
1016 2217 1117 2244 cum
1133 2206 1394 2250 Latitudine,
1411 2205 1454 2243 P.
1467 2205 1529 2243 29.
1543 2204 1606 2243 M.
1620 2204 1661 2243 18
1674 2204 1828 2248 Borea,

179 2259 306 2298 facile
327 2260 382 2298 est
402 2260 630 2308 Angulum
651 2260 952 2298 Inclinationis
973 2260 1029 2298 ad
1050 2259 1305 2307 Eclipticam
1325 2258 1594 2307 cognoscere,
1618 2257 1830 2305 siquidem

180 2312 250 2351 hic
271 2313 393 2352 locus
413 2325 490 2361 per
506 2313 811 2360 Quadrantem
828 2312 993 2352 Circuli
1013 2311 1161 2352 exacte
1183 2312 1303 2351 distat
1321 2312 1375 2350 ab
1392 2309 1696 2350 Interseclione
1712 2313 1758 2348 in
1774 2311 1827 2348 A.

181 2366 465 2405 Manifestum
480 2369 628 2414 itaque
645 2366 712 2411 est,
731 2367 849 2414 quod
866 2366 956 2414 ipsa
967 2366 1170 2404 Latitudo
1182 2365 1410 2414 Angulum
1422 2365 1724 2403 Inclinationis
1740 2375 1828 2401 me-

179 2422 323 2463 tiatur,
340 2425 383 2458 vt
395 2421 589 2458 vlteriori
605 2420 810 2468 indagine
826 2419 898 2458 hic
914 2431 1006 2457 non
1020 2431 1132 2467 opus
1145 2419 1203 2457 fit.
1221 2418 1501 2466 Quapropter
1513 2429 1614 2456 cum
1626 2417 1829 2455 Latitudo

180 2472 265 2511 hoc
276 2474 430 2511 vltimo
447 2478 643 2521 tempore
659 2478 831 2521 reperta
846 2472 904 2518 fit,
921 2473 964 2511 P.
977 2473 1039 2511 29.
1052 2472 1116 2510 M.
1129 2472 1183 2517 18,
1200 2472 1350 2511 saltem
1365 2473 1499 2510 ternis
1515 2471 1726 2518 scrupulis
1738 2482 1829 2508 om-

182 2537 285 2564 nem
300 2526 470 2564 sensum
487 2526 805 2576 effugientibus,
822 2526 877 2565 ab
893 2527 1071 2564 assumto
1084 2525 1384 2564 Inclinationis
1396 2524 1573 2572 Angulo
1585 2524 1829 2614 abundans,

292 2588 339 2613 ιε*
1629 2588 1721 2623 1qu1
1755 2588 1830 2613 um
