2209 3213
327 232 393 269 316
819 225 900 261 DE
923 222 1146 261 MUNDI
1168 219 1468 258 AETHEREI

328 334 510 382 prodibit
527 332 742 377 Vtriusque
760 330 927 367 summa
944 328 997 366 G.
1012 327 1091 365 192.
1107 327 1169 364 M.
1183 327 1263 369 1935
1280 326 1394 363 hanc
1411 325 1440 362 fi
1455 324 1600 362 rursus
1616 324 1670 362 ab
1687 325 1852 370 integro
1870 321 1962 360 Cir-

327 388 424 425 culo
445 385 754 426 abstulerimus,
777 381 980 420 constabit
997 383 1042 418 in
1057 379 1297 427 Triangulo
1314 378 1433 416 BCF
1448 377 1650 425 Angulus
1671 378 1747 423 qui
1767 375 1822 413 est
1840 375 1895 413 ad
1912 374 1962 418 C,

327 440 440 487 grad.
459 439 536 476 167.
554 439 657 474 min.
676 437 728 473 41.
750 435 1039 482 Quapropter,
1061 444 1161 470 cum
1177 432 1308 470 ambo
1325 432 1481 469 Latera
1496 430 1615 468 hunc
1630 429 1857 477 Angulum
1873 438 1963 466 am-

326 494 486 530 bientia
507 491 607 528 data
627 490 715 532 fint,
738 488 814 526 CF
833 487 1029 525 distantia
1046 486 1244 524 Cometae
1265 484 1303 522 &
1324 484 1468 523 Stellae
1489 495 1515 522 a
1536 483 1725 522 Sculteto
1746 482 1964 524 denotata,

327 547 368 583 P.
393 545 453 582 28.
478 544 540 580 Μ.
564 544 626 585 25,
651 541 741 585 BC,
768 540 1137 587 complementum
1161 538 1415 576 Altitudinis
1438 536 1583 576 Stellae
1607 535 1799 574 eiusdem
1823 534 1877 573 G.
1901 534 1963 572 37.
2003 547 2018 571 5

327 599 389 635 M.
403 598 454 639 15,
472 596 588 633 velut
604 597 723 642 prius
739 594 834 632 haec
851 594 938 631 duo
955 592 1144 630 indicata
1159 591 1267 635 sunt,
1285 602 1386 638 ergo
1402 601 1493 628 non
1509 588 1778 637 ignorabitur
1791 589 1965 625 tertium

328 652 458 688 Latus
475 649 549 686 BF
569 647 939 694 complementum
955 645 1209 683 Altitudinis
1225 644 1424 682 Cometae
1446 643 1669 686 exhibens,
1690 642 1733 679 P.
1749 642 1813 679 55.
1831 640 1893 678 Μ.
1911 641 1965 684 15,

328 702 443 750 quod
467 701 552 748 ipse
574 703 696 748 ponit
719 701 760 738 P.
778 700 830 738 61.
854 699 916 737 M.
934 699 970 743 7,
994 700 1137 736 maius
1160 697 1242 736 hac
1266 698 1522 735 inuentione
1545 695 1681 733 ferme
1703 695 1727 732 6
1749 693 1965 742 gradibus,

328 755 532 794 deficiunt
549 756 666 791 enirn
682 753 820 790 solum
836 753 860 790 8
876 754 980 790 min.
1002 752 1148 798 Atque
1166 751 1268 788 hinc
1284 750 1414 798 ipfius
1429 752 1475 787 in
1491 750 1679 788 assumtis
1694 747 1966 785 Dedomenis

328 808 612 847 hallucinatio
633 805 853 844 manifeste
874 805 914 843 se
935 805 1088 853 prodit,
1110 815 1210 851 quae
1231 804 1343 842 adeo
1363 814 1525 851 magna
1545 801 1612 845 est,
1632 806 1677 839 vt
1696 802 1858 838 mirum
1875 811 1967 837 non
2008 811 2039 836 10

328 862 385 905 fit,
407 871 508 898 eum
529 862 640 898 circa
658 859 908 898 Parallaxin
928 858 1061 896 huius
1078 857 1276 896 Cometae
1296 862 1523 905 tantopere
1539 866 1566 894 a
1582 854 1723 902 Scopo
1743 852 1966 892 deflexisse.

1120 1563 1350 1604 ΚΖΗ-’ί
1683 1562 1743 1603 Μ

383 1654 520 1693 Lubet
535 1658 683 1693 autem
699 1651 843 1690 adhuc
859 1650 946 1689 alia
961 1651 1143 1693 ratione,
1165 1661 1299 1697 quarn
1319 1648 1447 1697 supra
1462 1648 1657 1695 fecimus,
1679 1649 1971 1690 differentiam

330 1708 601 1747 verticalium
621 1706 818 1745 Cometae
839 1704 877 1742 &
898 1703 1042 1742 Stellae
1062 1702 1375 1747 Andromedae,
1396 1703 1576 1750 quando
1597 1715 1672 1742 eos
1691 1706 1835 1743 vnitos
1854 1704 1970 1743 fuisse

330 1762 467 1800 voluit
483 1761 708 1804 Scultetus,
729 1757 1001 1806 perscrutari;
1021 1757 1153 1804 idque
1175 1767 1227 1794 ex
1248 1756 1358 1794 datis
1379 1756 1508 1804 ipfius
1524 1756 1840 1796 Altitudinibus
1856 1757 1894 1796 &
1910 1758 1970 1796 di-

331 1815 481 1853 stantia
501 1816 546 1852 in
566 1813 684 1851 hunc
704 1812 902 1850 modum:
927 1811 976 1848 In
996 1809 1237 1857 Triangulo
1258 1809 1389 1854 BCF,
1413 1811 1518 1857 quia
1540 1812 1691 1849 omnia
1712 1813 1794 1849 tria
1814 1811 1971 1850 Latera
2011 1822 2041 1848 15

332 1873 435 1906 nota
457 1867 551 1905 sunt
574 1878 627 1904 ex
649 1863 911 1912 supradietis,
935 1863 1027 1908 BC,
1050 1863 1166 1911 grad.
1190 1863 1253 1901 37.
1275 1865 1380 1901 min.
1402 1864 1456 1907 15,
1480 1863 1565 1908 BF,
1589 1863 1632 1901 P.
1655 1864 1709 1902 61.
1733 1864 1796 1902 Μ.
1821 1865 1857 1909 7,
1881 1864 1970 1909 CF,

332 1921 447 1969 grad.
460 1920 522 1958 28.
539 1922 643 1957 min.
655 1919 718 1962 25,
734 1919 963 1966 proueniet
978 1916 1180 1964 Angulus
1196 1913 1211 1967 ΙΙ
1228 1916 1359 1961 CBF‚
1376 1916 1432 1955 G.
1444 1916 1507 1954 20.
1524 1916 1588 1955 M.
1600 1917 1663 1961 56,
1680 1917 1971 1956 differentiam
1995 1923 2059 1955 397

332 1972 672 2016 Azimuthalem,
692 1971 779 2009 siue
796 1970 1075 2009 Circulorum
1090 1969 1364 2008 verticalium
1384 1971 1430 2008 in
1451 1969 1640 2009 secunda
1657 1970 1972 2009 Obseruatione

334 2026 656 2074 repraesentans.

387 2079 563 2121 Verum,
585 2080 689 2125 quia
705 2078 759 2115 ad
775 2079 963 2125 primam
980 2076 1342 2115 obseruationem
1357 2077 1475 2114 idem
1489 2076 1776 2125 peruestigare
1797 2079 1972 2115 animus
2010 2089 2044 2115 20

335 2132 402 2175 est,
418 2132 471 2169 fic
487 2132 787 2179 procedemus:
804 2130 1006 2177 Angulus
1022 2129 1230 2168 distantiae
1248 2130 1446 2168 Cometae
1458 2141 1484 2168 a
1496 2130 1748 2168 Meridiano
1763 2135 1867 2168 tunc
1883 2135 1973 2168 erat

335 2185 451 2233 grad.
468 2185 530 2223 63.
547 2186 651 2222 min.
669 2184 730 2227 37,
747 2181 967 2221 subtractis
982 2183 1181 2221 videlicet
1196 2183 1239 2221 P.
1254 2183 1290 2221 3.
1309 2183 1372 2221 Μ.
1386 2183 1410 2220 4
1426 2183 1481 2222 ab
1498 2194 1551 2221 ea
1566 2185 1822 2227 remotione,
1839 2195 1974 2231 quam

337 2238 550 2276 Scultetus
565 2239 611 2275 in
626 2237 814 2274 secunda
829 2236 1144 2274 Obseruatione
1162 2236 1225 2273 illi
1241 2236 1449 2281 attribuit;
1470 2236 1658 2283 ideoque
1674 2238 1720 2274 in
1734 2236 1974 2284 Triangulo

337 2291 466 2334 FAB,
485 2290 686 2338 Angulus
702 2290 757 2327 ad
773 2290 813 2326 A
830 2294 959 2327 notus
976 2289 1042 2333 est,
1063 2289 1194 2327 ambo
1209 2301 1314 2327 vero
1330 2289 1488 2328 Latera
1503 2290 1742 2328 ambientia
1756 2301 1845 2327 vna
1860 2290 1973 2334 data,

338 2344 415 2381 ΒΑ
436 2343 631 2381 distantia
646 2342 853 2380 Polorum
869 2342 911 2380 P.
929 2342 990 2380 39.
1008 2342 1071 2380 M.
1088 2342 1151 2386 20,
1172 2342 1247 2380 FA
1268 2342 1640 2390 complementum
1655 2342 1975 2381 Declinationis
2012 2356 2046 2380 25

338 2396 547 2440 Cometae‚
563 2396 678 2444 grad.
695 2396 749 2434 71.
766 2397 869 2432 min.
886 2395 938 2433 31.
956 2395 1074 2433 Hinc
1091 2396 1236 2433 euadit
1252 2396 1386 2434 Latus
1402 2396 1488 2440 BF,
1504 2396 1547 2434 P.
1564 2396 1627 2435 59.
1644 2396 1708 2434 M.
1725 2396 1770 2440 11,
1787 2395 1975 2443 comple-

338 2454 536 2487 mentum
550 2449 804 2487 Altitudinis
825 2450 918 2486 eius
938 2450 983 2485 in
1003 2450 1145 2495 prima
1161 2448 1489 2493 obseruatione,
1511 2448 1549 2487 81
1569 2450 1674 2496 quia
1689 2448 1769 2487 BC
1788 2448 1975 2496 comple-

338 2507 537 2540 mentum
552 2501 804 2540 Altitudinis
821 2501 964 2539 Stellae
981 2503 1026 2539 in
1042 2501 1124 2539 hac
1142 2503 1284 2550 prima
1300 2501 1616 2541 Obseruatione
1635 2504 1838 2547 innotuit,
1858 2501 1975 2549 grad.

1722 2555 1784 2594 35.
1801 2557 1906 2593 min.
1922 2554 1975 2599 19,
