2209 3213
422 210 497 247 448
818 205 1285 244 APOLOGETICA
1307 205 1661 245 RESPONSIO

423 328 472 353 ea
491 326 585 361 qvae
602 316 748 350 minus
766 318 1060 358 competenter
1076 313 1195 358 prius
1212 311 1466 353 adduxerat,
1480 311 1599 358 justis
1614 312 1666 349 de
1679 312 1814 350 caufis
1826 315 2058 356 revocavit,

421 369 601 413 suasqve
619 367 890 403 deviationes
906 367 951 401 in
968 366 1159 402 veritatis
1177 366 1396 402 tramitem
1416 365 1599 408 reduxit,
1621 377 1762 412 neqve
1779 365 1834 403 ob
1850 366 1893 404 id
1908 364 2059 404 fluetu-

421 434 499 459 ans
522 420 558 457 8(
579 422 767 456 incertus
790 418 1028 455 censendus
1050 419 1179 455 venit.
1204 417 1469 455 Humanum
1493 420 1611 455 enirn
1632 418 1686 455 est
1707 429 1864 462 errare,
1888 418 1926 456 8(
1948 418 2060 466 saepe

422 474 619 510 videmus
641 483 727 514 eos,
750 473 821 517 qvi
843 471 896 508 ab
919 482 1117 508 errorum
1137 471 1325 508 tenebris
1347 472 1392 508 in
1408 473 1600 508 veritatis
1620 471 1764 509 lucem
1780 472 2060 516 reducuntur,

422 538 519 564 eam
537 532 575 562 et
592 523 748 562 rectius
761 524 798 561 8(
811 524 1073 561 constantius
1089 524 1234 570 postea
1249 526 1373 569 tueri,
1391 536 1522 571 qvam
1538 524 1632 568 hos,
1649 526 1721 571 qvi
1737 524 1845 562 forte
1862 536 1953 562 non
1968 531 2060 562 tan-
2100 539 2115 564 5

420 587 568 626 topere
590 578 643 615 ab
666 589 717 614 ea
738 578 1004 614 recesserunt.
1029 577 1184 624 Neqve
1207 583 1349 615 errata
1370 576 1603 620 retrahere,
1626 577 1664 614 8(
1684 579 1911 615 veritatem
1932 584 2061 616 antea

421 634 566 669 minus
583 629 859 678 perspectam,
877 636 916 667 et
929 629 1045 677 qvafi
1057 630 1320 677 postliminio
1332 627 1347 680 ΙΙ
1359 636 1661 677 recuperatam
1673 630 1916 678 agnoscere,
1934 637 2061 678 atqve
2086 639 2148 671 22v

421 688 608 732 ingenue
630 683 754 721 fateri
776 684 892 720 idern
913 683 980 727 est,
1003 684 1117 730 qvod
1139 683 1322 721 dubium
1339 688 1378 721 et
1394 686 1608 721 incertum
1625 684 1713 721 esse.
1736 684 1853 722 Data
1873 685 2061 731 qvidem‚

422 739 575 785 qvibus
598 737 683 780 ille,
708 736 745 774 8(
769 736 972 774 nonnulli
998 737 1085 784 alij‚
1111 739 1156 774 in
1182 736 1265 774 hoc
1288 736 1459 774 sublimi
1484 738 1659 784 negotio
1682 736 1975 784 disqvirendo‚
2001 737 2063 775 ufi

421 792 527 834 sunt,
545 802 635 827 non
652 789 766 827 fuisse
785 790 1064 837 ejuscemodi.
1082 795 1128 827 ut
1140 792 1261 827 omni
1273 789 1632 828 hallucinationis
1644 790 1882 837 suspicione
1894 795 2061 834 vacent,
2104 805 2134 829 10

421 844 541 881 haud
562 845 696 880 invite
716 842 792 880 tibi
813 843 1065 881 concessero.
1088 843 1206 880 Nam
1228 848 1267 881 et
1287 843 1473 890 idipsum
1495 854 1574 890 ego
1594 843 1897 890 saepenumero
1916 845 1961 881 in
1979 843 2063 881 illis

422 897 625 934 desidero.
640 896 760 933 Dum
772 902 921 933 tamen
932 896 1184 934 Thaddaeus
1196 898 1519 943 promotionem
1533 896 1731 934 Cometae
1743 897 1889 934 versus
1902 902 2063 935 certam

422 950 614 997 aliqvam
630 949 766 987 fixam
783 961 809 987 a
824 949 864 986 se
881 949 1112 987 intervallo
1129 949 1294 996 aliqvot
1309 949 1522 987 horarum
1534 949 1804 988 observatam
1817 950 2064 998 diligentius

422 1003 671 1046 considerat,
694 1013 785 1040 non
806 1002 1037 1040 difficulter
1057 1002 1097 1040 se
1118 1005 1164 1040 in
1184 1003 1401 1050 prioribus
1422 1003 1717 1041 assertionibus
1738 1005 1925 1041 nimium
1943 1003 2063 1041 aber·

422 1057 534 1098 rasse.
553 1062 592 1093 et
610 1056 843 1093 Cometam
859 1067 1138 1103 neqvaqvam
1154 1061 1322 1093 tantam
1334 1056 1596 1100 Parallaxin,
1614 1062 1660 1093 ut
1673 1056 1918 1094 sublunaris
1930 1055 2064 1100 fieret,
2106 1070 2136 1095 15

423 1110 644 1147 obtinuisse
666 1109 866 1156 colligere
887 1111 1038 1156 potuit,
1060 1109 1194 1147 veluti
1216 1109 1345 1156 ipfius
1364 1111 1542 1157 propria
1557 1110 1691 1147 verba
1707 1111 1753 1147 in
1770 1109 1857 1147 alio
1874 1109 2065 1157 qvodam

422 1163 569 1201 libello
586 1162 638 1200 de
655 1162 842 1200 Cometa
858 1164 965 1200 anni
981 1162 1032 1201 80
1048 1163 1163 1200 edito
1180 1175 1206 1200 a
1222 1162 1349 1200 nobis
1370 1175 1464 1210 pag.
1482 1163 1559 1201 365
1576 1165 1706 1201 citata
1721 1162 1937 1201 testantur.
1960 1163 2065 1200 Non
2103 1167 2122 1197 -ὲ

423 1218 541 1254 enim
563 1216 707 1253 adhuc
726 1215 886 1253 constat
902 1215 1081 1262 simplex
1098 1216 1245 1263 aliqva
1265 1218 1388 1258 ratio,
1410 1228 1495 1263 qva
1512 1216 1800 1254 Cometarum
1815 1216 2066 1254 Parallaxes

424 1269 460 1307 8(
481 1271 746 1307 remotiones
768 1269 1124 1313 demonstrentur,
1146 1269 1176 1306 s1
1196 1271 1335 1306 motui
1356 1272 1546 1316 proprio,
1568 1274 1726 1316 praeter
1746 1271 1875 1316 primi
1892 1269 2067 1307 mobilis

423 1322 745 1360 revolutionem
756 1322 851 1360 sunt
864 1322 1056 1370 obnoxij.
1074 1323 1125 1360 Et
1138 1322 1609 1361 REGIOMONTANI
1621 1334 1671 1360 ac
1683 1322 1971 1360 DIGESSAEI
1984 1322 2067 1360 hac
2105 1336 2138 1361 20

424 1377 475 1413 de
492 1387 537 1413 re
554 1376 820 1419 traditiones,
842 1376 989 1413 locum
1010 1377 1193 1413 minime
1213 1378 1384 1419 mereri,
1406 1387 1497 1413 non
1514 1387 1566 1413 eo
1585 1375 1767 1419 inficias,
1789 1387 1868 1413 nec
1890 1375 2067 1413 obscure

423 1429 608 1476 idipsum
624 1431 669 1466 in
686 1429 796 1466 libro
813 1429 969 1466 eodem
982 1440 1007 1466 a
1019 1440 1089 1466 me
1106 1429 1335 1476 aliqvoties
1351 1429 1591 1466 indicatum
1604 1428 1670 1466 est.
1689 1428 1807 1475 Qvin
1819 1434 1858 1466 et
1871 1429 2067 1466 Domino

423 1482 651 1520 Thaddaeo
668 1482 750 1519 hac
767 1482 819 1519 de
836 1494 881 1520 re
898 1481 1050 1529 scripsi,
1068 1484 1140 1529 qvi
1157 1487 1197 1519 et
1214 1482 1410 1529 Digessaei
1428 1482 1465 1519 8(
1481 1482 1690 1530 Witichij,
1713 1487 1807 1520 tum
1823 1484 1955 1519 etiam
1970 1493 2067 1529 pro-

424 1537 530 1583 priae
551 1537 804 1572 intentionis
826 1535 990 1582 aliqvot
1012 1535 1285 1582 problemata
1307 1537 1352 1572 in
1375 1535 1640 1582 locupletata
1660 1535 1736 1573 sua
1757 1535 1946 1579 Dialem,
1971 1546 2067 1582 qvae

424 1599 596 1626 mecum
609 1588 902 1635 manuscripta
914 1590 1266 1633 communicavit,
1280 1589 1573 1635 peculiaribus
1583 1588 1787 1626 adhibitis
1797 1588 2068 1636 compendijs
2106 1602 2138 1626 25

425 1642 715 1689 subjunxerat.
731 1641 845 1679 Cum
857 1644 975 1679 enim
985 1653 1139 1679 omnes
1150 1642 1237 1679 istae
1249 1643 1607 1680 ratiocinationes
1616 1641 1964 1685 Phaenomenon,
1977 1653 2068 1680 non

425 1695 502 1732 nifi
525 1700 648 1732 motu
671 1697 813 1742 primo
837 1696 1041 1733 convolvi
1063 1695 1462 1742 praesupponerent‚
1488 1696 1701 1733 admonui
1723 1695 1875 1742 ipsum,
1899 1694 2069 1733 nullam

426 1760 579 1786 earum
603 1748 801 1786 Cometae
824 1754 947 1786 motu
970 1750 1147 1795 proprio
1171 1749 1341 1796 praediti
1364 1748 1615 1787 Parallaxes
1638 1748 1923 1786 manifestare.
1948 1748 2068 1786 Possi-

425 1801 510 1839 bile
530 1801 819 1839 nihilominus
841 1801 908 1845 est,
930 1813 1006 1849 per
1023 1802 1235 1848 qvasdam
1252 1801 1457 1850 ambages
1474 1813 1526 1840 eo
1543 1802 1761 1846 devenire,
1783 1807 1830 1839 ut
1850 1803 2068 1848 promotio

426 1854 547 1892 insita
558 1854 872 1902 Paralla[xeos]
884 1855 1269 1902 perscrutationem
1282 1867 1373 1893 non
1384 1855 1557 1902 prorsus
1569 1857 1735 1893 irritam
1747 1855 1910 1898 reddat,
1923 1866 2069 1901 qvem·
2107 1867 2140 1892 30

427 1908 668 1945 admodum
684 1919 710 1945 a
726 1908 852 1946 nobis
874 1910 919 1945 in
940 1913 1126 1955 qvatuor
1143 1908 1338 1946 Cometis
1359 1910 1558 1956 proxime
1580 1908 1731 1956 elapfis
1752 1909 1880 1945 annis
1899 1907 2070 1945 coelitus

427 1961 738 1998 animadversis
762 1961 946 1999 fideliter
968 1962 1203 2008 praestitum
1227 1961 1293 2005 est,
1320 1967 1366 1999 ut
1389 1961 1464 1999 suo
1487 1967 1695 2009 tempore,
1720 1961 1894 1999 favente
1920 1961 2070 1998 divino

429 2013 607 2057 auxilio,
625 2014 797 2060 plenius
814 2015 985 2061 patebit.

482 2067 575 2103 Nec
598 2068 729 2104 etiam
749 2068 824 2105 tibi
844 2079 1063 2115 negavero
1079 2068 1518 2106 WITICHIANAM
1540 2067 1964 2111 demonstrationem,
1987 2078 2072 2114 qva

429 2119 529 2156 usus
546 2119 600 2156 est
617 2120 969 2163 SCULTETUS,
987 2121 1150 2158 etiamsi
1163 2121 1485 2159 observationes
1498 2120 1609 2159 rec‘te
1622 2121 1661 2159 se
1673 2121 1896 2164 haberent,
1914 2119 2070 2158 nihilo·
2109 2133 2141 2158 35

430 2174 576 2209 minus
593 2184 685 2209 rem
701 2173 964 2220 proposltam
977 2186 1067 2211 non
1080 2175 1296 2221 expedire,
1313 2175 1521 2222 fiqvidem
1532 2174 1828 2222 praesupponit
1840 2174 2073 2212 Cometam

430 2225 603 2272 prorsus
623 2226 908 2269 immobilem,
931 2233 1109 2273 excepto
1131 2230 1314 2265 circuitu
1335 2229 1506 2272 diurno,
1529 2233 1575 2266 ut
1596 2228 1650 2266 ob
1672 2228 1714 2265 id
1735 2225 1847 2264 recte
1867 2227 2073 2265 asseveres

431 2278 843 2316 demonstrationem
855 2280 975 2317 illam
986 2292 1076 2317 non
1087 2292 1326 2328 congruere
1336 2281 1413 2319 nisi
1422 2281 1724 2319 Phaenomeno
1737 2279 1964 2323 immobili,
1976 2280 2073 2318 licet

431 2330 575 2377 postea
596 2343 685 2368 non
707 2332 854 2369 multis
875 2332 1107 2380 interjectis
1128 2334 1331 2381 periodis,
1354 2335 1539 2372 eandem
1562 2334 1777 2382 approbes
1796 2339 1836 2371 et
1854 2333 2042 2371 multum
2058 2329 2073 2383 ΙΙ

432 2386 589 2421 mereri
611 2384 712 2422 fidei
735 2385 883 2431 (qvam
899 2397 999 2423 vere
1017 2398 1107 2424 non
1123 2388 1306 2433 videbis)
1328 2388 1504 2432 astruas,
1526 2388 1637 2425 adeo
1654 2393 1700 2425 ut
1716 2386 1867 2424 nostris
1886 2388 2074 2424 inventis
2097 2392 2156 2423 23r

433 2436 637 2483 praeserre
661 2449 751 2475 non
775 2438 955 2476 dubites.
980 2439 1043 2476 Ita
1066 2438 1283 2477 fluctuans
1305 2441 1381 2478 tibi
1401 2441 1476 2488 ipfi
1498 2443 1543 2478 in
1564 2440 1719 2478 eadem
1740 2440 1961 2478 assertione
1982 2451 2074 2477 non
2111 2442 2130 2473 †

434 2489 611 2532 constas,
630 2502 747 2527 nunc
764 2490 859 2533 hoc,
877 2503 995 2529 nunc
1011 2492 1130 2535 illud,
1148 2499 1275 2539 prout
1287 2493 1366 2531 fert
1379 2492 1615 2532 affectuum
1631 2495 1831 2541 impetus,
1848 2494 2073 2539 arripiens,

2029 2551 2075 2584 ut
