2209 3213
338 229 414 266 290
829 223 911 260 DE
933 220 1157 259 MUNDI
1178 219 1478 257 AETHEREI

335 334 495 380 proprii
517 332 664 377 (quem
687 329 756 366 ille
774 328 811 365 8(
828 327 955 374 ipsius
972 329 1211 364 imitatores
1231 325 1544 363 inconsiderate
1561 325 1861 373 neglexerunt)
1882 337 1970 363 vna

334 386 590 423 adhibeatur
607 383 742 419 Ratio.
761 381 924 418 Verum
940 379 1011 417 vbi
1027 381 1264 426 perexigua
1280 378 1427 416 euadit
1443 378 1740 416 Parallaxium
1760 381 1806 416 in
1826 378 1969 416 altiori

335 438 370 474 8(
388 437 611 474 decliuiori
628 435 704 472 fitu
721 433 976 476 differentia,
994 431 1104 469 nihil
1119 431 1292 478 prorsus
1304 428 1318 481 ΙΙ
1330 431 1413 469 hac
1427 433 1760 469 ratiocinatione
1773 430 1968 475 efficitur,

332 490 556 535 multoque
570 490 724 525 certius
736 498 827 524 rem
840 497 1018 523 omnem
1029 485 1178 531 pandit
1188 489 1333 522 motus
1343 486 1592 532 apparentis
1602 484 1656 522 ad
1666 486 1832 522 vicinas
1841 484 1970 522 Fixas

332 542 625 583 consideratio,
643 552 742 578 cum
759 538 882 577 cursu
899 539 1057 576 diurno
1074 549 1178 575 vero
1195 537 1364 581 collata,
1381 542 1510 584 prout
1526 537 1774 575 Moestlinus
1791 549 1879 585 qua
1894 549 1968 584 po·

331 598 407 633 tuit
429 595 648 641 diligentia
668 591 889 630 fac'titauit.
912 591 1060 638 Quam
1077 593 1194 628 enim
1210 602 1351 638 prona
1367 590 1587 628 &lubrica
1602 590 1648 628 fit
1663 593 1736 628 via
1751 590 1806 628 ad
1823 602 1968 628 erran-

331 649 446 690 dum,
469 648 572 684 dum
590 648 686 693 quis
701 657 777 693 per
792 644 1032 682 Azimutha
1049 643 1086 681 8(
1102 643 1379 687 Altitudines,
1400 655 1489 681 vna
1507 655 1607 681 cum
1625 642 1848 682 interiecto
1863 649 1968 681 tem-

330 712 433 748 pore
447 702 629 747 cognito,
647 699 993 746 Regiomontano
1006 697 1114 735 duce
1126 697 1331 744 procedit,
1349 708 1402 734 ex
1413 696 1511 744 ipfis
1521 696 1736 734 Thaddaei
1748 696 1786 734 &
1797 695 1968 734 Nolthii

330 766 382 791 eo
403 754 535 790 modo
556 752 713 790 habitis
735 751 1136 794 Obseruationibus,
1160 750 1197 787 8(
1221 749 1322 788 hinc
1343 748 1536 788 deductis
1557 749 1918 793 conclufionibus,
1939 749 1968 787 fi

329 808 530 848 inuicem,
545 805 582 842 8(
594 817 694 843 cum
706 805 1070 852 Landtgrauianis
1082 805 1176 851 pari
1188 803 1321 841 modo
1333 802 1549 850 acquisitis
1561 802 1853 846 conferantur,
1869 802 1967 841 satis

328 860 473 906 liquet.
496 859 589 896 Imo
610 858 695 906 ipse
716 858 1101 905 Regiomontanus,
1123 857 1228 894 dum
1245 856 1444 894 Cometae
1461 857 1581 893 Anni
1602 856 1696 894 1475
1716 855 1967 894 Parallaxes

328 912 532 959 indagare
544 917 737 955 conatur,
750 911 805 948 ad
815 910 988 957 Spicam
996 910 1185 957 Virginis
1195 921 1269 947 eas
1279 910 1564 956 comparauit,
1577 908 1679 947 huic
1689 920 1715 947 a
1724 908 1764 946 se
1774 910 1968 947 inuentae

328 977 403 1012 per
414 965 676 1002 Altitudines
688 964 726 1001 8(
737 963 977 1001 Azimutha
989 962 1298 1010 Speculationi‚
1311 974 1399 1010 quo
1411 962 1466 1000 ad
1478 962 1651 1005 Praxin,
1663 973 1755 1000 non
1765 961 1967 1000 satistuto

328 1018 524 1055 confisus.
547 1017 731 1055 Mallem
747 1028 851 1054 vero
869 1016 1141 1054 Moestlinum
1161 1027 1252 1053 non
1272 1015 1440 1053 oculari
1460 1017 1631 1059 intuitu,
1652 1014 1722 1053 vel
1741 1014 1803 1052 fili
1818 1014 1968 1053 saltem

327 1070 551 1114 beneficio,
572 1070 642 1108 sed
660 1082 736 1118 per
752 1068 925 1108 exactas
941 1069 1171 1112 distantias,
1194 1069 1392 1107 Cometae
1408 1068 1464 1106 ad
1480 1068 1635 1107 Stellas
1651 1068 1780 1106 Fixas
1796 1068 1966 1106 habitu-

328 1124 450 1161 dines
466 1124 699 1161 scrutatum
714 1123 841 1161 fuisse.
858 1122 982 1160 Tunc
999 1124 1117 1160 enim
1131 1121 1364 1160 obiedtioni
1375 1124 1522 1159 minus
1535 1122 1738 1165 obnoxia,
1756 1121 1966 1159 credibili-

328 1189 492 1224 oraque
509 1179 554 1214 in
570 1177 764 1214 medium
780 1176 1021 1223 protulisset.
1034 1176 1199 1213 Verum
1216 1187 1316 1213 cum
1331 1175 1618 1213 Instrumento
1635 1174 1856 1222 exquisito,
1873 1177 1966 1222 qui-

326 1231 406 1267 bus
427 1230 635 1268 distantiae
656 1234 925 1277 caperentur,
946 1228 1054 1266 forte
1075 1228 1382 1273 destitueretur,
1402 1228 1501 1266 vsus
1522 1227 1577 1266 est
1595 1230 1656 1266 eis
1675 1227 1965 1272 adminiculis,

327 1283 483 1330 quibus
499 1284 696 1330 proxime
712 1283 949 1320 Veritatem
965 1283 1122 1329 assequi
1138 1283 1288 1329 potuit.

380 1336 429 1373 Et
444 1336 545 1373 sane
562 1347 652 1374 non
668 1335 923 1383 culpandus,
940 1335 1009 1372 sed
1025 1337 1169 1382 potius
1185 1335 1315 1373 laude
1332 1334 1488 1382 dignus
1503 1336 1659 1372 merito
1675 1333 1784 1372 mihi
1795 1334 1966 1372 videtur

326 1389 585 1432 Moestlinus,
607 1389 724 1436 quod
745 1391 850 1426 citra
871 1390 1022 1426 omnia
1042 1388 1340 1432 Instrumenta,
1362 1387 1493 1425 solius
1513 1387 1575 1425 fili
1596 1399 1692 1435 ope,
1714 1385 1906 1425 exadfius
1927 1387 1965 1425 &

325 1440 480 1479 rectius
497 1442 549 1479 de
565 1441 697 1479 huius
714 1441 911 1480 Cometae
927 1441 1229 1479 Parallaxibus
1240 1441 1278 1479 8(
1290 1442 1572 1488 Apparentiis
1588 1440 1858 1479 Sententiam
1874 1440 1964 1478 dix-

325 1497 414 1537 erit.
431 1506 565 1542 quam
581 1494 776 1542 plerique
793 1495 879 1538 alii,
896 1496 971 1542 qui
984 1494 1264 1542 Organorum
1281 1496 1412 1532 etiam
1426 1496 1687 1542 quorumuis
1698 1493 1964 1532 subtiliorem

324 1546 635 1592 tractationem,
652 1548 991 1595 praetendebant.

377 1601 546 1639 Reuera
560 1603 707 1648 itaque
724 1600 957 1639 Nolthium
973 1602 1019 1638 in
1034 1600 1119 1638 suis
1136 1601 1392 1639 dedomenis
1408 1601 1615 1639 aberrasse
1632 1599 1805 1644 constat,
1823 1599 1860 1637 8(
1876 1599 1961 1638 fru-

322 1653 403 1691 stra
411 1653 661 1692 Thaddaeus
676 1653 806 1701 ipfius
821 1656 965 1702 potius
982 1665 1116 1701 quam
1128 1654 1336 1692 Moestlini
1353 1660 1508 1701 partes,
1526 1659 1741 1701 quantum
1752 1653 1807 1691 ad
1819 1653 1962 1691 Paral-

323 1706 442 1744 laxes
465 1707 596 1745 huius
620 1707 817 1745 Cometae
841 1707 1136 1745 enucleandas
1158 1709 1321 1751 attinet,
1346 1712 1507 1751 tuetur;
1532 1718 1612 1745 nec
1638 1709 1769 1745 etiam
1791 1711 1963 1754 tempus

324 1759 531 1797 Moestlini
549 1760 936 1798 Obseruationibus
955 1759 1227 1799 interiectum
1247 1761 1549 1808 requirebatur
1569 1760 1680 1798 adeo
1700 1759 1874 1807 praecise
1893 1771 1961 1797 co-

323 1814 501 1859 gnitum,
525 1819 655 1860 atque
675 1813 782 1851 illud
805 1825 893 1861 quo
913 1813 1134 1858 Nolthius,
1158 1813 1392 1852 interuallo
1407 1813 1703 1851 Altitudinum
1723 1812 1761 1851 8(
1781 1814 1961 1850 Azimu-

323 1865 499 1903 thorum
511 1866 792 1910 diuersorum,
804 1867 1014 1904 Vtebatur.
1026 1866 1114 1904 Hic
1127 1869 1245 1904 enim
1254 1869 1383 1905 vnius
1392 1868 1550 1905 minuti
1559 1866 1702 1914 lapsus
1712 1866 1961 1904 euidentem

324 1920 368 1955 in
381 1919 595 1957 Parallaxi
607 1919 854 1967 suggerebat
865 1920 1181 1965 alterationem,
1198 1925 1241 1958 at
1257 1920 1343 1958 illic
1359 1922 1555 1968 quinque
1570 1919 1641 1958 vel
1655 1919 1726 1957 sex
1741 1918 1960 1966 scrupulo-

323 1983 420 2008 rum
436 1973 481 2008 in
497 1977 690 2019 tempore
706 1972 931 2017 frustratio,
952 1973 1122 2011 nullam
1142 1972 1329 2011 sensibus
1347 1973 1671 2020 perceptibilem
1687 1974 1822 2010 errori
1839 1984 1960 2010 occa-

323 2023 485 2061 sionem
501 2024 844 2063 subministrauit.
862 2022 876 2075 ΙΙ

375 2077 505 2115 Plura
521 2080 651 2115 etiarn
667 2080 713 2115 in
729 2079 915 2116 eandem
927 2079 1195 2117 Sententiam
1207 2079 1368 2127 profert
1379 2079 1643 2123 Thaddaeus,
1660 2090 1739 2127 pro
1750 2078 1790 2116 se
1802 2078 1840 2116 8(
1853 2077 1959 2116 Nol-

322 2129 426 2173 thio‚
448 2136 597 2168 contra
613 2131 895 2175 Moestlinum,
912 2137 955 2169 vt
972 2132 1204 2170 Cometam
1220 2132 1338 2170 hunc
1356 2144 1512 2171 reuera
1531 2132 1810 2170 sublunarem
1830 2131 1959 2175 fuisse,

323 2183 530 2226 obtineat;
548 2183 598 2221 Et
614 2183 986 2222 Bartholemaeum
1003 2187 1134 2223 etiam
1146 2185 1385 2224 Scultetum
1399 2188 1445 2223 in
1455 2185 1769 2223 Testimonium
1785 2184 1958 2232 allegat:

322 2235 547 2283 solumque
571 2236 828 2274 Cornelium
852 2237 1089 2276 Gemmam
1114 2241 1382 2276 contrarium
1406 2238 1576 2282 senfisse,
1603 2249 1736 2285 quem
1759 2242 1908 2276 tamen
1930 2237 1959 2275 fi

321 2288 620 2335 superuixisset‚
642 2289 679 2326 8(
699 2289 795 2327 suas
812 2290 1017 2328 Rationes
1037 2292 1306 2338 cognouisset,
1327 2297 1495 2330 mutata
1511 2291 1733 2330 Sententia
1753 2291 1809 2328 ad
1829 2290 1959 2337 ipsius

321 2346 463 2387 partes
485 2342 773 2387 transiturum,
799 2344 1016 2382 asseuerat.
1040 2344 1205 2382 Verum
1228 2356 1316 2392 quo
1339 2345 1437 2382 loco
1460 2344 1556 2382 haec
1579 2346 1729 2382 omnia
1753 2343 1959 2381 habenda

320 2393 410 2437 fint,
431 2394 555 2432 facile
571 2396 742 2442 patebit,
759 2395 788 2433 fi
805 2398 901 2443 quis
917 2397 1105 2434 nostram
1122 2398 1173 2435 de
1189 2397 1351 2435 horum
1367 2399 1568 2435 omnium
1584 2396 1771 2443 Scriptis,
1793 2408 1893 2444 quae
1911 2398 1957 2434 in

321 2446 402 2484 hac
425 2447 645 2493 posteriori
668 2447 800 2486 huius
822 2449 937 2486 Libri
960 2455 1080 2497 parte
1103 2450 1178 2488 sub
1200 2451 1405 2489 incudem
1427 2451 1630 2488 Veritatis
1652 2461 1827 2493 reuoco,
1853 2449 1956 2488 Sen-

320 2502 498 2537 tentiam
515 2500 759 2548 diligentius
776 2502 1011 2549 perlegerit,
1030 2502 1067 2540 &
1083 2502 1169 2540 fine
1186 2504 1440 2550 praeiudicio
1457 2503 1721 2550 expenderit.

1809 2555 1957 2594 Postea

1995 438 2059 470 360

2008 551 2023 575 5

2008 1081 2038 1106 15

2003 1346 2037 1372 20

2000 1612 2034 1638 25

1999 1878 2033 1903 30

1984 2085 2044 2116 361

1997 2144 2031 2169 35

1995 2409 2029 2434 40
