2209 3213
85 663 146 694 180

102 827 133 853 10

102 1094 132 1119 15

97 1359 132 1385 20

98 1626 132 1651 25

99 1891 132 1917 30

99 2157 132 2182 35

84 2309 141 2342 181

98 2422 132 2447 40

493 231 1013 270 RECENTIORIBUS
1034 231 1492 270 PHAENOMENIS
1756 233 1814 270 151

174 338 266 385 (qui
286 337 414 376 Liber
433 337 610 375 vltimus
631 343 722 375 erat
743 349 897 376 eorum
918 349 1028 385 quos
1051 337 1366 385 conscripserat,
1390 337 1501 375 adeo
1522 342 1565 374 vt
1587 337 1684 375 fatis
1707 350 1815 385 prae-

172 396 331 438 reptus,
347 402 438 428 non
454 390 643 438 ipsemet,
660 390 729 428 sed
745 391 834 438 post
846 391 985 438 ipsum
996 391 1112 429 filius
1125 390 1455 431 CORNELIVS
1469 390 1701 428 GEMMA
1714 403 1816 429 eum

171 443 415 487 absoluerit,
432 444 619 491 ideoque
636 444 864 481 verifimile
882 444 948 488 est,
966 456 1068 482 eum
1084 444 1320 492 postremas
1333 444 1431 482 suas
1442 443 1525 481 hac
1537 443 1589 481 de
1602 455 1647 481 re
1660 447 1815 492 cogita-

170 499 311 534 tiones
328 496 366 534 &
381 496 537 540 sensus,
559 498 634 544 qui
650 496 910 544 plaerunque
926 497 1062 535 solent
1077 498 1282 535 meliores
1297 496 1572 543 verioresque
1590 497 1678 541 esse,
1699 503 1816 544 pate-

170 549 321 596 fecisse)
339 550 463 593 dicat,
482 549 690 588 Cometas
704 549 847 587 FERE
862 550 1050 588 caudam
1063 553 1109 588 in
1123 550 1280 589 dired'te
1294 550 1534 597 oppofitam
1547 550 1637 588 Soli
1649 555 1816 597 partem

170 603 331 641 vertisse
349 602 500 649 (veluti
517 605 649 640 etiam
664 603 860 650 superius
875 603 1008 641 huius
1024 606 1295 641 mentionem
1311 603 1510 649 fecimus)
1532 609 1746 650 quotquot
1762 604 1816 642 ab

170 655 246 693 illo
257 656 334 694 sua
344 661 471 694 aetate
484 654 697 703 conspetfti
708 656 842 694 fuere.
855 656 1134 704 Quapropter
1145 662 1326 704 apparet
1337 656 1476 704 ipsum
1489 653 1503 706 ΙΙ
1516 656 1815 701 GEMMAM,

170 709 223 747 de
240 708 449 756 exquifita
465 709 713 747 extensione
730 711 775 746 in
791 712 1032 748 contrarias
1048 710 1138 748 Soli
1155 716 1310 757 partes,
1327 721 1419 747 non
1434 709 1583 747 saltem
1600 710 1815 754 dubitasse‚

169 761 239 800 sed
265 761 556 800 differentiam
581 762 778 809 aliquam
803 762 1041 800 sensibilem
1072 763 1405 810 deprehendisse.
1437 763 1520 801 Sed
1547 763 1585 801 &
1609 763 1816 801 ΑΡΙΑΝΙ

171 814 510 853 Obseruationes
526 827 618 853 non
633 815 745 853 adeo
762 815 910 854 exaete
926 815 1185 863 respondere
1204 818 1268 864 ijs,
1291 827 1391 863 quae
1412 815 1514 854 hinc
1530 816 1816 863 superstruere

170 868 423 912 conabatur,
445 868 483 906 &
503 868 556 906 de
579 868 820 906 earundem
841 869 1051 916 exquisita
1071 869 1339 913 certitudine,
1361 869 1416 907 ob
1433 869 1706 907 Instrumenti
1728 882 1816 917 quo

169 921 267 959 vsus
284 921 338 959 est
353 921 587 966 fallaciam,
604 933 695 959 non
711 923 873 959 iniuria
888 922 1076 960 dubitari
1087 923 1210 970 posse,
1227 922 1542 960 rationabiliter
1553 925 1673 970 prius
1685 925 1817 961 etiam

169 975 433 1012 asseruimus.
450 975 575 1013 Vnde
591 986 684 1012 non
699 974 797 1012 satis
815 975 1008 1013 absolute
1028 976 1262 1022 probatum
1283 976 1372 1018 esse,
1394 978 1595 1013 omnium
1612 976 1815 1014 Cometa-

169 1039 269 1065 rum
289 1028 464 1072 caudas,
488 1029 533 1065 in
554 1027 770 1075 oppofitas
790 1027 881 1066 Soli
901 1033 1057 1075 partes,
1081 1027 1273 1076 respe6tu
1293 1028 1355 1066 sui
1377 1030 1539 1075 capitis,
1561 1029 1815 1067 adamussim

169 1081 381 1128 protendi,
402 1081 570 1128 liquido
585 1086 713 1128 patet.
735 1081 1039 1119 Aristoteleam
1055 1093 1160 1119 vero
1176 1082 1444 1125 sententiam,
1467 1081 1505 1119 8(
1526 1084 1727 1120 omnium
1744 1094 1814 1120 eo-

169 1145 268 1171 rum
284 1136 360 1181 qui
375 1134 505 1181 ipsius
521 1134 702 1182 vestigijs
719 1133 958 1179 adhaerent,
981 1136 1094 1172 circa
1110 1135 1264 1173 caudae
1280 1137 1621 1182 generationem,
1642 1136 1815 1182 prorsus

168 1186 384 1231 insulsam,
404 1189 664 1234 veritatique
685 1189 868 1225 minime
889 1187 1127 1226 consonam
1148 1189 1237 1233 esse,
1258 1188 1328 1226 vel
1349 1200 1402 1225 ex
1422 1187 1506 1225 hoc
1522 1188 1611 1226 solo
1629 1189 1815 1227 Cometa

168 1240 550 1278 manifestissimum
571 1241 730 1278 euadit.
752 1240 796 1278 Si
813 1242 931 1278 enim
948 1241 1090 1279 cauda
1105 1241 1185 1279 fuit
1201 1253 1254 1279 ex
1271 1241 1426 1279 eadem
1442 1244 1627 1280 materia
1643 1254 1731 1289 qua
1747 1254 1814 1280 ca-

168 1298 257 1340 put,
275 1293 313 1331 8(
329 1295 443 1341 ignei
457 1293 646 1331 Meteori
662 1295 707 1331 in
723 1293 925 1341 suprema
936 1295 1064 1332 Aeris
1077 1295 1268 1342 Regione
1284 1294 1445 1332 incenfi
1461 1300 1666 1333 naturam
1682 1295 1815 1343 sapie-

168 1346 252 1391 bat,
279 1349 355 1394 qui
379 1346 560 1394 (quaeso)
584 1346 679 1384 fieri
701 1352 882 1394 poterat,
907 1352 951 1385 vt
973 1349 1019 1385 in
1041 1353 1163 1385 tanto
1185 1354 1394 1395 tempore,
1421 1359 1509 1395 quo
1533 1348 1719 1387 Cometa
1743 1348 1815 1387 hic

168 1399 434 1447 perdurauit‚
452 1400 658 1447 exquisite
668 1400 709 1437 se
721 1412 748 1438 a
760 1402 911 1447 capite,
929 1402 974 1438 in
991 1401 1232 1448 oppofitam
1242 1401 1403 1439 Veneri
1419 1406 1587 1448 partem
1603 1402 1814 1450 dirigeret,

169 1452 207 1490 8(
218 1452 343 1491 fitum
354 1453 777 1500 protenfionemque,
795 1455 888 1491 eius
900 1453 1091 1501 respec'tu
1102 1455 1214 1492 adeo
1227 1454 1543 1493 inuariabiliter
1555 1455 1814 1500 obseruaret,

169 1507 571 1554 quomodocunque
592 1506 675 1544 sese
697 1506 829 1545 Stella
845 1507 1028 1545 Veneris
1050 1507 1087 1545 8(
1108 1513 1237 1555 caput
1259 1508 1470 1551 Cometae,
1494 1514 1617 1546 motu
1637 1511 1814 1556 proprio

169 1559 341 1603 diurno,
358 1561 403 1597 in
419 1559 719 1598 diuerfimodis
731 1558 927 1607 Sphaerae
943 1561 1144 1605 arcubus,
1160 1560 1499 1608 promouerent?
1515 1567 1644 1608 prout
1655 1562 1814 1609 vbique

168 1611 331 1650 faetum
348 1613 436 1656 esse,
454 1612 585 1660 vsque
597 1613 652 1650 ad
665 1613 925 1660 postremam
937 1613 1227 1659 durationem,
1245 1626 1379 1661 quam
1394 1614 1468 1652 diu
1481 1615 1622 1652 cauda
1634 1615 1815 1653 discerni

168 1670 348 1713 poterat,
361 1667 406 1703 in
418 1667 637 1713 praemissis
649 1665 935 1704 multifariam
945 1667 1258 1714 euidenterque
1268 1667 1608 1705 demonstratum
1618 1668 1684 1706 est.
1698 1669 1815 1707 Cum

168 1721 313 1766 potius
325 1720 466 1757 cauda
479 1719 690 1763 Cometae‚
702 1719 731 1756 fi
744 1731 797 1756 ex
808 1721 993 1758 materia
1004 1720 1122 1764 ficca,
1134 1720 1306 1765 viscosa,
1325 1720 1362 1758 8(
1378 1723 1528 1768 pingui
1540 1721 1815 1760 inflammata

169 1772 274 1816 esset,
300 1774 423 1810 iuxta
445 1772 820 1810 ARISTOTELIS
843 1778 1048 1817 mentem,
1074 1776 1243 1811 ratione
1267 1774 1435 1812 ardoris
1459 1774 1496 1811 8(
1519 1774 1708 1813 leuitatis
1730 1775 1813 1813 sese

169 1824 326 1864 diree'te
337 1825 515 1869 sursum,
528 1824 719 1873 respectu
732 1827 866 1863 centri
877 1825 1038 1871 Terrae,
1049 1826 1279 1871 sustulisset;
1293 1828 1670 1875 quemadmodum
1683 1830 1814 1866 etiam

169 1890 196 1917 a
212 1878 561 1926 Regiomontano
578 1879 843 1916 Aristoteleis
859 1881 1012 1917 innixo
1029 1879 1339 1925 fundamentis,
1362 1881 1719 1919 Demonstratum
1740 1882 1816 1919 esse

169 1932 370 1970 diximus.
394 1932 505 1979 Ergo
526 1932 625 1969 satis
645 1932 858 1979 superque
879 1932 1026 1979 liquet,
1049 1945 1184 1980 quam
1204 1936 1377 1971 incertis
1396 1936 1558 1972 nitatur
1574 1934 1817 1972 rationibus

168 1985 406 2023 Aristotelis
423 1987 537 2023 circa
554 1985 841 2023 Cometarum
861 1989 1165 2033 generationes
1185 1987 1408 2032 sententia,
1431 1999 1566 2034 quam
1586 1993 1735 2026 tamen
1756 1993 1817 2026 tot

168 2039 258 2076 iam
277 2038 441 2082 seculis,
463 2050 618 2076 omnes
638 2050 750 2086 pene
772 2038 1035 2086 Philosophi,
1058 2040 1295 2087 omnesque
1316 2041 1583 2085 Academici,
1605 2041 1716 2079 adeo
1737 2053 1816 2088 pro

169 2096 263 2129 rata
283 2091 615 2139 indubitataque
637 2091 789 2138 (veluti
811 2091 849 2129 8(
870 2103 1024 2130 omnes
1044 2105 1156 2140 pene
1177 2093 1287 2131 alias
1308 2093 1437 2141 ipfius
1460 2094 1714 2132 traditiones
1738 2107 1816 2142 pro

169 2144 359 2182 oraculis
375 2145 577 2191 adorant)
599 2143 811 2183 ha<stenus
827 2152 1096 2193 receperunt,
1117 2151 1161 2184 vt
1181 2146 1304 2185 nefas
1322 2148 1397 2185 esse
1414 2147 1629 2192 duxerint,
1651 2150 1696 2185 in
1716 2160 1816 2186 con-

168 2200 351 2236 trarium
363 2200 590 2246 quippiam
601 2198 767 2236 sentire.
781 2198 907 2236 Adeo
919 2198 1044 2237 facile
1055 2200 1269 2238 Mortales
1279 2200 1509 2238 Erroribus
1519 2201 1696 2249 obnoxij
1708 2201 1816 2245 sunt,

169 2262 280 2298 quos
295 2251 517 2289 mordicus
534 2253 666 2289 etiam
677 2251 789 2299 saepe
802 2251 1053 2297 defendunt,
1070 2255 1269 2301 ignorata
1280 2253 1350 2291 vel
1361 2253 1602 2301 posthabita
1613 2254 1817 2293 Veritatis

169 2304 419 2342 abstrusiore
440 2304 602 2349 semita,
624 2301 639 2354 ΙΙ
660 2304 843 2352 solisque
859 2305 1212 2344 Authoritatibus
1233 2318 1400 2351 eorum,
1422 2319 1533 2354 quos
1550 2306 1762 2346 Doctrina
1779 2308 1816 2345 8(

169 2357 335 2395 Iudicio
351 2357 621 2405 praeualuisse
639 2357 893 2402 existimant,
911 2360 1099 2397 nimium
1115 2359 1289 2397 credule
1307 2360 1587 2398 confidentes.
1606 2361 1700 2398 Imo
1711 2373 1816 2399 vero

168 2414 339 2448 tantum
354 2410 503 2455 abfuit,
519 2415 563 2449 vt
578 2410 649 2449 hic
662 2411 848 2449 Cometa
860 2412 1048 2450 caudam
1063 2412 1185 2451 suam
1201 2413 1378 2458 sursum,
1396 2425 1449 2451 ex
1465 2414 1708 2452 rationibus
1718 2415 1815 2452 Ari-

168 2463 355 2502 stoteleae
372 2463 677 2512 Philosophiae,
698 2464 918 2509 sustulerit,
940 2471 1068 2513 prout
1089 2466 1183 2504 fieri
1204 2466 1546 2505 consentaneum
1566 2472 1668 2511 erat,
1690 2467 1719 2505 fi
1740 2468 1814 2506 fla-

169 2527 298 2564 grans
314 2516 495 2564 aliquod
510 2519 689 2565 igneum
704 2522 932 2555 meteoron
949 2519 1149 2564 extitisset,
1166 2525 1209 2557 vt
1225 2522 1370 2567 potius
1384 2520 1519 2568 ipsam
1531 2522 1577 2558 in
1589 2520 1816 2559 inferiores

1659 2580 1813 2621 partes,
