2209 3213
388 212 445 248 116
881 207 964 244 DE
985 205 1212 244 MUNDI
1233 204 1535 243 AETHEREI

386 317 569 357 Lunam,
591 317 635 351 in
658 314 746 361 ipso
763 312 941 350 AEthere
964 311 1134 350 cursum
1155 311 1281 349 suum
1300 311 1534 353 absoluisse;
1557 310 1674 357 quod
1692 322 1744 348 ex
1761 311 1966 349 distantiis
1983 314 2027 350 in

385 370 555 406 semotis
578 367 705 405 Orbis
726 366 873 403 Terrae
894 365 1088 412 partibus
1110 376 1136 402 a
1157 364 1334 402 diuersis
1356 364 1719 402 Obseruatoribus
1740 364 2027 411 deprehensis,

387 420 693 458 Demonstrare
710 418 1026 466 proposuimus.

387 534 721 572 ETIAMNUM
736 533 889 570 IDEM
905 532 983 570 EX
994 531 1462 570 ALTITUDINIBUS
1475 531 1739 570 COMETAE
1752 532 1814 569 IN
1828 531 2027 570 DIUER-

412 597 490 634 SIS
507 594 856 637 AZIMUTHIS,
875 593 1238 632 INTERLAPSO
1255 593 1485 640 ALIQUO
1502 593 1796 632 TEMPORIS
1813 593 2004 631 INTER·
2067 610 2081 633 5

466 657 678 697 UALLO.
698 655 923 694 HABITA
940 655 1198 693 RATIONE
1214 655 1470 693 INTEREA
1488 655 1744 694 MUTATAE
1760 655 1954 693 DECLI-

680 717 974 761 NATIONIS,
992 716 1299 756 COPIOSIUS
1317 717 1735 756 CONCLUDERE.

479 789 723 827 VONIAM
735 791 781 826 in
793 787 1148 826 antecedentibus
1162 790 1354 835 primum
1365 788 1622 836 generaliter
1634 800 1687 826 ex
1699 788 1789 835 ipso
1802 786 1932 826 ductu
1944 788 2028 826 Co-

496 848 636 885 metae‚
658 847 868 888 motuque
885 841 1121 885 ordinario,
1139 841 1176 879 &
1193 841 1350 880 deinde
1368 841 1686 889 particularius,
1708 853 1761 879 ex
1782 841 1986 879 distantiis
2002 853 2028 880 a

388 895 646 943 quibusdam
662 895 778 932 Fixis
792 894 1026 939 Sideribus,
1043 900 1133 932 tam
1149 894 1336 932 discretis
1352 895 1620 942 temporibus
1637 894 1795 932 habitis
1812 896 1856 932 in
1873 895 2028 932 eodem
2070 909 2099 934 ιο

387 949 534 986 Terrae
546 948 655 992 loco,
669 960 803 995 quam
815 949 841 996 ij
848 947 964 985 sdem
976 947 1096 994 quasi
1107 946 1318 986 horarum
1328 948 1521 996 partibus
1532 949 1577 985 in
1589 950 1766 985 remotis
1776 947 2027 985 Horizonti-

387 1002 468 1039 bus
484 1013 510 1039 a
526 1001 702 1039 diuersis
716 1000 1078 1039 Obseruatoribus
1093 1001 1339 1048 exploratis,
1356 1000 1631 1039 manifestum
1647 1001 1925 1045 reddidimus,
1944 1000 2027 1039 Co-

387 1061 550 1092 metam
566 1054 685 1092 hunc
701 1066 792 1092 non
808 1054 1034 1092 admittere
1050 1059 1214 1092 tantam
1229 1050 1244 1104 ΙΙ
1255 1054 1517 1098 Parallaxin,
1534 1059 1577 1091 vt
1589 1053 1701 1092 infra
1714 1054 1877 1092 Orbem
1889 1054 2027 1092 Lunae
2056 1063 2116 1094 135

386 1110 478 1146 eius
494 1107 618 1145 fitum
634 1107 761 1151 fu1sse,
778 1107 910 1145 fidem
922 1107 1057 1145 vllam
1072 1112 1304 1151 mereatur,
1321 1107 1390 1146 sed
1407 1109 1551 1155 potius
1567 1107 1694 1155 longe
1711 1107 1838 1154 supra
1854 1107 1971 1145 hunc
1983 1109 2028 1145 in

385 1161 474 1208 ipso
490 1160 669 1198 AEthere
691 1161 878 1203 extitisse;
900 1159 1089 1207 Idipsum
1109 1160 1282 1208 insuper
1303 1165 1459 1208 quarta
1480 1160 1624 1198 adhuc
1645 1162 1825 1204 ratione,
1848 1171 1901 1198 ex
1920 1160 2026 1198 Alti-
2069 1175 2098 1200 15

385 1214 619 1257 tudinibus‚
641 1213 904 1257 Azimuthis‚
922 1213 959 1251 8(
976 1213 1356 1252 Declinationibus
1372 1213 1561 1257 diuerfis‚
1583 1212 1794 1251 testificari
1811 1214 2026 1261 aggredie-

385 1279 496 1311 mur,
513 1272 555 1304 vt
571 1269 729 1305 veritas
745 1266 835 1314 ipsa
850 1268 982 1314 varijs
998 1268 1080 1304 viis
1096 1266 1310 1314 inquisita,
1331 1266 1541 1314 siquidem
1557 1266 1612 1304 ad
1629 1278 1766 1304 vnum
1783 1265 1820 1304 8(
1837 1266 2027 1304 eundem

385 1321 590 1358 deueniat
606 1320 794 1367 scopum,
811 1319 1078 1358 manifestius
1095 1319 1315 1358 elucescat.

438 1374 707 1411 Assumentes
723 1375 870 1420 itaque
887 1375 1088 1411 omnium
1104 1375 1246 1420 primo
1262 1373 1600 1412 obseruationes
1611 1373 1865 1411 Altitudinis
1877 1372 1915 1410 8(
1926 1374 2026 1410 Azi-

384 1426 538 1470 muthi‚
556 1438 665 1473 quas
682 1426 750 1464 die
767 1426 894 1464 XXX
911 1426 1179 1464 Nouembris
1195 1425 1309 1465 nacti
1325 1426 1485 1470 sumus,
1508 1438 1608 1464 cum
1625 1426 1768 1464 adhuc
1785 1426 2026 1464 admodum
2064 1440 2097 1466 20

386 1480 478 1518 esset
495 1479 775 1527 conspicuum
793 1479 990 1518 Cometae
1008 1484 1148 1527 caput,
1171 1480 1208 1518 8(
1230 1479 1513 1518 consideratio
1532 1478 1722 1518 exactior
1737 1479 1831 1517 fieri
1846 1484 2026 1527 poterat,

386 1532 678 1580 deprehensus
695 1533 749 1570 est
766 1544 818 1570 eo
835 1533 903 1571 die
916 1532 1114 1577 Cometa,
1131 1532 1242 1571 hora
1253 1534 1289 1572 5.
1307 1533 1370 1571 M.
1383 1533 1434 1571 26
1449 1535 1494 1570 in
1506 1532 1746 1570 Azimutho
1758 1533 1800 1570 P.
1813 1532 1875 1571 53.
1888 1532 1950 1570 M.
1963 1532 2026 1577 40,

387 1586 440 1624 ab
453 1586 605 1624 occasu
617 1585 764 1623 versus
776 1586 1022 1630 Meridiem‚
1039 1585 1207 1624 habens
1219 1586 1521 1630 Altitudinem,
1539 1586 1581 1624 Ρ.
1594 1586 1656 1624 36.
1670 1586 1732 1623 M.
1746 1586 1799 1630 10,
1817 1585 1854 1623 &
1870 1585 2026 1623 deinde

387 1639 514 1677 Hora
535 1639 735 1677 existente
757 1640 792 1677 7.
815 1639 877 1677 M.
897 1640 960 1683 54,
981 1639 1221 1687 interlapsis
1240 1639 1513 1687 sesquitribus
1534 1639 1666 1683 horis,
1687 1641 1834 1677 minus
1855 1638 2026 1676 duobus

384 1692 605 1740 scrupulis,
629 1693 707 1730 fuit
731 1692 922 1730 eiusdem
942 1692 1155 1730 Azimuth
1178 1693 1333 1731 eodem
1356 1693 1489 1731 modo
1512 1692 1554 1730 P.
1574 1693 1626 1731 15.
1650 1692 1713 1730 Μ.
1730 1692 1793 1736 50,
1817 1692 2026 1736 Altitudo,
2065 1706 2098 1731 25

384 1745 426 1783 P.
438 1746 491 1783 19.
505 1745 567 1783 M.
580 1746 616 1789 4,
633 1751 676 1783 vt
692 1745 738 1783 sit
754 1745 999 1784 differentia
1014 1745 1233 1793 Vtriusque
1246 1746 1511 1790 Altitudinis,
1529 1745 1571 1783 P.
1585 1746 1637 1783 17.
1652 1745 1714 1783 M.
1727 1746 1763 1789 6,
1781 1757 1915 1792 quam
1931 1745 2027 1783 dico

384 1798 423 1835 se
446 1810 498 1836 eo
519 1798 652 1836 modo
673 1810 763 1836 non
784 1798 985 1843 habuisse,
1006 1798 1036 1836 fi
1057 1798 1244 1837 Cometa
1263 1798 1333 1836 hic
1354 1801 1552 1846 proxime
1573 1798 1687 1836 infra
1704 1798 1868 1837 Orbem
1889 1798 2026 1836 Lunae

384 1852 585 1889 extitisset.
604 1852 722 1889 Nam
738 1854 1007 1899 inquirentes
1023 1854 1215 1899 primurn
1227 1864 1280 1890 ex
1292 1852 1390 1890 solis
1401 1851 1651 1890 Azimuthis
1664 1852 1701 1889 8(
1713 1851 2026 1889 Declinationi-

384 1905 464 1942 bus
481 1904 782 1948 Altitudinem,
802 1916 937 1952 quam
954 1905 1140 1943 Cometa
1155 1911 1338 1952 vtroque
1354 1911 1550 1952 tempore
1566 1907 1612 1942 in
1629 1916 1680 1942 eo
1697 1904 1938 1942 Azimutho
1955 1904 2026 1942 ob-

384 1959 520 1994 tinere
537 1957 748 2001 debuisset,
766 1957 1042 1996 conferemus
1058 1970 1157 1996 eam
1174 1970 1274 1996 cum
1290 1958 1432 1996 nostra
1449 1958 1777 2000 Obseruatione‚
1800 1957 1837 1995 8(
1859 1969 1959 1995 cum
1974 1959 2026 1995 iis
2065 1971 2098 1996 30

386 2021 495 2057 quas
520 2010 737 2055 habuisset‚
761 2010 789 2048 fi
812 2013 1010 2058 proxime
1033 2011 1147 2050 infra
1170 2014 1488 2050 concauitatem
1513 2011 1641 2050 Orbis
1665 2011 1803 2049 Lunae
1827 2011 2026 2048 extitisset.

386 2062 608 2110 Descripta
633 2066 779 2110 itaque
805 2064 1008 2111 sequente
1034 2064 1322 2112 Figuratione,
1353 2065 1425 2103 vbi
1451 2064 1612 2102 HABI
1637 2064 1940 2102 Meridianum
1964 2075 2026 2101 re-

385 2116 625 2163 praesentat‚
643 2117 687 2153 H
697 2116 794 2154 EFI
812 2117 1116 2161 Horizontem,
1134 2120 1258 2156 cuius
1275 2118 1405 2156 Polus
1421 2117 1467 2156 sit
1478 2118 1531 2161 A,
1549 2117 1679 2155 Polus
1690 2129 1795 2155 vero
1808 2117 1967 2154 Mundi
1980 2117 2026 2161 B,

385 2168 733 2216 descendantque
754 2181 829 2216 per
849 2170 995 2208 locum
1016 2176 1248 2218 vtrumque
1270 2170 1468 2209 Cometae
1490 2173 1535 2208 in
1556 2170 1592 2208 C
1615 2170 1652 2207 8(
1673 2170 1727 2213 D,
1749 2169 2028 2216 Quadrantes

386 2222 679 2260 Altitudinum
696 2222 818 2260 ACE
841 2222 877 2260 8(
898 2223 1040 2267 ADF.
1062 2223 1336 2262 manifestum
1358 2223 1424 2267 est,
1447 2224 1564 2270 quod
1585 2222 1825 2260 Azimutha
1845 2228 2027 2269 vtraque
2066 2236 2098 2261 35

386 2274 462 2312 sint
488 2275 521 2312 E
547 2274 584 2312 &
610 2275 653 2317 F,
681 2275 1040 2313 Declinationum
1066 2277 1387 2325 complementa
1412 2276 1490 2315 CB
1517 2276 1555 2314 8(
1581 2276 1677 2320 DB,
1704 2287 1756 2313 ex
1782 2276 1939 2322 quibus
1965 2278 2027 2313 in-

386 2327 603 2365 notescent
625 2328 704 2366 CE
726 2327 763 2365 8(
785 2328 865 2365 DF
881 2329 1158 2374 Altitudines‚
1183 2341 1283 2367 cum
1306 2330 1391 2367 suis
1414 2329 1679 2367 differentiis.
1702 2328 1818 2366 Cum
1842 2330 1959 2365 enim
1982 2330 2027 2366 in

385 2380 624 2428 Triangulo
637 2380 767 2425 ΑΒΕ,
783 2381 916 2419 Latus
927 2382 1004 2420 AB
1017 2382 1062 2419 sit
1075 2383 1446 2430 complementum
1457 2382 1711 2420 Altitudinis
1724 2381 1828 2425 Poli,
1845 2387 1951 2428 part.
1965 2381 2026 2419 34.

386 2433 449 2471 M.
471 2434 507 2476 7,
532 2434 610 2472 BC
634 2433 679 2471 sit
703 2434 1074 2481 complementum
1097 2436 1400 2473 declinationis
1421 2435 1619 2474 Cometae
1643 2434 1751 2480 (erat
1772 2440 1919 2472 autem
1941 2434 2026 2472 De-

387 2486 564 2524 clinatio
586 2498 638 2524 ex
659 2487 950 2534 superioribus
970 2487 1046 2525 suo
1067 2488 1164 2526 loco
1184 2490 1378 2532 inuenta,
1400 2488 1527 2526 Hora
1543 2489 1578 2525 5.
1600 2489 1703 2524 min.
1721 2487 1783 2530 26,
1806 2488 1847 2525 P.
1865 2488 1900 2525 7.
1923 2487 1985 2524 M.
2003 2487 2027 2524 8
2065 2500 2098 2524 40

1872 2541 2025 2584 Borea,
