2209 3213
386 214 452 251 136
878 209 961 247 DE
983 208 1211 247 MUNDI
1232 207 1534 246 AETHEREI

384 320 543 366 plicare
561 319 719 354 nititur.
738 316 964 358 Praeterea,
982 315 1078 352 licet
1094 314 1357 351 concedatur
1369 314 1519 361 aliqua
1531 318 1646 351 certa
1657 316 1826 352 ratione
1839 315 2026 352 caudam

384 373 565 413 moueri,
578 370 768 415 sequitur
778 374 938 411 tamen,
952 379 1052 404 cum
1064 368 1226 410 ardeat,
1238 366 1451 414 ipfiusque
1463 366 1637 404 incensa
1646 366 1691 404 fit
1700 369 1895 411 materia,
1908 368 2026 414 quod

384 436 473 461 non
490 425 648 465 minus,
666 433 800 468 quam
817 423 926 468 ignis
939 420 976 458 8(
989 422 1140 458 omnia
1157 431 1257 467 quae
1273 419 1501 457 flammam
1517 420 1663 463 edunt,
1681 420 1750 457 vel
1766 420 1856 467 ipso
1867 420 2025 458 Aristo-

383 477 464 514 tele
487 476 597 518 teste,
622 475 851 512 necessario
873 473 910 510 &
931 472 1187 511 naturaliter
1209 472 1373 510 sursum
1396 472 1575 517 feratur;
1598 473 1835 520 praesertim
1856 485 1956 511 curn
1979 473 2026 511 fit

383 530 523 567 leuior
539 530 765 574 rariorque
778 527 976 564 Cometae
992 537 1109 573 pars;
1126 526 1240 563 vnde
1252 537 1279 563 a
1291 525 1446 573 Capite
1462 525 1552 573 ipso
1564 526 1723 573 vbique
1739 526 1904 564 sursum
1919 526 2024 570 tolli,

382 580 571 629 respectu
588 580 815 627 meditullij
829 579 990 623 Terrae,
1007 578 1125 626 quod
1138 579 1193 616 est
1204 581 1429 626 grauitatis
1441 584 1652 622 centrum,
1669 581 1714 616 in
1725 579 1908 617 modum
1919 579 2025 617 leui-

382 637 468 673 oris
481 635 686 677 flammae,
699 632 1041 670 consentaneum
1053 634 1142 669 erit.
1155 632 1209 669 Vt
1221 632 1276 669 ob
1289 632 1331 670 id
1343 630 1600 670 doc‘tissimus
1612 632 1683 669 ille
1697 631 2027 670 Germanorum

383 688 736 730 Mathematicus,
762 685 983 723 Iohannes
1004 685 1056 723 de
1078 685 1234 722 Monte
1256 684 1401 732 Regio,
1425 687 1471 722 in
1493 685 1640 723 libello
1662 696 1794 732 quern
1816 685 2027 732 superiori

382 746 507 779 aetate
525 741 576 778 de
594 740 880 777 Cometarum
897 737 1239 776 dimenfionibus
1259 738 1574 785 publicandum
1594 737 1781 785 reliquit,
1802 738 2027 786 persuasus

381 794 463 831 hac
480 792 735 830 Aristotelea
756 792 991 839 Opinione,
1013 791 1131 838 quod
1153 791 1352 829 Cometae
1372 793 1418 828 in
1438 791 1649 838 superiori
1668 796 1789 838 parte
1805 792 1933 829 Aeris
1955 803 2024 829 ex-

381 846 661 890 ardescerent,
679 845 905 883 crediderit
921 845 1110 882 caudam
1125 844 1318 891 ipsorum
1333 855 1424 882 non
1440 843 1613 882 differre
1629 844 1956 882 substantialiter
1971 845 2025 883 ab

381 900 470 947 ipso
488 910 680 946 corpore,
697 898 847 936 saltem
862 899 1110 935 tenuiorem
1126 897 1428 944 lenioremque
1445 897 1633 941 existere,
1653 898 1840 944 ideoque
1856 899 2025 936 ratione

381 955 579 997 raritatiS,
600 952 806 989 remissius
826 951 984 994 lucere,
1005 951 1194 988 leuitatis
1214 962 1319 988 vero
1336 947 1350 1000 ΙΙ
1367 950 1630 998 ardorisque,
1652 950 1817 988 sursum
1833 951 2023 995 tendere,

381 1007 511 1053 idque
533 1017 609 1053 per
626 1006 808 1043 Lineam
828 1003 1001 1048 rafiam,
1023 1016 1050 1042 a
1071 1009 1218 1042 centro
1235 1004 1396 1041 Mundi
1411 1003 1499 1041 fiue
1515 1003 1676 1047 Terrae,
1696 1015 1773 1051 per
1793 1009 1922 1051 caput
1938 1003 2022 1042 Co-

381 1065 509 1097 rnetae
530 1059 585 1096 ad
607 1058 759 1096 caudae
781 1059 1098 1095 extremitatem
1119 1055 1361 1100 dedudtam,
1382 1062 1426 1094 vt
1446 1057 1588 1095 cauda
1609 1056 1698 1105 ipsa
1722 1056 1879 1101 existat,
1903 1057 2023 1104 quafi

381 1115 474 1150 axis
501 1112 616 1150 Coni
641 1111 777 1149 furnei
802 1110 1036 1158 flagrantis.
1068 1110 1260 1157 Ideoque
1286 1121 1378 1148 non
1403 1110 1617 1148 dubitauit
1645 1109 2023 1157 perspicacissimus

381 1166 490 1203 alias
506 1168 583 1208 vir,
600 1164 669 1202 sed
686 1164 924 1202 Aristotelis
936 1163 1204 1201 Authoritati
1220 1165 1364 1211 potius
1381 1175 1516 1210 quam
1527 1163 1818 1210 Experientiae
1834 1165 2023 1210 propriae

385 1218 582 1262 confisus,
599 1220 790 1256 rationes
802 1217 1035 1260 ostendere,
1052 1217 1277 1264 quomodo
1293 1217 1446 1254 caudae
1462 1216 1701 1264 longitudo,
1717 1216 2024 1264 praesuppofita

384 1272 467 1310 hac
488 1274 581 1309 eius
598 1282 624 1309 a
640 1272 790 1318 capite,
812 1268 1003 1317 respectu
1024 1272 1158 1308 centri
1173 1269 1334 1314 Terrae,
1355 1268 1652 1317 productione,
1676 1269 1942 1307 dimetienda
1960 1269 2023 1313 fit;

384 1325 609 1372 Siquidem
624 1336 651 1362 a
666 1324 792 1361 nobis
808 1326 853 1361 in
870 1322 1093 1371 superficie
1108 1322 1256 1361 Terrae
1272 1323 1429 1371 positis,
1448 1323 1589 1361 cauda
1605 1334 1697 1360 non
1711 1324 1757 1360 in
1773 1321 1982 1361 directum
1998 1334 2025 1360 a

384 1380 522 1426 capite
545 1377 709 1415 sursum
731 1376 832 1414 ferri
854 1377 1086 1420 videretur,
1112 1375 1182 1414 sed
1204 1378 1250 1414 in
1273 1375 1502 1423 obliquum
1524 1377 1669 1423 potius
1692 1375 1922 1419 declinare,
1948 1387 2025 1423 per

384 1431 610 1479 Angulum
629 1430 840 1468 visualem
861 1430 1301 1473 animaduerteretur;
1323 1440 1512 1476 cumque
1527 1428 1730 1476 Angulus
1750 1428 1822 1467 ille
1842 1440 1919 1476 per
1938 1428 2024 1467 Ob-

383 1484 675 1522 seruationem
695 1482 888 1521 constare
907 1483 1037 1530 possit,
1059 1482 1098 1520 8(
1117 1482 1357 1520 Parallaxis
1379 1482 1577 1521 Cometae
1598 1483 1847 1526 innotuerit,
1871 1482 2024 1520 caudae

384 1537 629 1585 Longitudo
646 1542 736 1575 erat
752 1536 919 1580 dabilis,
935 1541 979 1574 vt
994 1535 1268 1574 Problemate
1284 1535 1454 1574 decimo
1471 1537 1624 1582 quinto
1641 1537 1734 1573 eius
1750 1534 1896 1579 libelli,
1913 1533 2025 1573 recte

384 1591 561 1638 quidem
572 1590 861 1633 Geometrice,
873 1589 944 1627 sed
956 1600 1009 1627 ex
1020 1588 1133 1627 falfis
1144 1588 1473 1637 praesuppofitis,
1485 1588 1858 1636 Regiomontanus
1869 1588 2025 1626 astrue-

382 1644 466 1682 bat.
484 1644 600 1682 Cum
617 1645 735 1681 enim
751 1645 796 1681 in
812 1642 896 1680 hoc
909 1642 1096 1680 Cometa
1107 1653 1133 1680 a
1144 1642 1270 1680 nobis
1282 1641 1525 1680 luculenter
1536 1641 1575 1680 8(
1586 1640 1757 1679 ἱωιίὲἱίε
1769 1641 2025 1679 Rationibus

383 1697 739 1735 Demonstratum
758 1695 816 1739 fit,
838 1695 984 1743 Caput
1004 1695 1134 1743 ipfius
1154 1697 1201 1733 in
1215 1695 1425 1733 AEtherea
1441 1695 1632 1742 Regione
1652 1694 1781 1742 longe
1798 1694 1926 1742 supra
1941 1694 2024 1732 Lu-

383 1762 488 1788 nam
499 1755 668 1788 motum
679 1749 806 1787 suum
817 1748 1049 1792 absoluisse,
1064 1748 1102 1786 8(
1115 1750 1297 1786 minime
1309 1748 1598 1786 Elementaris
1608 1747 1794 1786 alicuius
1805 1747 2025 1795 qualitatis

384 1805 597 1850 particeps
608 1802 735 1846 fuisse,
753 1801 1094 1840 consentaneum
1106 1801 1233 1839 erit&
1246 1801 1433 1839 caudam
1444 1800 1580 1848 ipsam
1591 1802 1638 1838 in
1648 1800 1828 1838 AEthere
1840 1801 2024 1845 extitisse,

384 1856 593 1903 siquidem
610 1867 662 1893 ea
678 1857 878 1893 cominus
890 1855 1034 1902 Capiti
1050 1854 1240 1893 adhaefit.
1258 1854 1408 1901 Quare
1424 1854 1511 1892 alia
1528 1856 1607 1892 erit
1617 1855 1728 1892 ratio
1739 1853 2025 1902 protensionis

386 1911 490 1952 eius,
508 1920 643 1956 quam
659 1920 759 1955 quae
773 1910 858 1956 peti
870 1908 999 1955 possit,
1017 1919 1070 1945 ex
1085 1907 1400 1951 sublunarium,
1417 1907 1774 1951 Elementarium,
1790 1917 2025 1954 rerumque

386 1974 439 1999 ex
455 1964 506 2009 ijs
524 1961 809 1999 constantium
821 1962 1014 2005 Naturis,
1031 1959 1435 2008 affedtionibusque;
1452 1972 1532 1999 nec
1548 1960 1728 2004 ardoris,
1744 1960 1814 1998 vel
1825 1961 2024 2003 raritatis,

386 2015 639 2057 leuitatisue,
661 2026 761 2061 quae
782 2016 933 2052 omnia
953 2013 1066 2052 infra
1082 2014 1268 2058 Lunam,
1290 2019 1487 2052 centrum
1506 2015 1732 2061 grauitatis
1751 2013 1933 2061 fugiunt,
1954 2012 2026 2051 hic

387 2070 496 2106 ratio
513 2068 662 2114 aliqua
677 2067 828 2105 haberi
844 2069 1010 2115 poterit.

440 2121 681 2158 Extiterunt
696 2122 843 2167 itaque
859 2122 991 2158 etiarn
1007 2125 1107 2158 ante
1123 2119 1362 2158 Aristotelis
1376 2125 1587 2167 tempora,
1604 2119 1784 2167 quidam
1800 2130 1854 2157 ex
1869 2120 1933 2167 ijs,
1950 2120 2026 2166 qui

387 2174 595 2212 Cometas
620 2173 774 2211 Stellas
804 2174 879 2211 esse
908 2173 1069 2211 Mundi
1093 2172 1291 2211 AEtherei
1320 2173 1607 2216 crediderunt,
1637 2173 1862 2210 asserentes
1891 2171 2027 2210 aliam

387 2227 612 2274 quandam
635 2227 787 2264 caudae
810 2228 1038 2270 rationem,
1063 2226 1181 2273 quod
1203 2226 1402 2264 videlicet
1424 2226 1495 2264 hae
1515 2225 1673 2269 Stenae,
1696 2237 1788 2263 non
1810 2236 1864 2263 ex
1885 2224 2026 2272 seipfis

388 2282 552 2317 crinem
572 2279 697 2317 illum
716 2278 939 2323 haberent,
960 2279 1030 2317 sed
1051 2291 1127 2326 per
1147 2280 1348 2317 accidens
1368 2278 1475 2322 fieri,
1495 2284 1624 2326 prout
1641 2283 1878 2316 mouentur
1897 2277 2026 2315 bene-

387 2333 486 2370 ficio
502 2333 700 2370 humoris
717 2343 849 2379 quem
865 2331 1100 2375 attrahunt,
1121 2337 1165 2370 vt
1181 2332 1235 2370 ab
1252 2331 1422 2379 aspectu
1438 2331 1593 2376 nostro,
1614 2331 1825 2369 relatione
1843 2329 1956 2369 facta
1971 2330 2027 2369 ad

388 2386 546 2429 Solem,
570 2385 689 2432 quafi
709 2397 785 2432 per
806 2384 1125 2423 Refrafflonem
1146 2385 1382 2432 quandam,
1407 2385 1594 2423 caudam
1614 2384 1736 2422 illam
1755 2385 2025 2431 progignant,

387 2439 505 2476 velut
520 2438 606 2485 ipse
618 2438 866 2475 Aristoteles
882 2438 935 2475 de
952 2437 1317 2476 HIPPOCRATE
1335 2437 1498 2481 CHIO,
1515 2436 1691 2484 eiusque
1707 2437 1905 2475 auditore
1917 2436 2026 2474 Filio

387 2491 695 2534 AESCHYLO,
722 2490 829 2538 Cap.
851 2491 922 2529 VI.
947 2491 1038 2529 Lib.
1065 2491 1094 2529 Ι.
1125 2490 1457 2539 Meteorologiae
1482 2495 1809 2533 commemorat,
1837 2500 2027 2538 quorum

1865 2548 2025 2586 tamen,

2067 804 2097 829 10

2052 957 2113 989 160

2064 1070 2094 1095 15

2061 1334 2096 1360 20

2062 1600 2096 1625 25

2062 1864 2097 1891 30

2062 2130 2097 2157 35

2063 2395 2098 2421 40

2063 2492 2084 2524 ,s
