2209 3213
116 817 146 842 10

113 1083 143 1108 15

110 1348 143 1374 20

108 1669 141 1694 25

103 1715 146 1747 29

108 1934 141 1960 30

108 2201 141 2226 35

108 2467 142 2492 40

508 221 1029 260 RECENTIORIBUS
1050 221 1508 259 PHAENOMENIS
1790 221 1830 258 31

188 329 491 366 declinationis
498 328 707 371 Vulturis,
719 328 769 366 82
780 328 834 366 G.
847 328 871 366 8
881 329 943 365 M.
958 328 995 365 8(
1008 328 1139 365 Latus
1425 350 1481 402 A

187 382 283 425 AB,
305 393 328 419 e
349 381 670 428 complemento
687 381 880 419 Stellulae
901 383 946 418 in
966 380 1138 428 pediore

186 435 401 482 Pegafi‚67
409 434 523 472 G.34
531 434 593 472 M.
606 434 655 471 Et
663 436 767 481 quia
775 435 850 472 BC
859 435 1138 481 intercapedo

186 488 419 526 Stellarum
431 488 485 525 ab
497 489 689 525 inuicem
701 488 802 525 data
814 487 880 532 est,
894 488 943 525 45
955 487 1009 525 G.
1023 487 1063 524 31
1075 488 1137 525 M.

186 552 277 578 non
292 540 440 579 latebit
455 552 532 588 per
543 540 884 588 Triangulorum
896 540 1138 588 Sphaerico-

185 605 283 631 rum
299 596 503 638 rationes,
521 605 621 631 cum
633 595 783 631 omnia
794 596 876 631 tria
886 593 1023 631 latera
1034 599 1139 631 nota

184 647 274 691 fint,
291 647 493 695 Angulus
510 649 585 693 qui
602 646 656 684 est
672 647 727 684 ad
743 647 796 689 Α,
815 658 947 693 quem
963 649 1138 684 metitur

184 700 326 738 Arcus
351 700 392 738 D
403 700 449 744 E,
475 699 767 738 differentiam
792 699 1065 737 Ascenfionis
1091 700 1136 737 R.

183 753 402 800 vtriusque
413 753 558 791 Stellae
569 753 792 791 exhibens.
806 753 963 790 Inueni
976 758 1136 796 autem,
1169 774 1205 817 Β

182 805 356 854 peracta
365 808 632 854 operatione,
643 806 761 844 hunc
770 806 997 853 Angulum
1008 806 1062 844 G.
1071 806 1133 843 44.

183 859 246 897 M.
263 860 326 897 55.
348 859 539 906 Ideoque
561 871 662 897 cum
677 859 878 897 Ascenfio
900 857 1015 896 recta
1030 858 1133 896 Vul-

182 914 288 950 turis
298 912 455 957 Stellae,
465 914 585 960 prius
594 912 640 950 fit
649 912 969 960 praesuppofita‚
978 911 1033 950 G.
1044 912 1132 949 292.
1797 903 1829 950 C

182 966 245 1003 M.
258 966 320 1010 35,
338 966 484 1004 addito
496 965 580 1003 hoc
592 977 697 1004 arcu
709 965 780 1012 (eo
792 965 910 1013 quod
921 964 1017 1003 haec
1029 964 1133 1003 Stel·
1152 971 1197 1010 D
1641 1018 1645 1020 .
1793 992 1829 1034 E

180 1018 272 1057 lula
288 1018 471 1057 Vulture
488 1018 542 1056 est
560 1021 606 1056 in
623 1018 979 1066 consequentiam
999 1018 1133 1066 signo-

181 1084 279 1110 rum
295 1072 488 1118 vlterior)
508 1074 711 1119 prouenit
726 1071 928 1109 Ascenfio
946 1070 1075 1109 Recta
1095 1071 1228 1108 huius
1249 1072 1480 1109 minutulae
1497 1072 1655 1117 Stellae,
1677 1073 1719 1111 P.
1737 1073 1826 1112 337.

181 1125 244 1163 M.
262 1125 324 1170 30,
345 1137 422 1172 per
438 1137 584 1172 quam,
606 1124 802 1163 adhibita
818 1122 1033 1162 antedicta
1050 1124 1353 1169 declinatione,
1376 1124 1404 1162 fi
1426 1125 1580 1163 eadem
1598 1126 1826 1169 Methodo,

181 1190 269 1225 qua
284 1180 330 1216 in
345 1178 692 1225 praecedentibus
707 1178 766 1215 vfi
782 1178 930 1216 sumus
948 1177 1099 1224 (quam
1115 1177 1186 1215 hic
1204 1178 1351 1215 denuo
1364 1184 1557 1225 repetere
1569 1178 1826 1226 superuaca-

180 1243 315 1269 neum
327 1232 365 1269 &
376 1231 604 1269 taediosum
615 1231 826 1277 iudicaui)
840 1231 1053 1279 processus
1064 1230 1319 1275 instituatur,
1336 1233 1616 1270 inueniemus
1629 1235 1722 1270 eius
1734 1233 1827 1270 lon-

180 1285 432 1332 gitudinem,
444 1286 490 1322 in
502 1285 544 1322 P.
554 1284 607 1323 18.
618 1285 681 1322 M.
693 1284 765 1324 36}
782 1287 818 1329 )(
829 1315 837 1329 ,
850 1296 951 1322 cum
962 1284 1190 1322 latitudine
1202 1284 1253 1322 29
1264 1284 1319 1323 G.
1329 1285 1403 1324 24}
1415 1285 1526 1323 Min.
1540 1286 1694 1329 Borea,
1708 1287 1826 1333 quod

180 1340 400 1386 inquirere
416 1338 735 1386 proposuimus.

558 1435 844 1474 FIDICULA
865 1435 995 1474 SIUE
1017 1435 1247 1473 LUCIDA
1268 1435 1448 1474 LYRAE.

265 1497 352 1536 TSI
373 1497 469 1536 haec
485 1497 618 1536 Stella
634 1510 725 1536 non
741 1498 853 1535 adeo
870 1498 1070 1536 crebrum
1086 1497 1208 1535 vsum
1226 1497 1357 1536 habet
1373 1500 1418 1535 in
1436 1498 1825 1537 Obseruationibus

283 1551 416 1589 huius
433 1551 644 1595 Cometae,
665 1551 875 1598 liquidem
892 1553 986 1589 eius
1001 1552 1167 1588 mentio
1187 1550 1337 1588 saltem
1353 1553 1481 1589 vnico
1498 1552 1567 1590 die
1588 1552 1645 1596 fit,
1668 1552 1825 1590 nihilo-

179 1606 326 1642 minus
342 1616 442 1642 cum
459 1604 504 1642 fit
520 1604 631 1642 adeo
647 1604 805 1642 illustre
822 1604 962 1648 Sidus,
980 1604 1018 1641 8(
1034 1616 1126 1641 non
1141 1604 1291 1642 saltem
1308 1616 1394 1649 eas,
1416 1617 1516 1652 quae
1533 1606 1715 1653 reliquae
1731 1606 1826 1644 sunt

178 1659 224 1695 in
241 1657 407 1705 Orphei
423 1658 548 1706 Lyra,
570 1660 867 1705 praeemineat,
888 1657 959 1695 sed
979 1657 1068 1695 fere
1089 1669 1255 1701 omnes,
1278 1669 1378 1705 quae
1399 1660 1444 1695 in
1465 1664 1555 1696 toto
1573 1659 1702 1697 Coelo
1724 1671 1824 1697 con-

178 1710 415 1758 spiciuntur
431 1710 599 1755 affixas,
616 1711 796 1748 luminis
812 1710 991 1758 fulgore,
1009 1710 1047 1748 8(
1063 1711 1261 1748 radiante
1279 1711 1472 1750 claritate
1489 1708 1503 1762 ΙΙ
1521 1718 1740 1760 exuperet,
1762 1713 1825 1750 lu-

177 1764 248 1802 bet
264 1766 396 1802 etiam
412 1764 534 1802 illam
550 1764 767 1812 prioribus
783 1765 1033 1811 adiungere,
1053 1769 1096 1801 vt
1114 1776 1326 1802 numerus
1347 1764 1549 1810 fixarum,
1571 1777 1759 1813 quarum
1780 1768 1825 1803 in

178 1816 262 1855 hoc
279 1817 466 1856 Cometa
481 1817 579 1855 vsus
595 1819 840 1865 requiritur,
858 1817 1181 1855 duodenarium
1198 1818 1447 1865 adimpleat,
1464 1824 1595 1866 vtque
1613 1822 1657 1856 in
1674 1819 1825 1857 admo-

179 1870 284 1908 dum
300 1870 512 1918 praeelara
527 1873 681 1918 primae
697 1871 1010 1918 magnitudinis
1023 1870 1155 1909 Stella
1172 1870 1430 1916 desinamus,
1449 1872 1826 1919 quemadmodum

179 1926 310 1962 etiam
331 1926 377 1961 in
398 1924 608 1962 consimili
628 1924 834 1972 dignitate
851 1924 1046 1971 praedita,
1067 1924 1164 1962 licet
1180 1935 1271 1961 non
1288 1924 1399 1962 adeo
1416 1925 1582 1963 lumine
1600 1926 1638 1963 8(
1654 1928 1824 1973 quanti-

177 1982 263 2015 tate
285 1977 519 2025 effulgenti,
541 1977 655 2015 hanc
673 1977 1015 2015 distributionem
1030 1977 1354 2015 inchoauimus.
1377 1978 1446 2016 Ne
1462 1980 1610 2026 itaque
1626 1979 1824 2026 pluribus

178 2042 270 2068 rem
287 2030 499 2075 differam,
515 2031 673 2069 lucidae
685 2031 811 2079 Lyrae
828 2030 1130 2075 dimensiones,
1147 2033 1269 2069 iuxta
1284 2033 1483 2078 proxime
1495 2032 1826 2070 antecedentem

177 2085 467 2132 pragmatiam
482 2084 522 2122 se
538 2083 701 2122 habent
717 2086 762 2121 in
778 2084 896 2122 hunc
912 2084 1111 2122 modum:

232 2137 491 2175 Distantiam
506 2137 636 2184 ipsius
652 2149 678 2175 a
695 2137 851 2175 Scheat
867 2137 1012 2185 Pegafi
1028 2142 1230 2184 expertus
1246 2137 1351 2182 sum,
1369 2138 1411 2176 P.
1429 2139 1491 2177 55.
1510 2139 1572 2176 Μ.
1590 2139 1675 2183 3Οξ-,
1696 2139 1823 2177 decli-

179 2192 357 2228 natione
374 2193 468 2228 eius
483 2202 571 2228 vna
587 2196 769 2238 reperta,
787 2190 829 2228 P.
847 2190 909 2228 38.
927 2190 990 2228 M.
1007 2190 1058 2228 26
1073 2190 1219 2228 borea.
1238 2191 1360 2229 Hinc
1377 2203 1430 2229 ex
1447 2192 1548 2230 data
1563 2192 1824 2230 Ascenfione

178 2241 308 2281 Rec‘ta
324 2244 454 2291 ipfius
470 2243 639 2288 Scheat,
656 2249 785 2291 prout
801 2246 920 2291 prius
937 2244 1244 2288 iudicauimus,
1261 2244 1304 2282 P.
1317 2244 1406 2282 340.
1424 2245 1487 2283 M.
1500 2246 1563 2289 52,
1581 2245 1619 2283 8(
1635 2245 1823 2283 declina-

177 2298 296 2334 tione
313 2297 504 2335 eiusdem
520 2297 562 2335 P.
579 2297 642 2335 25.
661 2297 723 2334 Μ.
741 2297 804 2341 50,
825 2298 1029 2344 prouenit
1049 2299 1170 2334 iuxta
1190 2302 1389 2335 tenorem
1409 2299 1704 2336 antecedentis
1723 2310 1823 2346 ope-

178 2351 372 2394 rationis,
393 2350 596 2398 Angulus
612 2350 869 2388 differentiae
885 2350 1200 2394 ascenfionahs,
1221 2351 1264 2388 P.
1282 2351 1343 2389 65.
1362 2351 1424 2389 M.
1443 2352 1518 2391 1325.
1541 2352 1732 2399 Ideoque
1748 2352 1823 2389 As-

179 2402 320 2440 cenfio
340 2401 455 2441 recta
475 2403 601 2451 Lyrae
623 2404 782 2447 euadit,
806 2404 848 2441 P.
870 2403 959 2442 275.
982 2403 1045 2441 M.
1066 2403 1152 2447 384,
1176 2404 1334 2450 quibus
1357 2404 1575 2443 reseruata
1596 2407 1715 2452 prius
1736 2405 1822 2442 assi-

178 2460 309 2503 gnata
329 2456 632 2501 declinatione,
656 2461 700 2494 vt
720 2457 821 2501 dixi,
845 2457 888 2494 P.
909 2457 972 2494 38.
994 2457 1057 2494 M.
1079 2457 1142 2500 26,
1166 2456 1394 2504 respondet
1414 2460 1583 2495 ratione
1605 2458 1823 2505 Eclipticae

178 2508 404 2557 longitudo
426 2512 473 2547 in
495 2510 538 2548 P.
559 2510 595 2548 9.
617 2510 687 2548 M:
699 2510 751 2548 20
775 2516 815 2551 z.
844 2521 944 2547 cum
967 2509 1196 2548 latitudine
1219 2510 1261 2548 P.
1283 2511 1337 2548 61.
1360 2511 1422 2548 M.
1444 2511 1494 2549 43
1518 2511 1663 2554 borea,
1691 2511 1823 2558 idque

1703 2566 1826 2602 iuxta
