2209 3213
368 197 434 234 144
862 192 946 230 DE
968 190 1194 230 MUNDI
1215 190 1517 231 AETHEREI

367 303 459 345 AC,
483 303 523 338 Ρ.
542 302 603 339 77.
622 300 683 337 M.
702 300 764 341 44,
786 298 988 345 Angulus
1005 298 1152 341 HAC,
1174 297 1216 334 P.
1234 297 1287 335 81.
1306 297 1369 335 M.
1387 297 1448 335 39.
1472 297 1663 344 Ideoque
1680 298 1813 336 Latus
1829 298 1920 337 HC
1937 299 2009 336 da-

367 357 490 397 bitur,
509 355 549 391 Ρ.
563 354 616 391 81.
631 353 693 389 Μ.
707 353 769 395 22,
788 351 825 388 8(
841 351 1043 398 Angulus
1059 351 1213 394 AHC,
1230 351 1272 388 P.
1286 351 1348 389 77.
1364 350 1427 388 M.
1440 350 1502 389 56.
1521 350 1693 388 Deinde
1709 353 1755 388 in
1770 351 2009 399 Triangulo

368 408 522 451 DHK,
545 419 597 444 ex
613 405 789 452 Angulo
807 404 962 447 DHK,
985 406 1060 451 qui
1080 404 1163 441 hac
1184 406 1353 441 ratione
1374 405 1524 450 patuit,
1542 403 1579 441 &
1596 404 1748 442 Latere
1770 404 1875 449 HK,
1897 405 2009 443 Lati-

366 462 526 498 tudinis
547 463 587 502 Q,
605 470 695 495 non
713 457 981 505 ignorabitur
997 457 1199 504 Angulus
1216 456 1373 501 HDK,
1390 456 1432 494 P.
1446 456 1499 494 12.
1516 457 1578 494 M.
1591 457 1645 500 16,
1663 459 1738 504 qui
1754 457 1809 495 est
1825 457 2010 496 Inclina-

366 516 495 551 tionis
516 514 666 558 capitis
688 511 885 549 Cometae
908 510 946 547 8(
962 510 1144 547 Veneris
1165 510 1220 548 ad
1242 509 1508 556 Eclipticam,
1530 521 1621 547 non
1642 509 1847 548 differens
1867 511 1922 549 ab
1944 523 2008 556 eo,
2047 525 2063 550 5

367 578 498 613 quem
514 565 611 602 fecit
628 564 768 602 cauda
785 568 1002 610 caputque
1016 563 1214 601 Cometae
1226 563 1281 601 ad
1294 563 1481 600 eandem
1494 563 1759 610 Eclipticam,
1775 563 1853 601 nisi
1865 566 2010 611 quinis

366 619 586 665 scrupulis,
599 620 644 654 in
656 617 739 655 hoc
751 618 925 664 negotio
938 627 1117 653 omnem
1128 615 1297 653 sensum
1309 615 1626 663 effugientibus.
1641 617 1699 654 At
1710 616 1739 654 fi
1751 616 1898 655 Solem
1910 629 2010 655 con·

366 672 568 715 feremus,
593 673 667 717 qui
691 681 743 707 eo
767 670 835 707 die
859 669 1075 716 Horaque
1099 669 1289 713 assumta‚
1312 669 1392 706 fuit
1415 671 1461 706 in
1482 669 1526 707 P.
1547 669 1583 707 3.
1606 669 1669 707 M.
1686 669 1737 707 22
1758 674 1815 714 a,
1840 672 1918 708 erit
1941 670 2009 715 FI,

367 726 408 763 P.
426 725 488 763 40.
507 725 569 762 M.
587 724 650 767 25,
667 722 756 767 FC,
773 722 816 760 P.
829 722 882 760 12.
901 722 963 759 M.
977 723 1030 766 16,
1048 722 1123 766 IC,
1141 722 1182 760 P.
1195 723 1248 760 41.
1268 722 1330 759 Μ.
1343 722 1428 762 563.
1446 721 1596 768 Quare
1607 723 1809 770 Angulus
1826 723 2009 762 Inclina-

366 781 508 822 tionis,
530 778 572 815 P.
590 777 642 815 18.
661 776 724 814 M.
741 776 804 814 32.
826 775 915 821 Qui
931 776 978 815 5}
993 776 1187 823 partibus
1202 777 1345 813 maior
1361 774 1416 813 est
1433 787 1497 819 eo,
1520 787 1651 823 quem
1668 775 1809 814 cauda
1825 788 1926 814 cum
1942 788 2009 815 ca—
2051 789 2082 815 10

366 834 451 879 pite
467 831 565 869 fecit
581 830 635 868 ad
649 829 914 876 Eclipticam,
930 829 1045 867 vnde
1061 840 1153 867 non
1165 828 1239 867 Sol
1250 828 1320 866 [ed
1339 831 1366 872 Q
1384 828 1464 866 fuit
1474 830 1520 866 in
1532 828 1688 867 eodem
1699 840 1800 867 cum
1812 829 2010 868 Cometae

367 885 507 923 cauda
524 883 701 922 Circulo
717 894 891 930 magno.

888 979 988 1017 DIE
1009 979 1105 1017 XX.
1127 979 1486 1018 NOVEMBRIS.

454 1044 613 1081 ARBA
628 1043 712 1080 hoc
729 1042 809 1087 die,
827 1053 915 1089 quo
932 1041 987 1079 ad
998 1041 1138 1079 visum
1153 1044 1264 1080 inter
1280 1053 1401 1080 raras
1416 1041 1568 1086 nubes,
1585 1041 1823 1089 apparebat
1833 1053 2009 1090 vergere
2054 1068 2056 1070 ψ

467 1096 613 1134 versus
629 1096 881 1133 inferiorem
893 1094 1072 1133 Stellam
1088 1097 1134 1132 in
1149 1095 1221 1133 ala
1232 1094 1389 1143 Pegafi,
1406 1106 1507 1142 quae
1524 1094 1578 1132 est
1595 1094 1786 1133 eiusdem
1802 1101 2008 1140 extrema,
2050 1107 2080 1133 15

368 1152 572 1197 quamuis
592 1149 688 1187 haec
709 1148 992 1187 confideratio
1013 1160 1105 1186 non
1126 1154 1217 1186 erat
1237 1148 1479 1186 admodum
1500 1147 1721 1195 exquifita‚
1745 1148 1799 1186 ob
1823 1150 2010 1186 rariores

368 1204 443 1250 (vti
455 1204 508 1241 ab
520 1205 643 1240 initio
656 1202 761 1248 dixi)
774 1203 1114 1239 interuenientes
1125 1201 1379 1239 nubeculas.
1392 1201 1489 1239 Fuit
1498 1203 1645 1248 itaque
1656 1201 1901 1249 Longitudo
1912 1201 2008 1246 loci,

366 1256 512 1294 versus
524 1268 655 1303 quem
666 1255 868 1303 vergebat
880 1255 1033 1299 cauda,
1046 1257 1091 1292 in
1103 1255 1145 1292 P.
1159 1254 1194 1292 3.
1207 1255 1270 1292 M.
1283 1255 1335 1292 20
1347 1261 1408 1298 V,
1421 1266 1521 1292 cum
1533 1254 1780 1292 Latitudine
1793 1255 1826 1292 B
1836 1255 1881 1299 E,
1898 1255 1941 1293 P.
1954 1255 2008 1293 12.

367 1310 429 1347 M.
448 1310 509 1353 37,
534 1321 633 1356 quae
657 1309 712 1346 est
734 1308 937 1346 Latitudo
961 1307 1084 1346 didtae
1107 1307 1225 1352 fixae;
1250 1319 1438 1355 cumque
1462 1307 1707 1355 Longitudo
1731 1307 1929 1346 Cometae
1953 1308 2008 1346 ad

366 1363 449 1401 hoc
466 1368 636 1409 tempus
650 1362 777 1399 fuerit
789 1362 831 1399 P.
844 1361 906 1399 26.
920 1361 984 1399 M.
996 1361 1047 1399 59
1063 1366 1087 1401 z
1100 1392 1108 1405 ,
1125 1361 1328 1399 Latitudo
1341 1361 1429 1404 CF,
1447 1361 1489 1398 P.
1502 1361 1555 1399 18.
1569 1360 1632 1398 M.
1645 1361 1698 1404 15,
1715 1360 1795 1399 fuit
1806 1361 2008 1409 Angulus
2045 1373 2080 1399 20

367 1416 501 1459 ΒΑΕ,
523 1416 564 1453 Ρ.
582 1416 644 1453 66.
667 1415 729 1453 M.
747 1415 801 1458 21,
823 1414 956 1452 Latus
973 1414 1070 1458 CA,
1092 1415 1134 1452 P.
1152 1415 1206 1452 71.
1228 1414 1291 1452 M.
1309 1414 1371 1458 45,
1393 1414 1489 1458 AB,
1510 1414 1553 1452 P.
1570 1414 1632 1452 77.
1655 1413 1718 1451 M.
1735 1414 1798 1459 23,
1820 1414 2008 1461 ideoque

366 1469 458 1513 BC,
475 1469 517 1506 P.
535 1469 597 1506 63.
615 1469 678 1506 M.
696 1468 758 1512 40,
776 1468 814 1505 &
829 1467 1032 1515 Angulus
1049 1467 1189 1510 ABC,
1206 1468 1248 1505 P.
1262 1468 1324 1505 75.
1339 1467 1403 1505 M.
1415 1467 1478 1504 40.
1497 1467 1646 1513 Quare
1662 1467 1864 1515 Angulus
1881 1465 2008 1505 BDE

366 1522 666 1560 Inclinationis
682 1522 737 1559 ad
754 1521 1007 1568 Eclipticam
1024 1521 1171 1558 euadit
1183 1517 1197 1570 ΙΙ
1209 1521 1252 1558 Ρ.
1269 1522 1432 1568 integre
1449 1521 1502 1564 19,
1520 1532 1652 1568 quem
1668 1522 1800 1558 etiam
1816 1520 1962 1568 quoad
1978 1523 2004 1564 Q
2035 1527 2091 1559 171

365 1576 556 1619 Stellam,
580 1587 638 1613 an
659 1576 894 1612 conueniat
914 1586 994 1612 nec
1015 1586 1083 1617 ne,
1106 1574 1350 1622 periculum
1371 1573 1594 1617 faciemus,
1616 1575 1741 1611 cuius
1762 1573 2007 1621 Longitudo

365 1629 443 1667 fuit
465 1629 519 1666 ad
540 1628 623 1666 hoc
644 1634 828 1675 tempus,
849 1629 895 1665 in
911 1627 953 1665 P.
970 1627 1033 1665 28.
1051 1627 1114 1665 M.
1131 1627 1154 1664 4
1176 1631 1234 1671 AL,
1255 1627 1471 1670 Latitudo,
1492 1627 1535 1664 P.
1552 1627 1588 1664 2.
1606 1626 1669 1664 M.
1687 1627 1728 1665 18
1749 1627 1907 1671 Borea;
1929 1629 2008 1664 erit
2044 1640 2078 1665 25

364 1688 594 1729 propterea
610 1683 655 1719 in
666 1681 906 1728 Triangulo
919 1680 1066 1724 HAC,
1084 1680 1217 1718 Latus
1228 1681 1336 1724 AH,
1353 1680 1395 1718 P.
1408 1680 1470 1718 87.
1484 1679 1547 1717 M.
1559 1680 1622 1723 42,
1635 1680 1732 1723 CA,
1746 1680 1788 1718 P.
1800 1681 1854 1718 71.
1867 1680 1930 1718 M.
1943 1680 2006 1724 45,

365 1735 566 1783 Angulus
583 1734 730 1778 HAC,
747 1734 789 1771 P.
802 1734 864 1772 88.
879 1734 941 1771 M.
955 1735 1017 1778 55,
1035 1733 1072 1771 8(
1089 1734 1222 1771 Latus
1236 1733 1340 1778 HC,
1357 1733 1504 1771 euadit
1514 1733 1557 1770 P.
1570 1733 1632 1771 88.
1645 1733 1708 1770 M.
1722 1734 1775 1777 15,
1792 1732 2006 1781 Angulus-

366 1801 450 1836 que
463 1788 556 1825 AH
567 1788 615 1832 C,
633 1788 675 1825 P.
688 1788 741 1826 71.
756 1787 818 1825 M.
830 1787 893 1825 48.
912 1787 1103 1834 Ideoque
1119 1789 1166 1824 in
1177 1786 1416 1834 Triangulo
1433 1786 1588 1830 DHK,
1606 1797 1659 1824 ex
1670 1786 1847 1834 Angulo
1864 1786 2007 1824 DHK

365 1842 497 1879 modo
511 1846 694 1888 reperto,
707 1840 744 1878 &
756 1841 909 1878 Latere
922 1841 967 1878 H
976 1840 1015 1877 K
1027 1840 1274 1878 Latitudine
1286 1840 1482 1884 Veneris,
1499 1839 1626 1877 datur
1636 1840 1838 1887 Angulus
1850 1839 1895 1877 H
1904 1839 2005 1884 DK‚

366 1895 407 1932 P.
425 1895 477 1932 18.
495 1894 558 1931 M.
576 1894 660 1937 203,
682 1896 757 1941 qui
773 1893 893 1940 quafi
909 1894 1079 1931 duabus
1095 1895 1229 1940 tertijs
1244 1895 1373 1930 vnius
1389 1892 1547 1940 gradus
1564 1892 1705 1930 differt
1721 1893 1775 1930 ab
1792 1904 1857 1937 eo,
1874 1904 2006 1939 quem
2043 1905 2077 1934 30

365 1959 441 1995 per
453 1947 640 1985 caudam
652 1952 868 1994 caputque
881 1947 1079 1985 Cometae
1096 1948 1362 1990 inuenimus,
1379 1946 1422 1984 id
1438 1945 1556 1993 quod
1572 1945 1670 1983 ideo
1687 1948 1830 1993 potius
1848 1947 2005 1990 euenit,

366 2003 469 2048 quia
481 2012 572 2037 non
584 2006 674 2037 erat
686 2000 926 2037 admodum
939 1999 1147 2046 exquisita
1157 1999 1252 2037 haec
1265 1999 1560 2043 confideratio,
1571 1998 1609 2036 8(
1618 2001 1842 2037 curuitatis
1853 1999 2006 2037 caudae

364 2056 474 2091 ratio
491 2053 642 2090 haberi
654 2065 744 2090 non
756 2058 935 2100 poterat,
953 2053 1008 2090 ob
1020 2053 1159 2090 nubes
1170 2052 1442 2095 rariusculas,
1459 2054 1665 2090 intuitum
1677 2054 1916 2090 acutiorem
1927 2054 2005 2089 im-

363 2107 597 2154 pedientes.
614 2107 672 2143 At
687 2106 814 2153 longe
830 2108 972 2143 maior
988 2104 1179 2153 respectu
1191 2106 1303 2144 Solis
1318 2110 1409 2143 erat
1424 2105 1498 2143 ista
1514 2105 1771 2149 differentia,
1787 2117 1892 2143 narn
1907 2105 2005 2142 loco

364 2160 476 2198 Solis
489 2159 688 2196 existente
701 2161 746 2196 in
758 2159 800 2196 P.
812 2159 848 2196 8.
861 2159 924 2196 M.
937 2159 987 2197 27
1005 2163 1061 2203 β,
1080 2159 1206 2197 datur
1217 2161 1262 2196 in
1274 2158 1513 2206 Triangulo
1525 2158 1638 2202 FIC,
1656 2158 1788 2196 Latus
1801 2158 1869 2202 FI,
1886 2158 1928 2196 P.
1941 2158 2004 2196 48.
2042 2170 2075 2196 35

365 2213 428 2250 M.
441 2213 503 2255 32,
521 2212 609 2256 FC,
627 2212 668 2249 P.
682 2212 734 2249 18.
748 2212 810 2249 M.
824 2212 877 2255 15,
895 2212 1082 2258 ideoque
1099 2211 1173 2255 IC,
1191 2212 1233 2249 P.
1246 2212 1299 2250 51.
1314 2212 1376 2249 M.
1389 2212 1425 2255 2,
1439 2211 1689 2259 &Angulus
1706 2211 2005 2249 Inclinationis

365 2266 478 2309 CIF,
496 2265 537 2302 Ρ.
551 2265 613 2302 23.
627 2265 689 2302 M.
702 2266 764 2302 45.
783 2265 871 2311 Qui
887 2266 910 2303 5
927 2265 1130 2312 gradibus
1146 2267 1293 2302 minus
1309 2276 1396 2302 vna
1413 2270 1580 2311 quarta,
1596 2264 1767 2311 superat
1778 2265 2005 2312 Angulum

365 2318 664 2356 Inclinationis
690 2318 842 2355 caudae
866 2317 904 2355 8(
927 2320 1077 2364 capitis
1102 2317 1299 2356 Cometae
1323 2317 1378 2355 ad
1402 2317 1666 2364 Eclipticam,
1691 2318 1805 2355 vnde
1829 2329 1882 2355 ea
1904 2329 2004 2364 quae

364 2373 484 2419 prius
499 2371 739 2414 intulimus,
757 2371 900 2408 adhuc
917 2376 1011 2408 rata
1026 2376 1296 2418 permanent.

1903 2529 2002 2568 DIE
