2209 3213
337 217 412 253 260
828 213 910 249 DE
932 211 1156 249 MUNDI
1178 209 1477 247 AETHEREI

335 327 439 368 part.
458 320 570 356 fuisse
587 319 702 365 grad.
720 319 755 359 5,
774 318 810 354 8(
827 318 993 363 aliquot
1012 317 1145 363 scrup.
1164 316 1381 353 asseuerat.
1404 315 1467 352 M.
1485 315 1837 354 Bartholomaeus
1854 317 1971 355 Scul-

335 381 443 411 tetus
466 371 754 412 Gorlicienfis.
777 373 822 407 in
843 370 1084 407 Altitudine
1105 369 1156 406 29
1176 374 1283 415 part.
1306 368 1493 405 eandem
1512 370 1558 405 in
1580 368 1757 407 Circulo
1779 371 1971 408 verticali

334 427 503 472 assignat
522 424 575 462 G.
588 425 624 461 5.
643 424 704 460 M.
718 424 779 460 22.
798 423 851 460 D.
869 423 1070 460 Andreas
1087 421 1295 459 Nolthius
1312 420 1644 465 Embecksensis,
1662 424 1707 459 in
1724 422 1971 461 eleuatione

333 479 381 515 33
399 483 503 524 part.
523 476 810 514 diuersitatem
828 474 1047 522 Aspectus,
1064 476 1088 513 5
1104 474 1220 522 grad.
1239 474 1289 512 32
1304 473 1439 521 scrup.
1457 473 1680 512 constituit.
1703 475 1788 513 His
1809 477 1972 514 accedit

333 536 523 577 quartus,
548 530 601 567 D.
624 529 835 566 Nicolaus
856 528 1149 571 Wincklerus,
1172 527 1305 565 Halae
1326 526 1576 564 Sueuorum
1597 527 1811 576 Phyficus,
1836 531 1911 576 qui
1931 530 1971 568 se

332 583 579 621 Parallaxin
593 584 685 619 eius
698 582 903 619 inuenisse
915 586 1048 628 putat,
1062 581 1103 618 P.
1116 581 1152 618 6.
1166 581 1229 618 M.
1242 580 1304 624 50,
1322 581 1558 618 etiamtum
1570 592 1670 618 cum
1682 581 1972 620 Altitudinem

331 637 541 673 obtineret
557 636 607 672 46
623 640 729 682 part.

384 690 446 726 Ex
463 689 529 726 his
547 694 735 735 quatuor
751 687 1058 735 praestantium,
1076 687 1113 724 &
1130 689 1175 724 in
1191 685 1424 733 disciplinis
1436 686 1762 725 Mathematicis
1774 690 1970 735 apprime

331 742 610 779 Eruditorum
634 742 838 778 Virorum
865 740 1267 782 Obseruationibus,
1294 739 1332 777 &
1357 739 1722 778 consentientibus
1747 740 1970 789 suffragiis,

330 796 560 833 Cometam
582 794 699 832 hunc
720 797 765 832 in
786 794 1008 832 sublunari
1025 793 1200 831 Mundo
1217 793 1400 835 extitisse‚
1423 794 1520 840 quis
1541 793 1758 840 (inquam)
1776 806 1867 832 non
1883 807 1969 833 cre-

328 847 472 886 deret?
496 860 595 885 cum
616 853 705 885 tam
725 859 860 895 prope
881 849 926 884 in
946 859 1084 885 vnum
1105 846 1386 889 consentiant,
1408 846 1658 884 Parallaxin
1679 849 1784 891 eius,
1807 847 1970 886 Lunari

329 902 446 948 (quae
471 912 701 947 nunquam
726 903 847 938 iuxta
873 900 1170 948 Copernicum
1194 901 1337 937 maior
1362 899 1429 942 est,
1456 899 1510 937 G.
1533 900 1559 937 1.
1586 899 1649 937 Μ.
1671 900 1707 943 6,
1733 899 1970 939 secundum

333 955 630 995 Ptolemaeum,
649 954 691 991 P.
709 955 735 991 1.
754 954 816 992 Μ.
834 954 896 996 44,
919 954 1050 1001 idque
1066 956 1112 991 in
1129 952 1218 1000 ipso
1234 952 1497 998 Horizonte)
1514 952 1652 990 multo
1669 955 1883 992 maiorem
1900 966 1969 992 ex-

332 1009 459 1049 titisse,
489 1008 675 1054 ideoque
705 1019 989 1054 nequaquam
1013 1009 1059 1044 in
1083 1006 1263 1044 AEthere
1292 1005 1381 1053 ipso
1409 1007 1701 1053 generationis
1726 1006 1872 1045 locum
1897 1008 1969 1046 ob-

332 1062 506 1103 tinuisse‚
523 1060 758 1108 praesertim
774 1072 874 1098 cum
889 1066 974 1098 tres
990 1062 1168 1107 priores,
1185 1061 1230 1096 in
1246 1059 1335 1106 ipsa
1351 1061 1591 1106 quantitate
1603 1059 1883 1098 Parallaxeos
1897 1060 1969 1099 ad-

332 1114 513 1152 modum
529 1125 663 1161 prope
681 1116 960 1157 conueniant,
977 1113 1014 1151 8(
1032 1118 1212 1160 quartus
1227 1124 1315 1150 vno
1332 1114 1497 1150 circiter
1512 1112 1649 1160 gradu
1664 1112 1813 1151 saltem
1833 1116 1969 1152 maio-

331 1179 435 1209 rem,
449 1179 582 1214 quam
594 1167 667 1209 illi,
681 1168 842 1209 reddat,
855 1167 966 1205 adeo
978 1172 1020 1204 vt
1033 1178 1085 1204 ex
1098 1166 1302 1204 omnibus
1314 1165 1382 1203 his
1394 1170 1594 1213 quatuor,
1609 1166 1841 1204 Cometam
1852 1166 1969 1205 hunc

330 1232 421 1258 non
435 1220 563 1258 altius
575 1221 767 1258 recessisse
779 1232 805 1258 a
816 1220 954 1263 nobis,
972 1231 1106 1267 quarn
1117 1221 1163 1257 in
1174 1218 1372 1257 distantia
1382 1219 1407 1257 8
1418 1219 1488 1257 vel
1498 1219 1523 1257 9
1535 1218 1969 1258 Semidiametrorum

330 1273 489 1316 Terrae,
506 1276 665 1320 pariter
681 1273 917 1320 colligatur,
935 1285 1035 1311 cum
1050 1278 1199 1311 tamen
1215 1272 1343 1310 Luna
1357 1272 1502 1310 Terris
1518 1274 1731 1319 proxima,
1748 1275 1870 1311 iuxta
1885 1273 1968 1312 Co-

329 1329 555 1374 pernicum
572 1326 712 1372 (cuius
724 1326 947 1364 Sententia
960 1326 1042 1364 hac
1054 1328 1099 1364 in
1110 1331 1231 1373 parte
1243 1325 1509 1364 Ptolemaica
1520 1327 1664 1364 verior
1680 1326 1830 1373 existit)
1846 1327 1897 1365 52
1913 1327 1968 1365 ad

2012 807 2042 831 10

2012 1072 2041 1097 Ι5

2007 1338 2040 1363 20

329 1382 474 1417 minus
491 1376 807 1429 re-ssmoueatur
823 1379 1181 1423 Semidiametris;
1202 1379 1390 1426 ideoque
1405 1379 1541 1417 sexies
1556 1378 1645 1417 fere
1660 1384 1832 1417 tantum
1847 1380 1968 1427 spatii
1993 1385 2057 1416 319

329 1444 355 1470 a
373 1432 507 1470 Terra
527 1433 582 1470 ad
603 1433 787 1475 Lunam,
810 1438 1024 1480 quantum
1045 1432 1099 1470 ab
1120 1432 1202 1470 hac
1224 1432 1378 1470 eadem
1398 1432 1454 1470 ad
1476 1432 1720 1476 Cometam,
1742 1432 1771 1470 fi
1787 1433 1967 1471 Veritati

328 1486 517 1524 consona
537 1486 646 1524 foret
667 1498 820 1524 eorum
842 1486 1017 1533 Opinio,
1042 1487 1385 1533 interciperetur;
1410 1485 1524 1532 Quae
1545 1497 1603 1524 an
1624 1488 1682 1524 ita
1702 1485 1742 1523 se
1763 1485 1966 1530 habeant,

328 1539 530 1586 deinceps
546 1540 698 1577 ordine
715 1539 1052 1587 explorabimus.

380 1592 487 1631 Sunt
504 1592 604 1630 sane
620 1592 666 1630 hi
683 1598 871 1640 quatuor
882 1593 987 1636 Viri,
1004 1599 1097 1630 tum
1112 1595 1158 1630 in
1174 1592 1270 1630 aliis
1286 1591 1598 1631 Doctrinarum
1614 1592 1856 1640 generibus,
1873 1598 1967 1631 tum

324 1645 559 1692 praesertim
580 1648 625 1683 in
646 1645 973 1684 Mathematicis
994 1646 1204 1689 Scientiis,
1229 1645 1489 1683 excellenter
1508 1647 1645 1694 periti,
1667 1657 1856 1693 quorum
1878 1646 1966 1684 duo

323 1701 488 1745 priores
512 1699 621 1736 mihi
647 1711 700 1737 ex
724 1698 834 1737 facie
860 1701 951 1737 noti
973 1699 1080 1742 sunt,
1107 1698 1145 1736 8(
1167 1700 1374 1737 Amicitia
1397 1699 1605 1737 diuturna
1627 1698 1964 1738 coniunctissimi.

323 1751 441 1789 Nam
453 1763 552 1789 cum
563 1752 831 1790 Clariss.Viro
842 1752 1039 1790 Domino
1051 1752 1105 1790 D.
1116 1752 1344 1790 Thaddaeo
1356 1752 1567 1800 Hagecio,
1580 1753 1759 1799 quando
1770 1754 1816 1789 in
1828 1752 1964 1790 Coro-

323 1807 500 1842 natione
518 1805 624 1843 Caes.
643 1805 809 1843 Maiest.
828 1805 1131 1844 RVDOLPHI
1148 1805 1198 1849 II,
1216 1807 1291 1852 qui
1307 1805 1440 1843 modo
1456 1807 1641 1853 imperio
1657 1805 1818 1852 praeest,
1839 1805 1965 1844 fimul

323 1857 570 1896 Ratisbonae
592 1859 782 1901 essemus,
804 1859 1022 1896 Amicitiae
1043 1858 1269 1896 vinculum
1289 1858 1573 1896 indissolubile
1594 1860 1753 1906 pepigi;
1776 1860 1899 1896 cuius
1919 1861 1965 1896 in

323 1910 646 1948 Mathematieis
663 1911 880 1949 excellens
897 1913 1096 1959 cognitio,
1115 1911 1152 1949 &
1168 1912 1380 1950 iudicium
1396 1911 1678 1959 profundum,
1695 1917 1788 1949 tum
1802 1923 1855 1949 ex
1867 1912 1964 1950 aliis

321 1965 414 2000 eius
431 1963 617 2011 Scriptis,
638 1970 731 2001 tum
747 1967 946 2011 inprimis
963 1977 985 2002 e
1002 1964 1179 2003 Dialexi
1195 1965 1247 2002 de
1264 1965 1399 2003 Noua
1416 1964 1560 2008 Stella,
1583 1965 1788 2003 omnibus
1805 1966 1851 2002 in
1867 1977 1963 2012 pro-

320 2016 470 2062 patulo
488 2017 553 2054 est.
572 2015 738 2054 Doctiss.
756 2019 887 2055 etiam
903 2018 991 2061 Vir,
1009 2018 1072 2055 M.
1090 2018 1444 2056 Bartholomaeus
1460 2018 1687 2062 ScultetuS,
1705 2023 1805 2056 ante
1821 2030 1963 2056 annos

321 2080 411 2106 non
427 2080 603 2115 paucos,
626 2081 725 2107 cum
742 2070 893 2117 Lipfiae
911 2082 1091 2117 operam
1107 2071 1240 2108 literis
1257 2072 1420 2115 darem,
1440 2071 1550 2109 mihi
1567 2072 1621 2109 ob
1638 2071 1898 2118 singularem
1916 2073 1962 2109 in

320 2122 448 2159 rebus
469 2122 779 2160 Astronomicis
799 2126 1012 2170 peritiam,
1035 2124 1329 2162 familiaritate
1352 2124 1488 2162 ferme
1511 2124 1768 2171 quotidiana
1790 2123 1961 2162 iunctus

320 2180 423 2218 erat,
445 2177 568 2212 cuius
585 2178 716 2213 etiam
732 2178 776 2213 in
794 2176 1119 2215 Mathematicis
1136 2177 1346 2225 Scientijs,
1368 2179 1562 2215 maxime
1577 2189 1682 2215 vero
1698 2179 1744 2214 in
1762 2177 1960 2215 Gnomo-

319 2229 439 2269 nicis,
471 2239 580 2274 quas
607 2229 661 2266 ab
687 2229 897 2267 Homelio
927 2229 1002 2267 suo
1028 2230 1298 2277 Praeceptore
1328 2230 1541 2274 hauserat,
1572 2232 1733 2268 eximia
1759 2232 1959 2277 cognitio,

319 2280 517 2326 plurimis
533 2283 732 2319 innotuit.
751 2282 804 2319 D.
818 2283 1018 2320 Andreas
1030 2282 1238 2321 Nolthius
1250 2283 1290 2320 se
1303 2283 1629 2321 Mathematum
1645 2285 1841 2330 apprime
1857 2294 1959 2330 gna-

319 2344 417 2370 rum
434 2334 509 2370 esse
525 2335 571 2371 in
583 2334 758 2381 Scriptis
774 2334 870 2378 suis,
887 2337 1044 2382 partim
1057 2336 1222 2380 Latine,
1239 2338 1395 2383 partim
1408 2336 1646 2374 vernacula
1660 2336 1810 2383 lingua
1822 2336 1957 2379 editis,

317 2385 415 2423 satis
426 2386 650 2424 euidenter
660 2387 908 2425 declarauit.
922 2388 976 2425 D.
988 2389 1199 2427 Nicolaus
1208 2389 1490 2427 Wincklerus
1500 2388 1659 2426 harum
1670 2391 1800 2426 etiam
1810 2400 1956 2426 rerum

317 2450 408 2475 non
420 2440 644 2486 imperitus
656 2441 836 2484 videtur,
854 2440 891 2477 8(
908 2441 1246 2479 Mathematicas
1259 2442 1469 2480 Scientias
1481 2442 1586 2479 olim
1598 2441 1637 2479 se
1650 2453 1676 2479 a
1687 2442 1957 2489 Praeceptore

316 2491 405 2535 suo,
423 2492 659 2530 excellente
675 2492 750 2530 illo
762 2493 939 2531 Artifice
952 2494 1129 2532 Erasmo
1143 2494 1400 2537 Reinholdo,
1412 2495 1654 2542 Vitebergae
1671 2495 1853 2532 didicisse
1868 2495 1956 2542 glo-

1806 2550 1954 2585 riatur.

2004 1605 2037 1630 25

2002 1808 2022 1839 ,1.

2003 1871 2036 1896 30

2000 2074 2020 2105 ,1.

1999 2136 2033 2162 35

1995 2401 2029 2425 40
