2209 3213
386 203 442 238 118
877 199 959 235 DE
981 198 1206 236 MUNDI
1228 197 1528 235 AETHEREI

384 308 487 343 dum
510 307 601 342 esset
623 305 808 341 sensibus
830 304 1033 341 obnoxia.
1057 303 1122 341 Est
1139 305 1257 341 enim
1273 303 1518 341 differentia
1534 303 1752 350 Vtriusque
1768 304 2023 343 Altitudinis

386 359 648 399 Obseruatae‚
666 358 707 394 P.
722 358 773 394 17.
792 357 855 394 M.
873 357 908 399 6,
926 358 983 393 At
1000 356 1217 403 Vtriusque
1234 367 1310 403 per
1327 356 1556 400 calculum,
1574 355 1764 404 respectu
1781 359 1914 395 centri
1930 360 2021 395 vni-

384 411 503 451 uerfi.
516 412 558 447 P.
573 412 624 448 17.
639 410 700 447 M.
714 410 749 452 9,
767 409 901 447 tribus
913 409 1188 447 solummodo
1200 408 1409 456 scrupulis
1422 408 1784 447 obseruationem
1797 411 2021 455 excedens,

384 475 481 501 cum
492 469 637 500 tamen
648 463 774 510 longe
785 462 881 509 plus
892 462 1151 505 abundasset‚
1162 461 1191 499 fi
1201 464 1398 509 proxime
1408 464 1454 499 in
1464 464 1736 500 concauitate
1745 463 1873 501 Orbis
1884 463 2022 502 Lunae

383 517 569 554 extitisset
581 516 650 553 hic
663 516 860 557 Cometa,
879 515 916 552 &
933 515 1077 553 adhuc
1088 518 1238 562 magis,
1255 515 1284 553 fi
1300 517 1480 563 propius
1491 515 1639 553 Terrae
1651 515 1779 562 ipfius
1790 516 1890 554 fitus
1902 518 1947 554 in
1958 516 2021 555 su·
2060 531 2075 555 5

384 580 533 616 prema
544 570 670 606 Aeris
684 569 873 615 Regione
886 569 1207 611 concederetur,
1225 568 1343 615 quod
1354 570 1399 606 in
1412 568 1529 606 hunc
1541 568 1723 606 modum
1734 569 2020 613 manifestum,

384 622 419 659 δι
437 622 695 659 dubitationi
711 623 891 659 minime
909 621 1162 665 obnoxium,
1180 622 1424 659 reddemus.

435 675 494 712 Sit
517 677 633 712 enim
656 675 784 712 Orbis
804 674 951 712 Terrae
974 674 1089 718 OFL
1114 680 1262 712 centro
1282 675 1358 712 suo
1379 676 1419 712 A
1441 674 1685 722 descriptus,
1709 675 1862 713 infima
1882 672 1897 725 ΙΙ
1917 687 2021 714 vero
2050 683 2110 714 138

383 730 636 765 conuexitas
654 727 782 765 Orbis
799 728 950 769 Lunae,
972 727 1301 775 repraesentetur
1321 739 1398 775 per
1413 729 1579 765 Arcum
1596 728 1778 771 BCDE,
1802 729 1930 767 Orbis
1946 741 2020 767 au-

380 1902 465 1933 tem
486 1897 656 1944 aliquis,
678 1901 802 1936 cuius
822 1897 1013 1945 respectu
1029 1898 1165 1937 Terra
1183 1910 1274 1936 non
1290 1899 1449 1937 habeat
1464 1898 1704 1936 sensibilem
1720 1899 2019 1945 quantitatem,
2063 1909 2092 1934 ιο

380 1949 592 1987 indicetur
608 1963 683 1998 per
699 1953 865 1989 Arcum
882 1952 1125 1989 BKLMN.
1146 1952 1293 1999 Sitque
1310 1952 1432 1990 locus
1448 1952 1703 1990 Altitudinis
1719 1951 1917 1989 Cometae
1935 1950 2020 1988 Ob-

381 2002 574 2046 seruatae‚
592 2004 711 2051 quasi
723 2007 758 2042 is
771 2006 863 2042 esset
876 2007 921 2042 in
932 2004 1086 2043 infima
1099 2007 1374 2043 conuexitate
1386 2005 1525 2043 Lunae
1537 2007 1583 2042 in
1594 2005 1644 2049 C,
1662 2016 1750 2052 quo
1764 2004 1819 2042 ad
1832 2005 2021 2051 primam

382 2055 755 2100 Obseruationem‚
777 2060 822 2095 in
839 2058 879 2095 D
896 2070 1013 2099 vero,
1035 2070 1123 2105 quo
1145 2059 1199 2096 ad
1220 2058 1511 2106 posteriorem,
1532 2063 1576 2096 vt
1596 2057 1641 2096 fit
1657 2057 1855 2095 Altitudo
1876 2056 2021 2094 oblata

380 2108 486 2145 visui
509 2111 651 2155 prima
671 2113 716 2148 in
738 2111 782 2154 L,
807 2111 942 2148 altera
963 2113 1007 2148 in
1029 2111 1084 2153 N,
1108 2111 1306 2149 Altitudo
1327 2117 1474 2149 autem
1496 2123 1600 2149 vera
1620 2110 1882 2149 antecedens
1902 2112 1947 2147 in
1968 2109 2019 2153 K,

381 2161 563 2208 sequens
584 2165 628 2200 in
650 2163 712 2207 M,
737 2162 927 2210 respectu
948 2166 1082 2201 centri
1103 2164 1302 2202 vniuerfi.
1327 2165 1451 2207 Dico,
1476 2165 1594 2211 quod
1614 2164 1702 2202 alia
1722 2163 1759 2201 &
1780 2165 1922 2200 maior
1943 2164 2020 2200 erit
2063 2176 2091 2199 15

381 2220 483 2252 tunc
504 2215 747 2254 differentia
765 2217 984 2263 vtriusque
1001 2217 1254 2255 Altitudinis
1275 2219 1526 2265 apparentis
1548 2229 1600 2255 ex
1621 2217 1653 2254 F
1673 2216 2021 2254 circumferentia

381 2267 540 2311 Terrae,
558 2280 692 2315 quam
708 2269 737 2306 fi
754 2281 806 2307 ex
823 2270 863 2306 Α
880 2272 974 2307 eius
990 2276 1137 2308 centro
1155 2271 1309 2308 eadem
1326 2270 1618 2309 animaduerti
1634 2270 1772 2317 posset.

435 2321 554 2358 Nam
574 2324 619 2359 in
639 2324 781 2369 prima
803 2322 1117 2361 Obseruatione
1142 2329 1231 2361 erat
1252 2324 1454 2371 Angulus
1475 2323 1605 2365 BFC,
1630 2323 1672 2360 P.
1694 2322 1756 2361 53.
1780 2322 1842 2360 M.
1864 2322 1927 2364 50,
1951 2323 2020 2359 cui

382 2374 566 2420 aequalis
583 2375 637 2412 est
653 2375 727 2421 ipfi
744 2375 1056 2422 contrapofitus
1068 2379 1113 2413 in
1125 2376 1363 2424 Triangulo
1379 2388 1456 2423 per
1471 2374 1831 2414 constructionem
1843 2373 2019 2412 Recian-

381 2426 496 2474 gulo,
514 2426 596 2465 GF
598 2428 651 2471 A,
670 2428 801 2466 Latus
817 2440 921 2465 vero
938 2429 1024 2471 FA,
1042 2441 1141 2466 cum
1158 2430 1391 2467 assumatur
1407 2429 1555 2467 100000
1571 2430 1649 2466 erit
1666 2428 1755 2466 GA
1771 2427 1913 2466 80730.
1934 2427 2019 2465 De·
2059 2439 2091 2464 20

382 2479 482 2516 inde
508 2481 551 2518 in
578 2480 768 2528 Trigono
796 2481 933 2524 GAC‚
960 2482 1169 2528 fiquidem
1195 2482 1327 2520 Latus
1352 2482 1433 2520 AC
1458 2481 1806 2529 praesupponitur
1824 2481 2020 2572 ξέἆὸἰῶῗ
