2209 3213
368 246 433 282 154
669 242 750 279 DE
773 241 997 279 MUNDI
1018 238 1182 277 AETH.
1205 237 1470 276 RECENT.
1493 237 1703 275 PHAEN.

368 348 754 387 Obseruationibus
771 343 1306 391 Demonstrationibusque
1323 343 1548 381 euidenter
1564 343 1735 387 constat,
1757 355 1857 390 quae
1873 345 2005 381 etiam

367 414 456 439 non
476 411 740 447 magnopere
758 411 783 436 a
799 399 838 436 se
856 401 1046 436 inuicem
1067 397 1149 435 hac
1166 399 1211 434 in
1227 402 1347 444 parte
1364 396 1615 444 discrepant.
1638 396 1755 434 Cum
1774 398 1920 444 itaque
1941 396 2004 434 lu-
2042 399 2062 431 ’ἓ

366 456 603 491 minarium
614 458 735 490 tanta
745 458 923 498 tamque
936 448 950 501 ΙΙ
962 451 1252 489 diuerfimoda
1264 452 1309 487 in
1321 452 1560 497 quantitate
1572 461 1687 494 vera,
1704 448 1896 497 respectu
1912 452 2005 487 eius
2033 456 2094 487 184

367 519 465 554 quae
489 512 679 553 apparet,
704 505 749 542 fit
772 505 1056 551 discrepantia
1078 504 1137 550 (vt
1157 503 1210 541 de
1231 505 1397 540 caeteris
1418 502 1571 547 stellis,
1594 508 1684 541 tarn
1706 502 1850 541 affixis
1870 514 2005 550 quam

366 562 568 601 erraticis,
598 570 715 596 nunc
741 557 851 595 nihil
877 557 1036 603 dicam)
1066 562 1246 604 apparet
1272 568 1406 603 quam
1431 555 1536 594 falso
1562 556 1763 603 Epicurei
1788 555 1826 594 &
1851 567 2004 594 eorum
2043 569 2058 594 5

364 615 614 655 imitatores,
632 613 915 657 maximaque
931 610 1048 657 vulgi
1064 621 1164 657 pars
1181 609 1299 656 (quae
1315 609 1423 647 forte
1441 611 1572 647 etiam
1583 621 1610 647 a
1621 611 1787 647 caeteris
1802 609 2004 656 Epicure-

366 677 492 703 orum
508 666 852 711 inquinamentis
869 663 957 710 ipsa
973 665 1061 700 vita
1076 663 1117 700 se
1133 674 1224 700 non
1236 662 1484 706 abhorrere,
1500 662 1657 700 nolens
1668 662 1820 700 volens
1831 662 2004 708 fatetur)

365 719 446 756 hac
468 718 519 755 de
540 729 585 755 re
606 717 731 755 suurn
752 717 962 754 iudicium
983 715 1217 763 proferant.
1240 715 1323 754 Sed
1343 715 1580 754 tolerabilis
1597 716 1690 753 esset
1705 715 1801 753 haec
1818 715 2002 763 Lucretij

365 772 767 818 Epicureorumque
784 770 1006 813 sententia,
1027 769 1234 816 fiquidem
1249 768 1421 813 falfitas,
1439 780 1539 816 quae
1555 768 1701 813 subest,
1720 768 1831 806 nihil
1845 768 1915 806 vel
1930 780 2004 816 pa-

364 836 461 861 rum
478 824 593 866 obfit,
615 823 747 861 modo
765 828 933 866 caetera,
953 834 1053 869 quae
1070 822 1273 860 Moribus
1289 821 1327 859 8(
1343 821 1454 860 Vitae
1470 821 1582 860 bene
1598 821 1869 860 instituendae
1885 833 2003 869 pror·
2045 834 2076 859 10

363 878 431 914 sus
444 879 615 921 nociua,
634 876 671 913 8(
687 878 732 913 in
743 876 968 914 beluinam
980 875 1256 923 voluptatum
1268 877 1575 922 appetentiam,
1587 887 1614 913 a
1625 874 1739 913 rec‘ta
1750 875 1788 912 8(
1799 877 2004 913 interiore

364 933 453 968 veri
475 930 684 967 Hominis
707 930 889 967 Ratione
915 929 1176 967 abducentia
1200 934 1464 976 proponunt,
1489 939 1566 976 per
1586 940 1686 976 quae
1707 930 1839 966 etiam
1859 927 2003 966 adole-

363 984 567 1021 scentiam
588 983 736 1030 sponte
757 994 783 1020 a
799 982 966 1020 Virtute
983 982 1038 1020 ad
1054 983 1158 1019 vitia
1174 982 1446 1029 degenerem,
1467 981 1686 1026 seducunt,
1707 983 1790 1029 pie,
1811 981 1944 1029 probe
1966 981 2004 1019 8(

363 1037 575 1083 sapienter
591 1035 842 1079 constarent,
860 1037 1048 1082 vitaeque
1065 1046 1296 1082 nunquam
1317 1036 1667 1079 intermoriturae‚
1683 1034 1772 1082 post
1786 1034 1900 1072 hanc
1914 1034 2002 1072 adi-

363 1090 588 1136 piscendae‚
614 1100 705 1126 non
730 1089 1043 1136 impedimento
1069 1088 1206 1126 essent.
1232 1088 1316 1126 Sed
1342 1099 1430 1135 quo
1455 1087 1746 1136 digredimur?
1771 1087 1818 1125 Id
1842 1089 2002 1134 itaque,
2044 1100 2073 1126 15

363 1143 480 1190 quod
493 1143 729 1189 Epicureos
745 1142 923 1189 decepit,
940 1141 1242 1179 immoderatae
1259 1143 1353 1179 eius
1365 1141 1618 1179 Coelestium
1634 1152 1869 1188 corporum
1884 1152 1910 1178 a
1926 1152 2002 1178 no—

362 1196 427 1233 bis
452 1196 660 1233 distantiae
686 1197 902 1233 rationem
926 1206 1018 1232 non
1042 1194 1299 1232 adhibentes
1325 1195 1446 1241 (nam
1471 1194 1509 1232 8(
1534 1194 1719 1241 idipsum
1743 1196 1789 1231 in
1813 1193 2003 1232 flammis

362 1249 625 1286 terrestribus
641 1249 768 1296 longe
785 1248 937 1292 dissitis,
954 1259 1031 1295 per
1047 1248 1164 1295 quod
1175 1247 1297 1286 suam
1309 1247 1565 1286 sententiam
1578 1248 1763 1295 probare
1776 1252 2002 1291 conantur,

362 1302 516 1339 falsum
538 1301 608 1345 est;
630 1313 790 1349 magna
811 1303 930 1339 enim
949 1313 1057 1349 pyra
1073 1300 1263 1345 accensa,
1284 1301 1314 1338 fi
1334 1312 1410 1348 per
1425 1301 1595 1339 miliare
1611 1300 1743 1345 distat,
1765 1311 1855 1338 non
1870 1305 2002 1338 tantae

362 1360 541 1402 apparet
562 1355 886 1402 magnitudinis,
909 1359 1086 1401 quantae
1106 1353 1216 1392 foret
1231 1353 1260 1391 fi
1276 1354 1458 1401 passibus
1477 1360 1652 1392 centum
1667 1359 1743 1392 aut
1759 1355 1924 1392 circiter
1939 1364 2002 1391 re·
2041 1366 2075 1392 20

362 1414 625 1451 moueretur,
645 1408 683 1446 8(
700 1407 753 1445 fic
770 1408 822 1445 de
839 1407 1023 1454 caeteris)
1041 1407 1196 1445 nostrae
1212 1409 1444 1445 intentioni
1460 1419 1552 1445 non
1568 1406 1819 1455 refragatur,
1840 1406 1910 1444 sed
1927 1406 2002 1444 ali—

362 1467 578 1508 quatenus
595 1473 705 1505 eam,
723 1473 811 1508 quo
828 1461 883 1499 ad
898 1460 1138 1508 splendoris
1154 1462 1501 1508 penetrationem
1516 1460 1672 1498 fortem
1686 1462 1731 1498 in
1745 1460 1899 1498 lucidis
1912 1471 2002 1497 cor-

360 1515 550 1562 poribus,
568 1514 828 1552 confirmare
844 1514 1026 1552 videtur.

415 1568 732 1606 Concludimus
762 1568 921 1606 idcirco
947 1579 1000 1605 ex
1026 1567 1231 1605 omnibus
1255 1566 1623 1611 antecedentibus,
1654 1566 1842 1605 caudam
1870 1565 2003 1604 huius

363 1621 571 1665 Cometae,
595 1633 686 1658 non
710 1620 915 1668 exquisite
936 1620 1096 1664 Solem,
1119 1620 1189 1658 sed
1212 1622 1357 1667 potius
1373 1620 1556 1658 Veneris
1577 1619 1756 1658 Stellam
1776 1617 1934 1657 directe
1956 1621 2001 1657 in
2039 1632 2073 1658 25

361 1674 576 1721 oppositas
593 1686 619 1712 a
634 1674 710 1712 suo
727 1676 865 1721 capite
881 1679 1025 1721 partes
1041 1673 1276 1721 respexisse;
1297 1674 1428 1721 idque
1450 1685 1542 1711 non
1559 1673 1701 1717 semel,
1722 1673 1793 1711 sed
1808 1677 1898 1710 toto
1914 1672 2002 1710 suae

361 1728 602 1765 durationis
619 1733 826 1774 ternpore.
848 1727 1205 1765 Incuruationem
1221 1738 1338 1771 vero,
1360 1738 1494 1774 quam
1512 1726 1674 1765 habere
1691 1726 1845 1764 eadem
1862 1725 2003 1764 cauda

361 1781 486 1818 nobis
508 1781 596 1818 visa
619 1780 685 1825 est,
710 1781 880 1818 extitisse
902 1792 979 1827 per
1001 1780 1214 1824 accidens,
1238 1780 1293 1818 ob
1316 1780 1638 1818 aberrationem
1658 1779 1784 1822 visus,
1809 1790 1861 1817 eo
1884 1779 2002 1826 quod

362 1836 609 1871 extremitas
634 1834 787 1871 caudae
813 1834 938 1872 nobis
962 1833 1090 1881 longe
1115 1835 1293 1881 propior
1317 1833 1457 1876 fuerit,
1484 1844 1618 1880 quam
1640 1834 1904 1880 principium
1926 1831 2002 1879 ipfi

361 1889 489 1933 capiti
514 1886 757 1930 adhaerens,
785 1887 941 1934 Optica
963 1888 1132 1924 ratione
1156 1887 1211 1924 ob
1233 1886 1276 1924 id
1300 1886 1647 1934 obliquationem
1669 1885 1791 1924 illam
1814 1883 2001 1933 aspecftui
2038 1897 2072 1923 30

359 1939 616 1977 insinuante.

412 1993 557 2039 Atque
578 1993 673 2030 haec
694 1992 827 2036 fuere,
850 2004 950 2040 quae
971 1992 1055 2030 hoc
1072 1993 1226 2040 Capite
1247 1993 1522 2040 inquirenda,
1545 1991 1947 2039 Mathematiceque

597 2046 863 2084 discutienda
879 2046 1196 2093 proposuimus,
1214 2057 1331 2084 nunc
1347 2046 1402 2084 ad
1419 2057 1484 2089 ea,
1501 2057 1601 2093 quae
1617 2044 1762 2093 postea

800 2098 1025 2137 tractanda
1041 2100 1095 2137 ab
1112 2101 1236 2137 initio
1253 2098 1562 2143 constituimus,

994 2152 1336 2200 progrediamur.
1350 2149 1364 2202 ΙΙ
2037 2162 2070 2188 35

1806 2573 1999 2611 CAPVT
