2209 3213
380 236 429 272 54
872 234 955 271 DE
977 234 1201 272 MUNDI
1222 233 1524 272 AETHEREI

379 340 503 377 datur
516 340 714 386 Angulus
728 340 873 383 CAD,
891 340 931 377 Ρ.
945 340 1007 377 62.
1021 341 1083 379 M.
1095 341 1158 384 29,
1175 343 1249 387 qui
1266 352 1292 378 a
1308 341 1441 387 priori
1456 339 1578 376 PAD
1593 338 1795 383 sublatus,
1812 339 2015 386 relinquit

378 393 601 439 Angulum
615 392 737 429 CAP
748 398 913 435 notum,
931 393 972 430 P.
987 393 1056 431 101.
1071 394 1132 431 M.
1146 394 1198 431 14.
1217 393 1366 439 Quare
1378 394 1424 430 in
1435 392 1674 439 Triangulo
1688 391 1823 436 CAP,
1840 403 1893 429 ex
1910 392 2014 430 duo-

376 446 454 482 bus
472 445 676 482 lateribus
694 445 778 482 CA
795 445 832 482 8(
849 446 927 482 ΑΡ
943 446 1064 490 datis,
1087 458 1186 484 cum
1203 447 1381 494 Angulo
1398 444 1724 493 comprehenso,
1743 444 1911 482 elicitur
1926 445 2015 490 PC,

376 499 416 534 P.
439 498 499 534 65.
523 498 583 534 M.
606 498 658 541 31,
680 498 1049 544 complementum
1070 500 1309 537 latitudinis
1330 499 1541 542 Cometae,
1563 498 1600 535 &
1620 497 1822 546 Angulus
1842 498 2015 545 insuper

374 552 413 586 A
423 550 452 586 P
461 550 508 594 C,
521 550 763 588 differentia
774 551 1056 598 longitudinis
1068 553 1110 590 Ρ.
1122 553 1174 591 19.
1186 552 1248 590 Μ.
1260 553 1304 596 11,
1316 552 1430 589 vnde
1442 551 1667 599 longitudo
1680 551 1826 589 euadit
1838 553 1883 589 in
1894 551 1948 590 G.
1960 552 2013 590 15.
2052 566 2067 590 5

375 603 435 640 Μ.
454 603 476 640 3
498 612 554 647 m,
571 603 798 641 latitudine
816 604 1016 642 existente
1033 606 1074 643 P.
1093 606 1154 643 24.
1174 606 1236 643 M.
1254 605 1304 643 29
1321 605 1506 643 Boreali.

426 656 737 693 Examinantes
754 669 857 694 vero
874 657 992 695 hunc
1009 658 1167 703 locum,
1188 661 1381 706 primum
1397 659 1452 696 ad
1469 669 1517 696 os
1534 657 1689 706 Pegasi,
1707 659 1784 695 erit
1800 660 1846 695 in
1861 657 2012 696 Trian-

371 708 472 755 gulo
490 709 617 753 CPB,
639 721 692 746 ex
712 709 919 748 lateribus
937 711 1011 749 CP
1027 712 1064 749 8(
1081 712 1153 749 ΡΒ
1170 712 1291 756 datis,
1313 723 1413 750 cum
1429 711 1607 759 Angulo
1624 711 1752 755 CPB,
1774 710 1817 749 P.
1835 711 1879 749 11.
1897 711 1960 749 M.
1977 712 2012 756 5,

372 762 503 798 Latus
521 762 611 805 CB,
628 762 670 799 P.
684 763 735 800 10.
755 763 816 801 M.
830 763 892 807 27,
909 764 1106 803 distantia
1122 765 1312 812 quaefita,
1329 776 1464 812 quam
1481 764 1738 803 Obseruatio
1755 764 1882 808 dedit,
1899 764 1941 802 P.
1958 765 2011 802 10.

372 814 433 851 M.
451 814 512 859 25,
525 814 696 853 duobus
706 815 854 854 saltem
863 816 1073 864 scrupulis
1082 820 1317 862 minorem;
1335 818 1491 856 deinde
1502 818 1558 855 ad
1568 817 1725 856 Scheat
1734 817 1890 864 Pegasi,
1908 820 2012 864 quia
2053 833 2083 858 10

370 869 415 904 in
435 867 673 915 Triangulo
695 868 829 913 CPO,
852 870 984 908 Latus
1005 871 1080 910 PC
1102 871 1140 909 8(
1161 871 1238 910 ΡΟ
1260 872 1430 915 dantur,
1452 883 1540 909 vna
1560 882 1660 908 cum
1677 870 1854 918 Angulo
1876 870 2011 916 CPO,

370 920 411 957 P.
432 920 495 958 38.
518 921 580 959 M.
601 921 663 965 26,
685 922 811 960 datur
832 925 963 961 etiam
983 924 1096 962 latus
1117 924 1214 968 CO,
1236 925 1277 962 P.
1297 924 1359 962 34.
1382 924 1445 962 M.
1462 924 1525 968 28,
1547 923 1745 962 distantia
1765 923 1963 962 Cometae
1985 935 2012 962 a

369 973 525 1011 Scheat
536 974 691 1022 Pegafi,
707 975 1014 1023 praesuppofito
1026 977 1109 1016 hoc
1122 980 1216 1016 eius
1227 978 1336 1022 loco,
1349 989 1483 1025 quam
1496 977 1753 1016 Obseruatio
1766 976 1881 1015 dedit
1892 977 1934 1015 P.
1947 977 2009 1015 34.

371 1026 433 1064 M.
454 1027 516 1073 26,
538 1029 669 1065 etiam
689 1029 859 1067 duobus
880 1029 1154 1069 solummodo
1174 1031 1384 1079 scrupulis
1404 1033 1633 1075 minorem,
1657 1041 1792 1078 quare
1813 1026 1828 1080 ΙΙ
1849 1030 1903 1068 ad
1924 1030 2008 1069 hoc
2041 1031 2083 1062 56

369 1085 539 1127 tempus
552 1080 749 1119 Cometae
765 1082 912 1120 locum
926 1083 1025 1122 satis
1041 1083 1188 1123 exacte
1204 1087 1436 1123 inuentum
1452 1084 1540 1128 esse,
1557 1083 1831 1121 manifestum
1848 1084 2006 1122 euadit.
2048 1090 2078 1115 1⁵

423 1132 810 1173 Obseruationibus
826 1138 984 1183 itaque,
1001 1149 1111 1184 quas
1126 1137 1210 1175 1106
1227 1137 1378 1176 Mense
1392 1137 1448 1175 ad
1463 1137 1694 1175 Cometam
1710 1136 1872 1175 habere
1888 1137 2007 1175 licuit

370 1185 529 1231 (caeteri
548 1189 664 1224 enim
682 1188 772 1226 dies
788 1189 954 1227 obscuri
971 1196 1105 1235 erant,
1125 1190 1430 1238 aspec‘tumque
1447 1190 1681 1229 Stellarum
1700 1189 2006 1237 prohibebant)

368 1240 413 1275 in
429 1238 546 1276 hunc
561 1241 744 1278 modum
759 1241 834 1280 sub
850 1243 1053 1281 incudem
1074 1246 1302 1288 reuocatis,
1323 1244 1378 1282 ad
1398 1244 1614 1291 sequentis
1630 1242 1793 1281 Menfis
1809 1244 2005 1282 animad-

367 1291 597 1337 uerfiones,
614 1293 652 1331 &
668 1305 731 1339 ea,
748 1306 848 1342 quae
864 1295 966 1334 hinc
982 1297 1244 1344 inquirenda
1259 1299 1453 1341 veniunt,
1469 1297 1769 1344 procedamus.

995 1379 1374 1424 DECEMBER
2042 1391 2076 1416 20

1111 1448 1210 1486 DIE
1231 1448 1260 1486 I.

366 1505 492 1595 EX
508 1506 895 1547 Obseruationibus
916 1509 1213 1548 distantiarum
1231 1510 1286 1548 ad
1303 1510 1435 1548 Diem
1455 1512 1647 1558 primum
1663 1509 1919 1548 Decembris
1939 1511 2001 1549 su-

472 1562 617 1605 perius
641 1561 863 1609 assignatis,
891 1564 937 1600 in
963 1563 1162 1610 praesenti
1185 1563 1489 1607 delineatione,
1517 1563 1563 1601 fit
1582 1564 1623 1601 A
1640 1563 1835 1601 Vulturis
1858 1563 2001 1609 Stella,

364 1610 397 1647 B
411 1611 471 1649 Os
484 1612 637 1660 Pegasi,
656 1613 692 1652 C
705 1614 901 1659 Cometa,
919 1616 960 1654 D
972 1616 1201 1654 Humerus
1217 1616 1366 1654 dexter
1383 1626 1441 1660 xa,
1459 1617 1497 1655 O
1511 1616 1667 1655 Scheat
1679 1616 1834 1664 Pegafi.
1852 1616 2001 1663 Quare

1021 1671 1214 1716 primum
1234 1670 1289 1707 ab
1310 1681 1385 1707 ore
1405 1669 1550 1717 Pegasi
1571 1669 1609 1707 8(
1629 1669 1786 1708 Scheat
1803 1670 2001 1708 Cometae
2038 1684 2072 1709 25

1018 1722 1165 1760 locum
1189 1725 1474 1770 inquiremus,
1501 1724 1668 1770 eritque
1692 1725 1737 1761 in
1759 1722 1999 1771 Triangulo

1019 1775 1152 1820 BPO,
1176 1776 1309 1814 Latus
1331 1776 1415 1820 BP,
1439 1776 1481 1814 P.
1503 1776 1565 1814 67.
1588 1776 1651 1814 M.
1674 1776 1736 1814 53.
1759 1776 1850 1821 ΡΟ,
1870 1776 1913 1814 Ρ.
1935 1777 1998 1815 58.

1019 1828 1082 1866 Μ.
1094 1830 1148 1867 51.
1165 1829 1368 1877 Angulus
1385 1829 1516 1873 ΒΡΟ,
1534 1829 1576 1867 P.
1588 1829 1651 1868 27.
1666 1829 1728 1868 M.
1741 1829 1795 1874 21,
1811 1830 1998 1877 ideoque

1018 1881 1132 1920 latus
1153 1882 1248 1926 ΒΟ,
1269 1882 1311 1920 P.
1328 1882 1391 1920 25.
1414 1882 1477 1920 M.
1494 1883 1557 1927 59,
1579 1882 1776 1920 distantia
1795 1882 1997 1928 fixarum,

1018 1935 1220 1982 Angulus
1236 1947 1341 1973 vero
1358 1935 1490 1980 BOP,
1507 1936 1549 1973 P.
1567 1935 1647 1973 103.
1665 1936 1728 1974 M.
1745 1936 1808 1974 39.
1826 1936 1998 1975 Deinde
2036 1950 2070 1976 30

1018 1990 1063 2026 in
1074 1987 1314 2036 Triangulo
1327 1988 1411 2027 CO
1420 1989 1466 2033 B,
1484 2000 1537 2027 ex
1550 1989 1687 2027 tribus
1702 1989 1910 2027 lateribus
1922 2001 1997 2028 no-

1017 2043 1081 2085 tis,
1104 2041 1201 2086 CO,
1222 2042 1265 2079 P.
1287 2041 1350 2080 33.
1374 2042 1436 2079 M.
1460 2042 1512 2080 14.
1535 2041 1629 2086 ΒΟ,
1651 2042 1693 2080 P.
1711 2042 1773 2081 25.
1796 2042 1858 2081 M.
1876 2043 1938 2087 59,
1960 2043 1998 2081 &

1017 2094 1054 2132 C
1064 2095 1109 2138 Β,
1122 2094 1164 2132 P.
1178 2095 1213 2132 9.
1227 2095 1290 2132 M.
1303 2095 1366 2139 20,
1380 2095 1507 2133 datur
1518 2096 1722 2142 Angulus
1735 2095 1771 2134 C
1781 2096 1819 2134 O
1829 2096 1875 2140 B,
1887 2096 1929 2134 P.
1943 2097 1995 2134 12.

1017 2147 1079 2184 M.
1097 2147 1133 2191 0,
1151 2150 1226 2194 qui
1242 2147 1434 2186 sublatus
1450 2160 1477 2186 a
1492 2150 1627 2195 priori
1643 2148 1775 2193 POB,
1792 2149 1997 2197 relinquit

1016 2200 1243 2248 Angulum
1255 2201 1391 2246 POC,
1408 2201 1450 2239 P.
1463 2202 1516 2239 91.
1530 2201 1592 2239 M.
1606 2201 1667 2239 39.
1687 2201 1891 2249 Cumque
1907 2203 1995 2241 duo
2033 2215 2067 2241 35

1016 2252 1153 2291 latera
1182 2253 1410 2302 Trianguli
1440 2254 1576 2298 POC,
1608 2254 1726 2292 hunc
1757 2255 1996 2294 ambientia

1015 2311 1119 2344 nota
1144 2306 1233 2352 sint,
1259 2308 1432 2345 dabitur
1456 2307 1570 2345 latus
1594 2308 1682 2352 PC,
1707 2308 1750 2346 P.
1776 2309 1839 2346 65.
1866 2309 1929 2347 M.
1953 2309 1994 2347 13

1015 2360 1386 2407 complementum
1402 2360 1654 2399 latitudinis.
1672 2361 1723 2399 Et
1739 2361 1923 2409 insuper,
1941 2374 1994 2400 ex

352 2404 487 2443 tribus
503 2409 616 2444 notis
633 2407 851 2454 lateribus,
868 2414 1097 2458 proueniet
1113 2413 1315 2461 Angulus
1333 2413 1467 2457 CPO,
1484 2413 1526 2451 P.
1539 2413 1601 2451 37.
1619 2414 1682 2452 M.
1695 2415 1731 2459 7,
1748 2414 1994 2454 differentia

351 2457 633 2505 longitudinis
645 2472 671 2498 a
683 2461 839 2501 Scheat
850 2464 1011 2511 Pegafi;
1029 2466 1177 2504 incidit
1192 2468 1339 2513 itaque
1356 2466 1582 2514 longitudo
1595 2467 1805 2512 Cometae,
1822 2470 1868 2506 in
1881 2469 1924 2507 P.
1937 2470 1990 2508 16.
2029 2480 2063 2506 40

351 2510 413 2548 M.
431 2511 482 2549 22
502 2521 559 2556 m,
576 2513 804 2553 latitudine
821 2516 863 2554 P.
881 2517 943 2554 24.
962 2518 1023 2555 M.
1042 2519 1092 2556 47
1107 2519 1274 2557 boreali
1290 2519 1504 2557 existente.

1777 2575 1991 2615 Examine
