2209 3213
780 357 1115 426 CAPVT
1149 356 1585 424 SEXTVM.
2036 385 2078 417 89

365 455 454 498 DE
484 454 636 497 SITU
668 451 891 496 HUIUS
918 450 1240 501 COMETAE,
1273 449 1423 503 QUO
1451 449 1549 493 AD
1579 448 1826 493 MUNDI
1857 448 2002 492 DIA-

493 520 766 563 METRUM,
789 520 866 557 EX
887 518 1065 557 IPSIUS
1087 516 1553 561 PARALLAXIBUS;
1575 516 1613 554 8(
1633 517 1719 554 AN
1742 516 1790 554 IS
1812 516 1874 554 IN

539 582 849 625 AETHEREA,
870 581 957 618 AN
978 580 1132 618 VERO
1155 578 1536 617 ELEMENTARI
1558 578 1823 617 REGIONE

756 642 1076 685 EXTITERIT,
1098 640 1608 679 DEMONSTRATIUE

972 702 1391 742 CONCLUDERE.

469 787 493 815 1
607 767 682 813 α
713 779 1031 817 ARAUIMUS
1054 781 1100 816 in
1121 778 1325 816 omnibus
1345 776 1701 815 antecedentibus
1722 778 1840 814 viam
1863 776 1918 814 ad
1940 778 2003 814 in·

634 844 685 863 ψ
713 832 1012 880 uestigandum
1038 831 1511 877 demonstrandumque
1538 831 1593 874 id,
1622 830 1740 877 quod
1765 835 2002 877 tantopere,

713 890 772 923 tot
795 888 884 923 iam
906 885 1057 932 elapfis
1078 884 1255 928 Seculis,
1280 884 1334 922 ab
1357 884 1562 921 omnibus
1584 894 1696 931 pene
1717 882 2002 930 Philosophis‚

667 944 683 974 '32
712 941 757 976 in
769 940 913 976 varias
927 938 1158 976 sententias
1175 937 1454 984 disceptatum
1472 936 1538 980 est,
1556 936 1594 974 &
1610 948 1636 974 a
1652 935 1775 973 nullo
1791 934 2003 974 hactenus
2043 947 2074 973 10

712 994 884 1039 penitus
900 991 1101 1035 decisum,
1118 991 1273 1028 Vtrum
1290 990 1488 1028 videlicet
1507 989 1694 1037 possibile
1715 988 1773 1033 fit,
1795 989 2002 1027 Cometas

379 1070 388 1073 ν-
412 1070 414 1072 ·
512 1070 514 1072 v
553 1056 561 1066 -’
679 1056 684 1065 ··
712 1057 757 1082 m
769 1044 977 1082 AEtherea
990 1044 1150 1081 Mundi
1163 1044 1365 1091 Regione,
1380 1045 1493 1080 intra
1506 1043 1645 1081 Orbes
1658 1042 1864 1080 Coelestes
1875 1052 2002 1090 gene·

360 1100 458 1141 rari,
482 1110 540 1135 an
641 1109 666 1134 o
690 1100 811 1135 iuxta
833 1098 1218 1144 Peripateticorum
1240 1097 1411 1144 placita,
1435 1107 1590 1134 omnes
1612 1095 1725 1133 infra
1748 1095 1934 1139 Lunam,
1957 1096 2003 1132 in

360 1151 560 1198 suprema
580 1151 707 1188 Aeris
728 1151 917 1198 Regione
939 1151 1168 1188 necessario
1189 1149 1422 1187 versentur.
1447 1149 1513 1187 Est
1534 1148 1635 1187 sane
1658 1148 1742 1186 hoc
1765 1150 2002 1196 negotium,

360 1209 403 1241 vt
423 1206 696 1251 praecipuum
716 1205 826 1241 inter
847 1215 911 1247 ea,
933 1215 1032 1250 quae
1050 1204 1102 1241 de
1119 1203 1314 1241 Cometis
1331 1203 1414 1240 dici
1434 1204 1684 1249 inquirique
1703 1203 1858 1239 merito
1876 1201 2001 1239 debe·
2043 1213 2074 1238 15

360 1263 447 1299 ant,
465 1256 502 1294 &
518 1256 604 1294 fine
621 1268 709 1304 quo
726 1262 883 1294 caetera
899 1258 1061 1300 omnia,
1079 1267 1179 1303 quae
1196 1258 1241 1293 in
1257 1255 1453 1293 medium
1469 1255 1737 1298 adferuntur,
1756 1265 1915 1292 manca
1931 1265 2001 1291 ex-

359 1310 496 1353 istunt,
516 1312 575 1347 ita
591 1312 722 1347 etiam
738 1312 940 1347 omniurn
956 1309 1257 1353 difficilimum,
1280 1309 1318 1346 &
1338 1320 1429 1346 non
1445 1308 1584 1346 solum
1600 1308 1763 1352 labore,
1784 1307 1854 1345 sed
1871 1309 2003 1344 etiam

359 1374 519 1410 magna
535 1362 761 1400 subtilitate
778 1362 1071 1409 industriaque
1084 1362 1260 1409 indiget;
1277 1362 1388 1399 adeo
1400 1366 1443 1399 vt
1454 1361 1667 1409 Vulgares
1678 1360 1904 1398 Astrorum
1916 1360 2002 1398 Ob-

358 1415 611 1458 seruatores,
624 1427 724 1453 cum
735 1415 820 1453 suis
831 1415 1071 1462 puerilibus
1082 1415 1304 1452 &ludicris
1316 1414 1624 1459 Instrumentis,
1637 1413 1809 1461 prorsus
1819 1413 2000 1460 respuat.

359 1469 441 1506 Res
458 1470 575 1506 enim
586 1468 779 1506 versatur
794 1468 865 1506 hic
882 1470 995 1506 circa
1010 1470 1207 1512 minima,
1225 1479 1277 1505 ex
1292 1468 1449 1515 quibus
1461 1469 1657 1505 maxima
1669 1466 2001 1511 concluduntur,
2039 1478 2074 1503 20

359 1533 459 1559 cum
474 1521 536 1558 illi
552 1527 595 1559 vt
611 1521 851 1568 plurimum
867 1523 980 1559 circa
996 1523 1191 1559 maxima
1207 1523 1339 1558 etiam
1355 1523 1585 1558 caecutiant
1597 1520 1635 1557 &
1646 1519 1859 1558 aberrent.
1876 1519 1930 1557 Vt
1946 1518 2002 1557 ob

359 1574 400 1612 id
422 1586 512 1612 non
531 1574 663 1621 vsque
684 1575 795 1612 adeo
817 1576 979 1612 mirum
1002 1574 1060 1618 fit,
1082 1579 1251 1612 tantam
1274 1575 1350 1611 esse
1374 1573 1706 1621 discrepantiam
1728 1575 1839 1611 inter
1858 1571 2001 1610 Philo-

358 1627 516 1674 sophos
527 1627 609 1665 hac
621 1628 673 1665 de
686 1639 743 1672 re,
761 1627 799 1665 &
816 1633 904 1665 tam
917 1627 1107 1665 diuersas
1120 1629 1251 1665 etiam
1264 1627 1600 1665 Neotericorum
1612 1638 1666 1664 ex
1678 1626 2001 1664 Obseruationi-

358 1682 438 1718 bus
455 1682 647 1718 erroneis
664 1683 817 1728 petitas
838 1680 1085 1723 sententias;
1107 1680 1219 1718 adeo
1234 1685 1278 1718 vt
1295 1680 1622 1727 quamplurimi,
1644 1681 1719 1726 qui
1735 1679 1787 1717 de
1804 1678 1886 1717 hac
1903 1678 2000 1717 Ma-

358 1736 465 1771 teria
481 1734 646 1780 aliquid
660 1736 705 1771 in
718 1734 914 1771 medium
926 1733 1212 1781 protulerunt,
1229 1735 1361 1771 etiam
1372 1735 1484 1771 inter
1495 1744 1583 1776 eos,
1600 1735 1778 1780 quinon
1789 1732 2001 1780 Vulgares
2038 1743 2072 1768 25

358 1786 509 1824 haberi
532 1786 696 1830 volunt,
722 1786 956 1834 longissime
982 1786 1117 1833 (quod
1142 1786 1263 1824 saluo
1286 1785 1619 1833 vniuscuiusque
1644 1785 1814 1823 honore
1839 1783 2001 1823 dietum

358 1839 476 1885 volo)
498 1841 524 1876 a
544 1839 671 1887 scopo
692 1842 824 1887 petito
845 1839 1098 1883 aberrarint,
1120 1845 1163 1877 vt
1183 1839 1259 1877 suo
1280 1839 1377 1877 loco
1398 1841 1444 1877 in
1464 1839 1638 1887 fingulis
1658 1838 1756 1877 satis
1777 1838 2002 1876 euidenter

360 1892 760 1930 demonstrabimus.
782 1892 940 1939 Neque
961 1892 1062 1930 sane
1083 1892 1262 1930 vlterius
1282 1892 1488 1936 admiror,
1509 1897 1570 1930 tot
1589 1891 1838 1939 praestantes
1858 1891 2000 1928 Astro-

358 1957 515 1982 nomos
537 1947 667 1983 etiam
688 1945 981 1983 hallucinatos
1002 1946 1078 1983 esse
1099 1948 1213 1983 circa
1233 1945 1483 1983 Parallaxin
1506 1944 1639 1983 huius
1660 1945 1858 1983 Cometae
1879 1944 1999 1982 inda-

358 1999 547 2045 gandam
564 1998 1044 2045 demonstrandamque,
1067 2010 1167 2036 cum
1182 2010 1273 2036 non
1289 2000 1418 2045 pauci
1435 2010 1488 2036 ex
1503 2000 1556 2046 ijs
1571 1997 1818 2045 parallaxin
1833 1996 1999 2035 senfibi-
2037 2008 2071 2034 30

358 2051 445 2088 lem
468 2051 611 2088 Stellae
635 2051 781 2089 Nouae
805 2051 1088 2094 attribuerint,
1113 2052 1225 2089 adeo
1248 2057 1291 2089 vt
1314 2051 1494 2098 quidam
1516 2062 1608 2089 non
1630 2050 1879 2094 dubitarint,
1905 2049 1998 2087 Ele-

358 2110 599 2141 mentarem
626 2115 724 2141 earn
750 2105 932 2148 extitisse‚
963 2107 1259 2151 pronuntiare.
1291 2104 1407 2142 Cum
1432 2110 1580 2142 tamen
1605 2103 1806 2148 facilime,
1833 2099 1999 2153 eti-flam
2032 2108 2075 2140 90

358 2156 516 2204 absque
533 2157 621 2194 vllo
642 2168 753 2204 pene
775 2157 1073 2201 Instrumento,
1095 2157 1378 2204 depraehendi
1398 2162 1578 2204 poterat,
1599 2157 1721 2194 illam
1741 2158 1854 2194 circa
1873 2157 1998 2193 verti-

358 2221 452 2247 cem
473 2221 598 2256 aeque
620 2222 669 2247 ac
690 2212 811 2247 iuxta
827 2210 1130 2254 Horizontem‚
1152 2211 1339 2248 eandem
1360 2210 1566 2257 exquisite
1587 2221 1613 2247 a
1632 2211 1786 2247 vicinis
1806 2209 1904 2246 fixis
1925 2208 1997 2246 ob-

357 2263 520 2300 tinuisse
533 2262 787 2305 distantiam,
805 2263 922 2310 quod
934 2262 1029 2300 fieri
1041 2275 1325 2310 nequaquam
1336 2264 1540 2310 potuisset,
1553 2262 1583 2300 fi
1594 2263 1705 2300 adeo
1716 2264 1861 2300 vicina
1872 2261 1997 2299 nobis
2035 2272 2069 2298 35

357 2315 501 2359 fuisset‚
525 2320 568 2352 vt
588 2315 735 2353 Terrae
759 2315 1089 2353 Semidiameter
1111 2316 1349 2354 sensibilem
1372 2316 1634 2359 Parallaxin,
1660 2317 1729 2353 cui
1755 2314 1844 2362 ipsa
1866 2317 1997 2352 etiam

358 2368 484 2406 Luna
496 2368 687 2406 obnoxia
703 2368 769 2412 est,
787 2369 1025 2412 induxisset;
1042 2369 1207 2406 Verum
1219 2369 1351 2407 Stella
1362 2369 1437 2406 illa
1448 2380 1604 2406 reuera
1615 2379 1793 2406 omnem
1805 2366 1998 2414 aspedtus

358 2421 647 2459 diuerfitatem
669 2421 935 2465 excludebat,
958 2421 995 2458 8(
1016 2433 1107 2459 non
1127 2422 1251 2459 aliter
1267 2433 1401 2469 quarn
1417 2421 1551 2459 affixa
1567 2421 1730 2465 Sidera,
1751 2420 1791 2458 se
1807 2419 1998 2467 respectu

356 2474 503 2511 Terrae
520 2474 792 2517 reuoluebat;
809 2480 852 2511 vt
868 2476 913 2511 in
929 2476 1062 2521 priori
1079 2475 1201 2519 libro,
1218 2475 1289 2512 vbi
1306 2475 1358 2512 de
1374 2474 1456 2512 hac
1474 2485 1526 2511 ex
1542 2473 1720 2521 professo
1738 2475 1916 2521 egimus,
1933 2475 1996 2510 in-

357 2527 525 2564 fallibili
546 2529 713 2564 ratione
734 2527 965 2574 aliquoties
984 2527 1322 2565 demonstratum
1340 2527 1608 2574 reliquimus.
1633 2527 1902 2564 Facilitatem
1920 2537 1995 2564 au·
2033 2537 2067 2563 40

1909 2583 1995 2616 tem
