2209 3213
151 818 182 843 10

130 865 194 896 320

151 1084 181 1109 15

145 1403 179 1428 20

158 1448 178 1478 ,1.

540 221 1061 261 RECENTIORIBUS
1083 220 1540 259 PHAENOMENIS
1795 222 1861 258 261

220 330 367 367 riatur.
388 328 567 366 Vtinam
586 340 691 366 vero
712 334 802 367 tam
821 328 945 372 bene,
966 328 1035 366 vel
1055 330 1101 366 in
1121 329 1327 371 minimis,
1350 327 1413 365 sui
1434 327 1716 374 Praeceptoris
1736 328 1861 365 indu-

220 382 363 420 striam
380 381 418 419 8(
433 381 702 429 diligentiam
718 383 910 420 imitatus
926 381 1070 426 fuisset,
1089 386 1220 429 atque
1237 382 1457 428 egregium
1473 379 1626 418 nactus
1643 385 1746 418 erat.
1769 381 1862 418 Ho-

221 446 319 472 rum
329 437 475 482 itaque
486 439 675 481 quatuor
684 434 991 473 excellentium
999 435 1207 472 Virorum
1217 434 1269 472 de
1279 433 1467 472 Cometa
1476 433 1572 478 hoc,
1586 445 1639 471 ex
1650 433 1863 472 Obserua-

219 487 411 526 tionibus
427 499 537 535 quas
552 489 598 525 in
614 488 810 525 medium
826 488 1114 531 adduxerunt,
1135 487 1317 535 prolatae
1334 487 1582 530 Sententiae,
1604 489 1751 534 vtique
1772 499 1863 525 non

219 541 359 579 solum
377 543 441 584 iis,
463 543 537 588 qui
554 540 638 579 hoc
654 553 755 579 aeuo
771 543 907 579 vitam
923 541 1095 589 degunt,
1116 540 1186 578 sed
1204 542 1335 579 etiam
1351 542 1427 578 toti
1443 540 1675 587 posteritati
1691 540 1863 587 persua-

219 594 320 632 dere
332 593 458 632 facile
469 595 640 641 possent,
657 594 797 641 ipsum
809 596 854 632 in
866 594 1132 632 Elementari
1144 593 1332 638 Mundo,
1349 605 1440 631 non
1454 595 1499 631 in
1510 595 1669 631 maiori
1681 605 1707 631 a
1718 593 1863 631 Terris

219 647 427 691 distantia,
449 659 584 694 quam
604 648 628 685 9
649 647 762 686 Sem.
781 652 1037 695 generatum
1058 646 1186 690 fuisse,
1208 646 1445 694 praesertim
1465 658 1565 684 cum
1581 646 1863 684 Aristotelicae

219 700 274 738 ab
299 700 504 738 omnibus
529 712 641 748 pene
666 706 851 748 receptae
876 700 1098 738 sententiae
1123 705 1213 738 tam
1238 700 1350 738 belle
1375 699 1648 743 subscribant,
1675 700 1863 747 ideoque

218 753 354 791 ferme
375 765 529 791 omnes
548 753 630 792 hac
646 756 793 791 minus
810 758 925 792 certa
941 755 1150 800 opinione
1167 753 1334 797 imbuti,
1356 753 1409 791 ab
1427 765 1480 791 eo
1497 753 1615 800 quod
1632 764 1700 790 res
1716 753 1770 791 est
1787 753 1863 791 ali-

220 812 467 850 enarentur,
490 806 527 844 &
547 806 649 844 sane
669 806 754 844 hoc
773 807 908 844 modo
929 806 1135 854 ipfissimae
1151 806 1333 844 Veritati
1349 808 1413 844 vis
1430 818 1591 853 magna
1612 805 1745 850 fieret,
1766 806 1864 844 licet

218 860 261 897 id
277 872 304 898 a
319 861 576 907 paucissimis
592 860 1028 898 animaduerteretur.
1046 856 1061 909 ΙΙ
1078 859 1210 906 Quod
1230 870 1286 897 ne
1308 861 1496 902 eueniat,
1518 862 1863 906 operaeprecium

218 925 289 951 me
309 911 526 951 facturum
547 913 712 958 censeo,
733 913 762 951 fi
783 924 938 952 eorum
955 912 1306 956 obseruationes,
1328 912 1366 950 &
1386 912 1454 950 his
1474 914 1649 950 innixas
1668 912 1862 950 Demon-

219 966 453 1010 strationes,
477 967 532 1004 ad
552 967 757 1004 Veritatis
777 965 976 1004 exafflam
996 977 1201 1004 normam
1222 966 1484 1013 expendero,
1509 965 1547 1003 8(
1568 977 1656 1012 qua
1677 967 1722 1003 in
1743 972 1863 1013 parte

219 1022 354 1057 errori
376 1020 580 1058 obnoxiae
601 1019 773 1063 fuerint,
794 1019 954 1058 harum
974 1030 1121 1057 rerum
1139 1020 1400 1066 penitiorem
1417 1019 1720 1056 certitudinem
1737 1031 1864 1067 expe-

218 1072 406 1111 tentibus
422 1072 645 1111 manifesse
661 1073 958 1111 declarauero.
976 1072 1187 1119 Incipiam
1204 1074 1351 1119 itaque
1368 1084 1394 1110 a
1410 1072 1464 1109 D.
1477 1071 1704 1109 Thaddaeo
1718 1072 1863 1120 Hage-

218 1127 285 1164 cio
305 1127 512 1164 Amicitia
531 1126 739 1164 diuturna
759 1125 868 1164 mihi
889 1123 1156 1170 iunetissimQ
1177 1125 1322 1173 postea
1342 1125 1395 1163 de
1417 1130 1676 1163 eaeterorum
1696 1125 1863 1172 placitis

218 1179 371 1217 ordine
388 1177 591 1218 dic’turus.

219 1270 281 1314 D.
301 1270 709 1315 THADDAEVS
732 1270 1089 1316 HAGECIVS
1109 1270 1199 1314 AB
1223 1270 1476 1322 HAYCK,
1505 1270 1860 1314 BOHEMVS.

264 1339 421 1377 NTER
445 1351 612 1383 omnes,
638 1342 713 1386 qui
738 1339 791 1377 de
815 1340 950 1378 Noua
972 1339 1105 1378 Stella
1127 1339 1262 1377 Anno
1285 1339 1335 1377 72
1361 1336 1599 1385 conspecta,
1625 1339 1791 1385 aliquid
1816 1341 1861 1376 in

280 1392 476 1430 medium
496 1393 783 1440 protulerunt,
804 1393 930 1431 facile
950 1392 1146 1440 palmam
1163 1392 1348 1430 obtinuit
1365 1392 1630 1430 Clarissimus
1650 1392 1688 1429 8(
1710 1392 1861 1429 Erudi-

216 1446 390 1483 tissimus
401 1446 490 1490 Vir,
503 1445 916 1484 D.THADDAEVS
929 1445 1237 1484 HAGECIVS
1249 1445 1303 1483 ab
1316 1445 1488 1493 Hayck,
1501 1445 1632 1482 Aulae
1646 1445 1860 1483 Caefareae

215 1498 430 1537 Medicus.
457 1499 603 1537 Nemo
627 1501 746 1537 enim
768 1499 821 1537 de
845 1511 897 1537 ea
920 1499 1168 1547 diligentius
1190 1499 1228 1537 8(
1251 1498 1511 1546 locupletius
1534 1498 1701 1546 scripsit,
1728 1510 1860 1536 nemo

215 1554 347 1590 etiam
363 1550 519 1590 reclius
536 1553 672 1600 (quod
688 1558 837 1591 tamen
853 1555 958 1591 citra
974 1553 1163 1591 aliorum
1180 1552 1467 1590 offenfionem
1483 1550 1643 1590 did'tum
1656 1552 1804 1597 velim)
1822 1552 1860 1589 8(

214 1605 342 1653 scopo
366 1608 547 1653 propius
572 1608 666 1644 eius
689 1607 983 1654 Apparentias
1006 1605 1328 1644 demonstrauit.
1354 1606 1412 1643 At
1437 1607 1482 1642 in
1505 1605 1637 1643 huius
1662 1605 1860 1643 Cometae

143 1670 202 1701 25-1-
214 1659 498 1706 descriptione
513 1659 684 1697 videtur
704 1659 832 1707 longe
852 1664 1045 1697 mutatus
1066 1659 1121 1697 ab
1141 1658 1230 1702 illo,
1252 1660 1326 1706 qui
1344 1657 1607 1696 exad'tiorem
1623 1658 1861 1696 Veritatem

141 1936 175 1961 30

145 2204 178 2228 35

125 2463 184 2494 321

213 1713 259 1750 in
279 1711 391 1751 dicta
412 1712 546 1750 Noua
566 1712 711 1756 Stella,
735 1724 826 1760 prae
849 1714 1016 1751 caeteris
1039 1712 1303 1750 collimatius
1325 1712 1634 1759 assequebatur,
1659 1711 1697 1749 8(
1720 1712 1860 1750 nulla-

213 1770 340 1803 tenus
356 1765 427 1803 hic
443 1770 610 1804 tantam
622 1768 668 1804 in
681 1765 1084 1809 obseruationibus,
1102 1765 1339 1813 ijsdemque
1356 1765 1430 1803 sub
1447 1765 1652 1803 incudem
1665 1765 1860 1803 Demon-

212 1818 467 1857 strationum
484 1819 522 1857 8(
538 1831 827 1857 numerorum
842 1819 1115 1863 reuocandis,
1135 1818 1333 1856 adhibuit
1349 1818 1631 1862 sedulitatem,
1649 1824 1861 1865 quantam

213 1874 259 1909 in
271 1872 447 1910 Dialexi
464 1872 540 1910 sua
556 1873 609 1911 de
625 1874 949 1920 praenominata
960 1872 1110 1915 Stella:
1127 1872 1214 1910 siue
1231 1872 1349 1919 quod
1366 1883 1484 1909 nunc
1496 1883 1587 1909 non
1599 1872 1710 1909 adeo
1723 1874 1860 1914 certis.

214 1930 257 1962 vt
280 1931 423 1969 antea,
447 1925 756 1970 Instrumentis,
780 1926 938 1973 quibus
959 1925 1261 1963 Phaenomena
1282 1925 1480 1963 Cometae
1504 1924 1774 1968 scrutaretur,
1798 1927 1860 1962 in—

214 1977 391 2017 struclus
407 1978 547 2023 fuerit,
563 1979 651 2017 fiue
668 1979 786 2026 quod
803 1981 892 2017 otio
908 1990 1000 2017 non
1015 1978 1113 2016 satis
1129 1978 1374 2022 abundarit,
1392 1990 1480 2025 quo
1497 1980 1643 2016 minus
1659 1990 1812 2025 parem
1824 1978 1861 2015 8(

215 2037 535 2079 competentem
551 2032 819 2080 diligentiam
836 2032 907 2070 hic
924 2034 1056 2070 etiam
1072 2031 1272 2079 praestare
1288 2033 1487 2079 potuerit.
1505 2031 1726 2078 Quicquid
1738 2032 1781 2069 id
1793 2031 1860 2074 est,

214 2087 402 2123 nimium
422 2085 524 2123 sane
544 2088 589 2123 in
610 2085 694 2124 hoc
712 2085 898 2124 Cometa
914 2097 940 2124 a
956 2085 1096 2132 scopo,
1118 2085 1188 2123 vel
1208 2084 1248 2122 se
1269 2084 1359 2132 ipso
1377 2096 1495 2122 nunc
1511 2085 1690 2123 tandem
1705 2085 1860 2127 iudice,

215 2137 402 2183 deflexit,
424 2151 556 2186 quem
572 2141 617 2176 in
634 2138 767 2177 Stella
783 2139 929 2182 Noua,
946 2138 976 2176 fi
992 2140 1089 2185 quis
1106 2138 1231 2181 alius,
1253 2150 1388 2185 quam
1408 2140 1607 2185 proxime
1624 2140 1769 2186 attigit.
1792 2138 1860 2175 Ne

215 2203 321 2229 vero
343 2197 433 2230 tam
455 2192 694 2239 praestantis
709 2192 814 2235 Viri,
839 2191 877 2229 &
900 2192 1061 2229 Rerum
1084 2191 1504 2229 Mathematicarum
1527 2193 1775 2239 cognitione
1798 2194 1860 2228 in-

215 2246 366 2291 primis
381 2245 643 2289 excellentis‚
656 2245 942 2292 Veritatisque
954 2244 1114 2282 sincere
1126 2246 1327 2289 amantis,
1345 2244 1636 2289 Authoritate,
1654 2244 1751 2292 alijs
1767 2256 1860 2292 per-

214 2297 458 2342 suadeatur,
476 2298 709 2336 Cometam
725 2298 842 2336 hunc
855 2309 1011 2336 reuera
1023 2298 1346 2336 Elementarem
1362 2297 1490 2341 fuisse‚
1507 2297 1743 2345 praesertim
1761 2309 1860 2335 cum

214 2352 250 2388 is
265 2350 353 2388 fine
369 2352 625 2398 praeiudicio
641 2352 792 2399 aliquo
810 2363 903 2389 rem
924 2351 1039 2389 hanc
1054 2350 1256 2395 tractarit,
1277 2351 1543 2389 Aristoteleis
1563 2350 1860 2389 fundamentis

214 2415 305 2441 non
321 2406 521 2448 nimium,
538 2410 581 2442 vt
596 2405 806 2452 plerique,
823 2404 1022 2448 confisus,
1044 2404 1155 2442 adeo
1171 2409 1215 2442 vt
1231 2416 1323 2442 non
1339 2404 1555 2448 dubitarit,
1573 2404 1752 2442 Stellam
1769 2404 1859 2441 No-

214 2468 319 2495 uam
335 2459 380 2495 in
397 2454 627 2508 altissi-ssmo
639 2458 819 2496 AEthere
834 2463 985 2496 contra
996 2457 1383 2504 Peripateticorum
1399 2458 1571 2495 decreta
1587 2457 1858 2499 constituere;

213 2510 344 2557 idque
359 2511 513 2558 procul
528 2511 662 2549 dubio
678 2513 724 2549 in
740 2511 823 2549 hoc
840 2513 972 2549 etiam
985 2510 1171 2549 Cometa
1187 2510 1414 2548 admittere
1431 2522 1523 2548 non
1534 2512 1697 2547 veritus
1713 2510 1858 2551 fuisset.

1518 2563 1547 2600 fi
1563 2565 1586 2601 e
1604 2562 1857 2600 certioribus
