2209 3213
365 254 413 290 44
856 242 938 280 DE
960 240 1185 279 MUNDI
1206 237 1506 276 AETHEREI

365 361 408 395 in
430 358 499 394 ala
521 355 672 402 Cygni.
694 350 894 397 Angulus
915 358 1019 385 vero
1041 346 1168 389 BPA,
1193 343 1437 382 differentia
1456 342 1738 390 longitudinis
1759 342 1999 380 earundem

365 412 406 448 P.
424 412 458 447 5.
478 409 538 445 M.
556 408 617 450 24,
635 406 856 442 inuenitur
873 413 925 438 ex
940 398 1280 446 Triangulorum
1297 398 1465 435 ratione
1482 396 1615 433 Latus
1631 395 1721 439 BA,
1743 395 1785 433 P.
1803 395 1838 433 6.
1856 395 1920 433 M.
1936 395 1999 439 44,

365 463 480 509 quod
500 463 629 498 etiam
646 457 877 496 Stellarum
898 454 1059 491 indicat
1079 451 1338 493 distantiam:
1361 449 1398 487 8(
1419 461 1472 487 ex
1493 449 1602 486 datis
1622 448 1758 486 tribus
1774 447 2000 486 Lateribus

365 519 408 553 in
426 515 579 552 eodem
595 509 832 557 Triangulo
849 507 975 544 datur
991 502 1005 555 ΙΙ
1022 504 1224 552 Angulus
1238 503 1370 546 BAP,
1387 502 1429 540 P.
1442 502 1495 539 31.
1509 501 1571 539 M.
1584 501 1646 539 35.
1664 501 1836 539 Deinde
1853 503 1899 538 in
1908 501 2000 538 Tri·
2033 508 2076 540 42

1043 557 1206 605 angulo
1227 556 1355 600 PAE,
1379 567 1432 593 ex
1452 555 1629 602 Angulo
1651 554 1707 592 ad
1723 555 1763 592 A
1779 554 1914 592 modo
1934 556 1997 592 in·
2036 568 2052 593 5

687 571 727 618 P
1044 615 1190 654 uent0‚
1226 609 1264 647 8(
1298 609 1376 646 ΡΑ
1406 608 1728 655 complemento
1757 607 1998 645 latitudinis

1044 663 1189 702 Stellae
1205 664 1251 700 in
1262 663 1316 706 A,
1334 662 1487 700 Latere
1499 673 1604 699 vero
1616 661 1696 698 EA
1712 660 1906 705 dimidio,
1922 672 1999 707 per

1046 715 1332 765 Hypofflefin,
1345 715 1474 762 ipsius
1484 715 1575 758 ΒΑ,
1588 713 1626 751 8(
1639 714 1693 752 01)
1705 714 1748 752 id
1760 715 1951 761 partium
1961 713 1997 751 3.

1046 770 1109 808 M.
1122 770 1185 814 22,
1198 769 1325 807 datur
1335 768 1416 812 PE,
1428 768 1471 805 P.
1482 768 1544 806 43.
1556 767 1619 805 M.
1630 767 1693 812 28,
1706 767 1998 814 complemen-

652 805 791 941 ν
916 870 947 930 A
1046 829 1140 861 tum
1155 821 1395 860 latitudinis
1410 819 1558 868 punc'ti
1574 820 1832 868 intermedij.
1850 820 1944 858 Iam
1955 821 2000 857 in
2041 832 2072 858 lo

1046 875 1286 923 Triangulo
1309 874 1436 918 PBE,
1463 885 1517 912 ex
1540 873 1676 911 tribus
1701 873 1907 911 lateribus
1932 884 2000 911 co-

1047 931 1174 977 gnitis
1191 928 1421 972 constante,
1438 938 1542 965 nam
1555 927 1627 964 PB
1641 926 1696 964 est
1708 926 2000 974 complemen-

1047 988 1140 1021 tum
1161 981 1401 1020 latitudinis
1417 980 1575 1025 Stellae,
1597 991 1697 1027 quae
1719 979 1775 1017 est
1794 979 1941 1017 media
1956 980 2002 1016 in

1048 1036 1132 1079 ala,
1149 1035 1221 1072 PE
1237 1037 1326 1072 iam
1342 1035 1544 1077 innotuit,
1562 1033 1600 1071 &
1616 1033 1649 1070 B
1658 1033 1692 1070 E
1704 1032 1759 1070 est
1771 1032 2002 1070 dimidium

365 998 585 1237 D‘
1049 1088 1178 1136 ipfius
1194 1088 1272 1125 ΒΑ
1289 1087 1416 1134 supra
1431 1088 1600 1124 inuenti
1616 1097 1755 1130 arcuS,
1772 1086 1900 1124 datur
1910 1086 2000 1123 An·
2042 1098 2073 1123 15

1049 1142 1175 1190 gulus
1199 1141 1325 1185 BPE,
1352 1140 1394 1178 P.
1418 1140 1454 1178 2.
1479 1140 1542 1178 M.
1565 1140 1628 1184 50,
1655 1141 1730 1187 qui
1753 1139 1925 1177 additus
1947 1138 2002 1177 ad

381 1211 421 1260 F
562 1246 615 1284 H
701 1250 726 1283 I
838 1237 887 1278 L
982 1198 1021 1241 1<
1050 1194 1368 1285 longitudigem
1381 1192 2002 1284 tStellaedinEB,Pd§.341(ffigiltdidi-

1050 1259 1261 1295 nempun
1304 1258 1378 1284 ιιιι
1398 1257 1516 1284 erme
1549 1258 1575 1294 ι]
1634 1276 1642 1290 ,
1696 1276 1704 1283 .
1776 1276 1783 1283 .
1857 1275 1864 1282 .
1943 1254 2002 1289 m,

360 1307 586 1346 latitudine
609 1305 737 1353 ipfius
760 1306 880 1351 prius
903 1301 1104 1340 existente
1128 1302 1311 1348 cognita.
1335 1300 1551 1337 Praeterea
1570 1299 1642 1336 hic
1662 1298 1779 1336 idem
1799 1297 2002 1346 Angulus

361 1361 533 1399 additus
553 1360 608 1397 ad
625 1358 851 1405 Angulum
872 1356 1002 1399 CPB,
1023 1354 1221 1393 videlicet
1241 1352 1533 1391 differentiam
1551 1352 1835 1400 longitudinis
1856 1351 2001 1390 Stellae
2039 1362 2074 1388 20

361 1414 555 1451 Vulturis
568 1412 605 1449 8(
617 1411 781 1449 Mediae
793 1410 903 1453 Alae,
921 1420 1020 1456 quae
1038 1407 1093 1445 est
1108 1407 1151 1445 P.
1163 1407 1226 1445 25.
1240 1406 1303 1444 Μ.
1316 1406 1378 1449 28,
1396 1405 1608 1444 constituit
1623 1410 1763 1443 totum
1774 1404 2002 1452 Angulum

362 1466 491 1510 CPE,
508 1466 550 1503 P.
567 1465 629 1503 28.
648 1464 710 1502 M.
729 1464 781 1502 18.
802 1463 1080 1509 Quapropter
1095 1463 1141 1498 in
1156 1459 1395 1507 Triangulo
1413 1458 1542 1503 CPE,
1559 1470 1612 1496 ex
1629 1458 1739 1496 datis
1755 1458 1926 1496 duobus
1942 1457 2002 1496 la-

362 1520 535 1563 teribus,
553 1518 589 1556 C
598 1518 628 1555 P
640 1516 960 1564 complemento
972 1514 1211 1552 latitudinis
1222 1513 1431 1556 Vulturis,
1444 1511 1481 1549 &
1493 1511 1565 1549 PE
1578 1511 1898 1559 complemento
1910 1510 2002 1549 lati-

362 1573 523 1610 tudinis
538 1569 686 1618 punc'ti
703 1568 945 1616 intermedij
968 1569 1088 1615 prius
1109 1569 1303 1610 inuento,
1324 1565 1590 1613 Anguloque
1607 1564 1723 1603 CPE
1739 1564 1872 1602 modo
1889 1564 2002 1608 dato,

362 1627 563 1673 prouenit
579 1624 692 1662 latus
705 1623 741 1661 C
750 1623 795 1665 E,
813 1622 855 1659 P.
867 1621 930 1659 27.
943 1621 1006 1658 Μ.
1019 1620 1081 1658 56.
1099 1620 1150 1657 Et
1162 1631 1215 1657 ex
1226 1619 1361 1657 tribus
1372 1618 1579 1656 lateribus
1591 1619 1770 1666 cognitis
1781 1629 1873 1655 non
1884 1619 2002 1665 igno·
2040 1628 2074 1654 25

362 1679 526 1716 rabitur
546 1676 747 1724 Angulus
770 1674 900 1718 PEC,
924 1674 966 1711 P.
986 1674 1056 1712 118.
1079 1673 1142 1710 M.
1160 1672 1197 1710 3.
1221 1672 1315 1710 Iam
1337 1672 1517 1709 demum
1538 1673 1584 1709 in
1606 1670 1845 1718 Triangulo
1868 1669 2002 1714 PED,

361 1732 433 1769 vbi
455 1730 750 1768 addiderimus
771 1728 904 1765 Latus
925 1726 1024 1771 DC,
1046 1726 1289 1764 distantiam
1310 1724 1509 1763 Cometae
1529 1736 1556 1762 a
1575 1723 1771 1767 Vulture,
1795 1723 1850 1762 ad
1871 1723 2004 1761 Latus

364 1784 441 1822 CE
465 1783 597 1820 modo
621 1785 863 1824 inuentum,
887 1781 1090 1828 prouenit
1112 1784 1250 1817 totum
1273 1778 1406 1816 Latus
1430 1777 1526 1822 DE,
1549 1777 1592 1815 P.
1613 1778 1676 1816 54.
1699 1777 1762 1814 M.
1783 1777 1846 1815 44.
1871 1777 2003 1814 Latus

364 1849 467 1874 vero
484 1836 556 1873 PE
572 1838 692 1883 prius
708 1839 799 1872 erat
815 1833 1077 1880 inquisitum,
1100 1836 1365 1879 quapropter
1384 1842 1476 1869 non
1490 1830 1760 1878 ignorabitur
1776 1830 1908 1868 Latus
1924 1834 2003 1867 ter-

363 1892 473 1927 tium
490 1889 581 1933 DP,
602 1889 644 1926 P.
662 1888 715 1926 81.
733 1887 796 1925 M.
813 1888 849 1931 5,
869 1886 1239 1933 complementum
1255 1884 1495 1922 latitudinis
1512 1883 1722 1928 Cometae,
1739 1882 1777 1921 8(
1793 1887 2004 1930 praeterea
2041 1893 2075 1919 30

364 1945 409 1980 in
426 1942 581 1980 eodem
591 1940 830 1988 Triangulo
847 1951 900 1977 ex
916 1940 1095 1987 cognitis
1110 1939 1245 1976 tribus
1261 1937 1468 1975 lateribus
1484 1936 1714 1980 constante,
1731 1936 1902 1974 dabitur
1913 1936 2003 1973 An-

365 1995 490 2043 gulus
502 1995 635 2037 DPE,
653 1993 895 2032 differentia
911 1992 1193 2039 longitudinis
1206 1991 1404 2029 Cometae
1420 2002 1446 2028 a
1461 1990 1731 2038 longitudine
1747 1987 1846 2027 dicti
1857 1987 2004 2036 puncli

365 2048 622 2095 intermedij,
644 2058 777 2094 quam
794 2047 1046 2083 inuenimus
1062 2045 1104 2082 P.
1121 2045 1184 2082 46.
1201 2044 1264 2082 M.
1282 2044 1344 2082 50.
1367 2043 1646 2090 Quapropter
1661 2054 1761 2081 cum
1779 2041 2004 2090 longitudo

367 2101 556 2138 eiusdem
572 2099 718 2147 puncti
734 2099 929 2146 superius
941 2103 1110 2145 reperta
1120 2097 1166 2135 fit
1177 2099 1222 2134 in
1234 2097 1277 2134 P.
1289 2097 1352 2134 24.
1366 2097 1428 2134 M.
1442 2097 1484 2134 10
1498 2106 1540 2133 ω
1549 2127 1557 2140 ,
1573 2094 1779 2134 subducta
1789 2095 1872 2133 hac
1884 2093 2003 2132 diffe-

366 2156 516 2196 rentia,
534 2155 611 2191 erit
627 2152 851 2200 longitudo
869 2151 1066 2189 Cometae
1083 2152 1128 2187 in
1144 2150 1187 2188 P.
1203 2151 1239 2188 7.
1258 2150 1320 2187 M.
1337 2149 1389 2187 20
1409 2155 1449 2193 z,
1471 2149 1718 2187 Latitudine
1734 2144 1900 2198 ipsi-{lus
1916 2149 2002 2185 exi-
2036 2152 2079 2184 43

364 2207 494 2244 stente
512 2218 564 2244 ex
581 2206 901 2253 complemento
917 2206 1037 2251 prius
1053 2204 1166 2247 dato,
1183 2203 1225 2241 P.
1242 2203 1279 2241 8.
1296 2203 1360 2240 M.
1377 2203 1439 2241 55.
1461 2202 1581 2240 Patet
1595 2204 1755 2249 itaque,
1775 2201 1893 2248 quod
1908 2200 2004 2238 haec

364 2259 589 2307 longitudo
606 2259 643 2296 8(
660 2258 842 2296 latitudo
859 2258 1056 2295 Cometae
1073 2259 1118 2294 in
1135 2256 1252 2293 hunc
1268 2256 1451 2293 modum
1467 2257 1661 2297 inuenta,
1680 2266 1707 2292 a
1724 2255 1858 2302 priori
1875 2265 1927 2292 ex
1943 2253 2003 2291 di-

364 2313 524 2350 stantiis
541 2312 729 2349 fixarum
746 2316 933 2357 accepta,
955 2309 1154 2357 pauculis
1170 2309 1318 2347 saltem
1335 2308 1544 2356 scrupulis
1560 2307 1741 2351 differat,
1758 2309 1804 2344 in
1819 2307 2004 2354 longitu-

365 2366 465 2403 dine
481 2365 680 2402 videlicet
697 2364 759 2401 M.
774 2365 810 2406 5,
828 2366 872 2400 in
888 2363 1114 2401 latitudine
1131 2362 1279 2400 [altem
1296 2361 1359 2399 M.
1372 2362 1408 2405 4,
1424 2367 1468 2399 vt
1484 2361 1539 2399 ob
1555 2361 1597 2398 id
1613 2363 1804 2408 priorem
1820 2360 1903 2398 loci
1920 2359 2004 2398 Co-

364 2423 492 2456 metae
509 2418 832 2465 assignationem
849 2416 945 2454 satis
962 2421 1123 2453 certam
1140 2416 1228 2458 esse,
1246 2415 1563 2461 comprobetur,
1579 2413 1789 2461 fiquidem
1802 2412 1840 2450 8(
1851 2412 2003 2450 distan-
2041 2423 2076 2448 40

364 2474 449 2514 tiae,
464 2470 501 2508 8(
515 2471 612 2508 loca
624 2470 856 2508 Stellarum
866 2468 1000 2516 paulo
1013 2467 1204 2507 exafflus
1216 2468 1302 2505 illic
1314 2467 1354 2505 se
1366 2467 1597 2511 habebant,
1610 2472 1650 2504 et
1661 2466 2003 2513 discrepantiam,

367 2535 501 2571 quam
517 2523 683 2561 lunaris
699 2524 883 2560 remotio
899 2522 1131 2569 ingerebat,
1153 2521 1301 2559 saltem
1321 2520 1422 2558 inde
1439 2525 1581 2558 ortam
1595 2519 1723 2563 fuisse,
1745 2519 1862 2566 quod
1879 2518 2005 2556 Luna

1770 2571 2004 2609 Horizonti
