2209 3213
106 825 136 851 10

90 980 154 1012 25ν

106 1092 135 1118 15

102 1358 135 1383 20

103 1625 137 1650 25

107 1890 141 1916 30

108 2157 141 2183 35

110 2423 143 2449 40

426 226 516 264 AD
538 226 849 265 CRAIGUM
871 225 1143 265 SCOTUM
1166 227 1250 265 DE
1271 226 1562 265 COMETIS
1739 227 1815 265 453

172 334 358 382 probare
378 343 662 380 neqveamus,
683 331 781 369 illas
801 331 923 370 sensu
939 338 1066 371 notas
1083 333 1405 371 observationes
1422 338 1468 371 ut
1484 334 1699 380 principia
1715 344 1816 370 con-

172 387 323 425 cedere
339 390 548 434 oporteat.
566 385 634 424 Sic
648 386 767 423 enim
778 384 932 423 sonant
942 390 1019 424 tua
1029 386 1173 424 verba.
1192 386 1338 432 Qvam
1349 398 1453 424 vero
1465 384 1817 433 incircumspecte

171 442 403 487 minusqve
415 439 523 487 juste
539 438 610 476 hic
626 438 884 476 sententiam
899 439 1143 485 protuleris,
1165 440 1235 477 vel
1252 452 1305 478 ex
1321 442 1385 488 ijs,
1408 451 1505 487 qvae
1517 442 1611 487 jam
1628 450 1817 477 comme-

170 495 455 536 moravimus,
478 494 618 539 qvivis
633 491 852 538 intelliget.
869 491 1130 530 Witichium
1147 493 1432 531 excellentem
1449 493 1565 530 fuisse
1582 495 1627 530 in
1644 492 1817 530 Mathe-

171 548 340 585 maticis
360 545 583 588 artificem,
607 544 844 592 praesertim
865 551 1077 591 qvantum
1098 546 1153 583 ad
1174 545 1516 594 Triangulorum
1537 546 1817 593 compendio-

171 599 262 638 sam
278 611 301 637 e
317 600 513 637 numeris
529 597 839 636 resolutionem
857 603 897 635 et
912 598 1192 636 voluminum
1204 599 1430 637 Ptolemaei
1442 605 1569 646 atqve
1583 599 1818 646 Copernici

172 652 516 700 intelligentiam,
537 663 629 689 non
646 651 847 698 eqvidem
863 650 1050 689 inficiari
1065 652 1179 695 volo,
1202 664 1307 690 nam
1329 658 1368 690 et
1389 652 1473 690 hoc
1491 654 1672 690 nomine
1689 652 1818 699 ipfius

172 707 398 754 ingenium
419 709 546 752 atqve
567 704 838 742 sedulitatem
853 703 1021 751 semper
1036 705 1280 752 magnifeci,
1302 710 1430 752 atqve
1447 705 1565 753 apud
1581 705 1692 744 alios
1709 717 1817 752 prae-

173 759 325 797 dicavi.
348 758 432 797 Sed
449 758 564 805 qvod
579 759 625 795 in
642 757 1031 795 Instrumentorum
1048 761 1311 805 competenti
1330 758 1494 797 fabrica
1510 759 1548 796 &
1564 758 1818 797 tractatione

173 817 301 859 atqve
313 811 667 850 observationum
678 810 845 849 caelitus
857 810 1215 849 deducendarum
1231 814 1397 859 peritia,
1414 824 1626 859 magnum
1642 812 1818 859 aliqvod

172 865 406 904 artificium
421 869 497 903 aut
513 864 813 903 dexteritatem
829 863 1090 912 fingularem
1106 864 1399 911 praesetulerit,
1414 866 1489 903 tibi
1500 865 1543 903 id
1555 865 1607 903 de
1620 865 1709 912 ipso
1722 865 1818 903 asse-

172 920 342 957 veranti
357 929 566 965 meosqve
583 922 766 955 conatus
786 929 877 964 prae
897 917 1027 964 ipfius
1047 918 1255 956 industria
1272 920 1537 962 extenuanti‚
1559 930 1650 956 non
1671 920 1818 965 utiqve

172 971 322 1010 multis
331 967 346 1022 ΙΙ
356 976 653 1015 extenuarem,
663 970 693 1008 fi
703 982 755 1009 ex
764 970 1092 1019 ipfiusWitichij
1105 971 1445 1015 conversatione,
1457 984 1556 1009 cum
1566 976 1667 1010 ante
1677 983 1819 1010 annos

174 1027 339 1063 circiter
347 1036 522 1068 novem,
532 1024 603 1062 hic
613 1035 787 1062 mecum
797 1024 1078 1071 per4menses
1089 1030 1446 1069 commoraretur,
1455 1036 1547 1063 rem
1557 1025 1684 1072 longe
1695 1025 1819 1063 aliter

173 1078 213 1118 se
229 1077 392 1116 habere
406 1077 583 1125 ipsemet
597 1076 720 1125 [non]
734 1078 1036 1124 cognovissem;
1054 1078 1219 1116 nullius
1232 1080 1350 1116 enim
1362 1078 1632 1116 instrumenti
1644 1084 1817 1125 praeter-

172 1143 304 1179 qvam
321 1131 443 1179 Radij
462 1131 753 1168 Astronomici
770 1130 808 1168 &
825 1130 1092 1177 Qvadrantis
1108 1131 1469 1170 constructionem
1485 1136 1680 1175 noverat,
1703 1137 1742 1169 et
1763 1143 1818 1169 ne

171 1185 287 1223 hanc
310 1184 485 1232 qvidem
508 1184 606 1222 satis
629 1182 886 1222 succinctam
912 1189 1040 1232 atqve
1064 1184 1159 1222 usui
1182 1187 1288 1223 citra
1310 1197 1489 1222 omnem
1512 1184 1817 1223 hallucinatio-

172 1250 287 1283 nem,
310 1237 657 1276 accommodam.
685 1237 823 1275 Radio
847 1243 995 1275 autem
1018 1238 1336 1281 Astronomico,
1361 1250 1619 1285 qvacunqve
1642 1238 1820 1276 tandem

172 1291 395 1339 diligentia
415 1290 453 1328 &
472 1290 703 1329 subtilitate
726 1296 998 1338 praeparetur
1020 1303 1071 1329 ac
1094 1291 1323 1335 dividatur,
1348 1297 1464 1329 ratas
1488 1297 1527 1329 et
1549 1291 1660 1329 nulli
1683 1293 1820 1329 errori

173 1345 387 1383 obnoxias
398 1344 618 1382 stellarum
628 1345 988 1392 intercapedines,
1001 1344 1237 1392 praesertim
1248 1345 1529 1393 maJusculas,
1542 1356 1820 1392 neqvaqvam

172 1399 372 1442 inveniri,
389 1398 631 1436 multorum
647 1409 869 1435 annorum
885 1400 999 1436 circa
1014 1400 1204 1445 primam
1220 1398 1557 1436 adolescentiam
1573 1410 1654 1435 nos
1668 1400 1713 1435 in
1726 1399 1820 1446 ejus

172 1450 427 1490 tractatione
448 1451 595 1489 docuit
615 1451 796 1489 ineassus
816 1451 952 1489 labor.
975 1451 1242 1498 Qvadrantis
1259 1453 1390 1490 etiam
1406 1452 1638 1489 mediocris
1654 1453 1819 1499 magni-

172 1504 1085 1552 tudinisinfingulaminutadiscriminatam
1093 1504 1819 1552 partitionem&²²pinnacidiorum,

174 1570 259 1606 qva
274 1558 436 1605 absqve
453 1557 744 1595 foraminibus
765 1557 990 1605 (fiqvidem
1006 1560 1232 1606 aegerrime
1248 1570 1329 1596 nec
1345 1558 1431 1596 fine
1449 1558 1717 1596 certitudinis
1731 1559 1820 1606 jac-

173 1617 272 1650 tura
288 1611 568 1649 collimantur
583 1611 730 1657 stellae)
747 1622 824 1658 per
839 1611 1022 1649 rimulas
1035 1612 1247 1658 qvasdam
1260 1614 1468 1649 anteriori
1482 1611 1734 1659 pinnacidio
1746 1622 1820 1658 pa-

174 1664 349 1703 rallelas
371 1664 558 1703 fiderum
579 1669 727 1702 centra
748 1664 1046 1702 collineationi
1070 1665 1267 1712 expedite
1290 1670 1450 1712 patent,
1475 1670 1711 1711 anteqvam
1733 1663 1820 1702 huc

173 1720 353 1763 veniret,
375 1717 548 1765 prorsus
569 1719 784 1765 ignoravit
800 1717 1048 1762 Witichius,
1070 1718 1208 1765 seqve‚
1230 1719 1336 1756 dum
1352 1718 1470 1765 apud
1487 1717 1676 1756 Nobiliss.
1694 1717 1733 1755 &
1749 1729 1819 1755 ex-

175 1771 362 1810 ellentiss.
384 1771 632 1809 Dominum
652 1770 980 1809 ANDRAEAM
1001 1771 1313 1810 DUDITIUM
1338 1772 1442 1815 esset,
1467 1771 1615 1809 multis
1638 1770 1820 1809 difficul-

176 1825 335 1863 tatibus
351 1824 436 1863 hoe
451 1826 632 1862 nomine
648 1824 764 1862 fuisse
782 1826 1007 1868 irretitum,
1029 1825 1258 1872 aliqvoties
1274 1825 1502 1869 fatebatur,
1523 1826 1613 1862 imo
1632 1826 1821 1872 ingenue

177 1878 352 1926 insuper
367 1878 522 1926 ajebat,
544 1878 584 1916 se
605 1878 898 1926 plurimorum
914 1883 1226 1916 coronatorum
1242 1880 1381 1925 pretio
1398 1878 1504 1916 istud
1521 1877 1740 1916 divifionis
1757 1889 1822 1916 ar-

177 1931 360 1970 tificium
376 1931 414 1969 &
429 1931 785 1979 pinnacidiorum
806 1931 1162 1979 expeditissimam
1180 1932 1578 1970 conformationem
1595 1930 1823 1974 anteferre,

179 1989 219 2023 et
233 1985 274 2023 se
290 1985 360 2023 vel
376 1996 428 2023 eo
445 1987 625 2023 nomine
640 1984 726 2022 huc
738 1996 829 2022 non
840 1984 992 2022 frustra
1004 1987 1049 2022 in
1062 1985 1258 2023 Daniam
1270 1985 1486 2033 appulisse,
1503 1984 1577 2022 fibi
1590 1984 1664 2032 ipfi
1677 1989 1823 2032 aperte

179 2038 573 2086 congratulabatur.
587 2038 705 2084 Qvin
717 2043 757 2075 et
768 2037 901 2086 hujus
912 2038 1074 2076 subtilis
1084 2038 1318 2083 divifionis,
1330 2044 1458 2085 atqve
1470 2038 1825 2086 pinnacidiorum

178 2092 478 2130 accommodae
490 2091 807 2139 applicationis,
820 2097 911 2129 tum
925 2093 1058 2129 etiam
1069 2091 1287 2130 Sextantis
1299 2091 1568 2129 instrumenti
1578 2103 1604 2129 a
1613 2091 1740 2129 nobis
1752 2091 1825 2128 ad-

179 2147 345 2183 inventi
362 2145 465 2192 (qvo
481 2145 691 2183 distantiae
707 2144 927 2182 stellarum
942 2156 1034 2182 non
1050 2145 1200 2183 saltem
1216 2147 1353 2189 citius,
1370 2145 1441 2183 sed
1457 2149 1497 2182 et
1512 2144 1651 2182 multo
1668 2142 1825 2182 rectius

180 2203 219 2236 et
240 2200 410 2243 certius,
432 2210 564 2245 qvam
584 2209 661 2245 per
677 2198 865 2235 Radium
881 2198 1131 2245 capiuntur)
1148 2199 1331 2237 modum
1353 2205 1392 2236 et
1413 2198 1540 2236 usum
1556 2197 1825 2235 illustrissimo

179 2251 368 2299 Principi
389 2251 728 2290 GUILIELMO
750 2251 1026 2299 Landgravio
1048 2251 1220 2295 Haffiae,
1245 2252 1346 2290 hinc
1370 2252 1591 2289 discedens
1612 2251 1766 2289 obtulit
1787 2256 1826 2288 et

180 2306 534 2343 communicavit.
556 2305 667 2351 Qvae
688 2316 756 2342 res
777 2305 888 2343 adeo
905 2311 1026 2352 grata
1042 2305 1230 2352 Principi
1246 2305 1308 2343 illi
1324 2305 1416 2349 fuit,
1438 2305 1646 2352 fiqvidem
1661 2305 1826 2342 videret

179 2358 220 2396 se
232 2370 285 2396 ex
296 2358 538 2396 multorum
549 2358 892 2406 praecedentium
904 2369 1126 2396 annorum
1139 2370 1216 2406 per
1229 2360 1377 2406 priora
1388 2358 1672 2396 instrumenta
1684 2358 1826 2405 dubijs

181 2416 221 2450 et
239 2411 463 2450 laboriosis
484 2411 859 2450 observationibus
880 2413 1092 2455 extricari,
1115 2417 1155 2450 et
1175 2412 1230 2450 ad
1252 2417 1393 2450 ratam
1415 2412 1718 2450 certitudinem
1738 2410 1826 2448 fine

180 2464 375 2503 molestia
389 2465 581 2512 perduci,
598 2470 645 2503 ut
655 2464 916 2503 Witichium
931 2476 1093 2513 magno
1108 2464 1260 2503 favore
1277 2465 1532 2513 complexus
1544 2464 1590 2503 fit
1602 2470 1642 2502 et
1653 2464 1827 2511 insuper

180 2523 332 2565 torqve
352 2529 489 2556 aurea
509 2519 693 2557 donarit.
716 2518 831 2556 Fecit
851 2522 1000 2556 autem
1020 2518 1092 2556 ille
1113 2518 1196 2556 hac
1216 2521 1262 2556 in
1282 2524 1404 2566 parte
1421 2518 1530 2556 mihi
1546 2529 1640 2556 rem
1655 2529 1747 2555 non
1763 2519 1825 2555 in-

1646 2576 1826 2619 gratam,
