2209 3213
108 805 138 830 10

108 1070 138 1095 15

104 1335 137 1361 20

104 1602 137 1627 25

86 1648 150 1681 443

104 1868 138 1894 30

105 2134 138 2160 35

104 2399 138 2424 40

496 209 1018 249 RECENTIORIBUS
1039 209 1496 248 PHAENOMENIS
1752 210 1821 249 351

177 315 329 358 Orbes,
345 315 415 353 sed
431 315 542 353 vltra
557 316 798 353 altissimam
815 314 1019 354 oc‘tauam
1035 316 1265 363 Sphaeram
1280 317 1577 354 remouendus
1593 315 1738 354 venit?
1758 316 1822 354 Ex

176 367 245 406 his
257 367 524 412 &fimilibus‚
542 368 594 406 de
611 368 769 415 quibus
786 369 874 406 alio
890 371 936 406 in
951 369 1049 407 loco
1065 369 1279 416 copiosius
1295 380 1487 417 agemuS‚
1504 381 1595 407 non
1609 369 1822 407 absonum

177 421 336 465 euadit,
358 421 565 459 Cometas
586 423 718 459 etiam
737 421 865 468 supra
886 422 1059 460 Lunam
1076 421 1248 466 versari,
1270 434 1361 460 non
1382 422 1584 466 obstante,
1606 423 1725 469 quod
1745 422 1821 460 ali—

177 474 355 522 quando
375 479 545 512 motum
565 474 774 512 diurnum
794 477 1022 522 proprium
1041 475 1130 522 ipsa
1151 475 1278 513 Luna
1298 475 1552 513 celeriorem
1573 475 1821 519 exhibeant,

175 527 418 574 minusque,
435 538 570 574 quam
586 527 673 571 illa,
689 527 924 566 vniuersali
940 530 1138 566 circuitui
1154 527 1457 566 obsecundent.
1479 528 1543 566 Ex
1560 540 1648 576 quo
1664 540 1821 576 genere

176 580 302 618 illum
324 580 452 623 fuisse,
476 592 608 627 quern
631 580 1005 628 Regiomontanus
1027 582 1162 618 Anno
1185 581 1279 619 1475
1303 581 1576 626 Obseruauit,
1600 581 1821 619 consenta-

176 645 311 671 neum
327 633 398 677 est;
415 645 507 671 non
523 635 642 671 enim
652 639 883 681 propterea
894 633 1008 671 infra
1019 634 1193 671 Lunam
1204 635 1509 681 reponendum
1521 634 1686 678 censeo,
1704 635 1821 682 quod

176 686 416 734 aliquando
425 688 672 733 portionem
683 686 847 725 Circuli
856 689 1004 734 magni
1013 686 1065 724 40
1073 687 1302 734 graduum,
1312 689 1426 725 intra
1435 688 1550 725 diem
1561 688 1821 732 naturalem,

176 739 251 777 illo
267 739 492 783 referente,
510 739 729 777 confecisse
746 739 925 778 dicatur.
942 740 1061 778 Nam
1072 740 1101 777 fi
1113 739 1300 778 Cometa
1311 741 1432 778 Anni
1443 741 1506 784 85,
1524 741 1576 778 de
1589 752 1677 788 quo
1688 742 1821 779 modo

176 792 277 836 dixi,
297 792 425 840 longe
441 792 569 840 supra
585 792 745 837 Solem,
762 798 806 830 vt
822 793 1053 830 certissimis
1070 793 1470 837 Obseruationibus,
1491 793 1528 831 &
1547 793 1614 831 his
1630 794 1822 832 fundatis

175 845 629 883 Demonstrationibus
639 847 1092 890 conuincitur‚reuera
1100 845 1673 891 ferebatur,&nihilominus
1681 847 1822 885 Solari

174 903 298 936 motu
314 899 485 943 diurno,
502 899 556 937 ab
573 900 709 943 initio,
728 899 856 946 triplo
873 901 1128 937 concitatior
1143 901 1358 947 apparuit,
1376 900 1480 947 quid
1496 900 1714 947 impediet,
1732 912 1821 947 quo

174 953 321 989 minus
338 950 524 990 Cometa
539 951 610 989 hic
626 951 1077 1000 Regiomontanianus
1097 952 1236 990 multo
1257 952 1482 991 sublimior
1497 953 1587 1000 ipsa
1603 953 1730 991 Luna
1745 953 1821 991 sta-

174 1009 332 1049 tuatur,
349 1007 555 1052 quamuis
566 1004 694 1052 triplo
706 1017 896 1052 quoque,
912 1005 983 1043 vel
999 1007 1176 1049 circiter,
1194 1017 1247 1043 ea
1258 1005 1439 1043 celerior
1450 1007 1495 1043 in
1507 1008 1684 1054 proprio
1696 1006 1821 1045 cursu

175 1056 452 1105 apparuerit?
469 1058 588 1096 Nam
604 1058 722 1105 quod
734 1058 974 1097 Parallaxis
991 1058 1066 1106 ipfi
1077 1070 1104 1097 a
1116 1059 1464 1106 Regiomontano
1480 1059 1504 1097 6
1520 1064 1627 1107 part.
1645 1059 1820 1107 depute-

174 1116 255 1154 tur,
280 1122 372 1149 non
397 1116 512 1149 caret
536 1110 644 1149 iusta
667 1111 988 1159 improbatione
1014 1112 1117 1150 alibi
1143 1112 1417 1159 exponenda,
1443 1113 1820 1159 quemadmodum

174 1163 375 1212 Vogelini
391 1175 568 1212 quoque
584 1166 631 1202 in
647 1164 833 1203 Cometa
848 1165 970 1203 Anni
987 1165 1094 1209 1532,
1115 1165 1227 1203 adeo
1242 1165 1525 1203 monstrosam
1541 1166 1821 1204 Parallaxeos

175 1219 463 1264 quantitatem
478 1217 651 1265 prorsus
666 1217 818 1256 falsam
835 1219 924 1263 esse,
941 1218 996 1256 ob
1009 1218 1159 1257 causas
1170 1218 1246 1257 suo
1258 1219 1355 1257 loco
1366 1218 1630 1263 referendas,
1646 1219 1820 1257 nullum

174 1270 292 1318 apud
307 1281 378 1308 me
395 1270 450 1308 est
466 1271 661 1309 dubium.

227 1323 296 1362 Sic
317 1325 448 1362 etiarn
470 1323 657 1362 Cometa
672 1325 794 1362 Anni
814 1325 921 1368 1556,
943 1327 1018 1372 qui
1038 1327 1161 1363 iuxta
1181 1325 1408 1363 Clarissimi
1429 1324 1734 1364 Mathematici
1755 1325 1820 1364 Io-

174 1376 335 1415 hannis
360 1377 559 1415 Homelii
584 1377 961 1422 obseruationem,
991 1378 1232 1425 aliquando
1261 1378 1409 1425 plures
1434 1390 1569 1426 quam
1596 1379 1636 1417 15
1661 1379 1821 1426 gradus

175 1429 339 1468 Circuli
355 1432 535 1468 maioris
551 1442 638 1468 vno
655 1431 723 1468 die
739 1433 1000 1479 peragrauit,
1021 1443 1113 1469 non
1129 1432 1184 1470 ob
1200 1431 1244 1469 id
1259 1431 1373 1470 infra
1389 1432 1562 1470 Lunam
1582 1432 1696 1478 (licet
1712 1431 1819 1477 haec,

175 1485 307 1521 etiam
331 1484 665 1528 concitatissima,
692 1486 766 1522 vix
790 1485 1049 1523 tantundem
1073 1490 1197 1523 motu
1221 1484 1381 1522 diurno
1405 1486 1582 1532 proprio
1607 1485 1820 1532 absoluat)

174 1541 350 1640 proptelr
378 1536 551 1575 easdem
579 1539 771 1575 rationes
800 1537 1123 1576 constituendus
1148 1540 1278 1582 venit,
1308 1543 1352 1576 vt
1378 1538 1482 1576 alibi
1507 1538 1679 1586 plenius
1704 1539 1820 1577 vide-

173 1589 299 1627 bitur.

228 1643 360 1681 Nunc
380 1643 567 1681 alterum
583 1643 826 1682 Winckleri
841 1645 1177 1692 Argumentum,
1200 1645 1318 1692 quod
1338 1644 1379 1682 se
1400 1656 1423 1682 e
1444 1643 1657 1683 Dodhina
1676 1644 1821 1683 Paral-

174 1695 355 1741 laxium‚
378 1701 554 1744 propter
575 1698 799 1744 imperitos
823 1696 861 1735 &
884 1698 1026 1742 rudes,
1049 1697 1273 1736 desumere
1296 1700 1367 1742 ait,
1392 1697 1682 1742 discutiemus,
1706 1698 1825 1746 quod

175 1748 257 1788 hac
273 1749 416 1788 forma
431 1750 487 1788 ab
502 1750 578 1788 illo
594 1753 865 1797 proponitur.

230 1801 378 1842 Omne
391 1802 570 1852 Corpus
581 1804 658 1842 uel
664 1804 809 1842 Pbaen
815 1814 1025 1850 omenon,
1040 1804 1162 1853 quod
1168 1803 1439 1843 ParaIIaxin
1448 1803 1675 1843 maiorem
1686 1804 1825 1843 babet

175 1866 313 1905 quam
330 1856 476 1902 Luna,
492 1856 608 1895 illud
620 1857 912 1896 Elementari
926 1857 1139 1907 Regioni,
1157 1857 1204 1896 df
1215 1868 1308 1896 non
1325 1858 1583 1903 AEthereae,
1602 1856 1824 1908 assignan·

176 1909 283 1947 dum
299 1908 399 1948 erit.

227 1960 437 2010 Nostrum
458 1963 807 2001 Phaenomenon
827 1963 1053 2002 maiorem
1074 1963 1216 2002 habet
1232 1963 1500 2002 Parallaxin
1523 1975 1661 2013 quam
1678 1964 1823 2009 Luna,

175 2026 289 2064 ergo
304 2016 393 2054 hoc
408 2015 701 2054 Elementari
714 2016 919 2066 Regioni
933 2015 1255 2065 ascribendum
1273 2017 1411 2056 uenit.

227 2068 277 2106 In
293 2068 376 2106 hac
387 2069 782 2116 Argumentatione
798 2070 1061 2108 antecedens
1076 2070 1323 2117 propositio,
1341 2072 1446 2108 citra
1462 2081 1642 2108 omnem
1653 2076 1822 2108 contro-

175 2121 372 2166 uernam,
389 2121 501 2160 recte
518 2122 690 2167 constat,
707 2122 777 2160 sed
793 2125 939 2160 minor
954 2134 1045 2161 non
1061 2125 1209 2161 minus
1225 2135 1360 2170 quam
1376 2129 1519 2167 antea,
1536 2124 1717 2162 Veritati
1733 2126 1823 2162 vim

175 2174 318 2218 infert;
336 2176 713 2222 quemadmodum
729 2188 782 2213 ex
800 2177 851 2224 ijs
867 2181 995 2223 patet,
1013 2187 1113 2223 quae
1127 2176 1282 2224 Capite
1294 2176 1424 2214 Sexto
1441 2188 1467 2215 a
1483 2177 1610 2215 nobis
1627 2177 1822 2215 Demon-

174 2227 300 2266 strata
311 2228 418 2273 sunt,
430 2228 759 2276 astipulantibus
772 2231 903 2267 etiam
915 2229 1105 2267 aliorum
1116 2228 1407 2268 selectioribus
1420 2230 1822 2269 Obseruationibus.

175 2281 306 2319 Hanc
322 2287 470 2320 tamen
486 2282 574 2320 alio
591 2282 846 2330 syllogismo
863 2284 909 2320 in
925 2283 1043 2320 hunc
1059 2283 1242 2321 modurn
1258 2285 1369 2321 tueri
1385 2285 1546 2321 nititur.

230 2333 378 2373 Omne
397 2334 586 2384 Corpus,
605 2336 727 2384 quod
739 2335 1021 2384 inaequalem
1038 2338 1119 2374 aut
1132 2347 1225 2374 non
1242 2337 1438 2375 eandem
1451 2335 1613 2385 seruat
1628 2334 1821 2384 distanti-

175 2397 250 2425 am
267 2388 328 2426 ad
340 2387 485 2426 Fixas
502 2388 688 2434 Stellas,
706 2388 821 2426 illud
837 2388 1016 2438 Corpus
1032 2388 1300 2427 Parallaxin
1316 2389 1468 2428 habet.

227 2438 437 2488 Nostrum
461 2442 810 2481 Phaenomenon
838 2441 1130 2491 inaequalem,
1158 2442 1205 2481 ἅτ
1224 2453 1316 2481 non
1343 2444 1539 2482 eandem
1565 2441 1821 2490 distantiam

174 2493 316 2532 habet
329 2494 390 2532 ad
404 2494 590 2533 Stellas.

1693 2548 1820 2597 Ergo
