2209 3213
142 820 172 846 10

140 1087 170 1112 15

132 1355 165 1380 20

130 1624 163 1649 25

111 1671 171 1703 351

128 1891 162 1916 30

125 2158 159 2183 35

123 2424 158 2449 40

535 218 1057 262 RECENTIORIBUS
1079 222 1536 262 PHAENOMENIS
1783 225 1859 264 283

214 337 315 375 tam,
346 331 675 378 admodumque
702 333 951 370 euidentem
976 331 1179 370 admifisse
1205 331 1463 381 parallaxin.
1495 332 1627 378 Quod
1652 345 1709 371 an
1735 335 1794 371 ita
1820 333 1859 371 se

214 385 385 429 habeat,
403 397 456 423 ex
472 384 540 423 his
555 385 653 433 ipsis
669 385 779 424 datis
795 386 1040 432 periculum
1055 386 1278 425 faciemus.

266 439 384 476 Licet
394 450 499 476 vero
516 450 607 476 non
622 439 781 477 indicet
793 439 1057 484 Thaddaeus,
1075 451 1163 487 quo
1176 440 1316 478 Horae
1327 445 1554 477 momento
1570 442 1758 488 primam
1771 441 1857 479 Ob-

213 492 504 530 seruationem
525 491 761 539 perfecerit,
784 493 821 530 &
843 505 931 540 quo
952 493 1167 531 Vltimam:
1189 498 1337 532 tamen
1358 506 1411 531 ex
1432 499 1640 541 tempore,
1662 506 1751 541 quo
1773 494 1857 532 Co-

212 550 329 583 meta
344 545 433 592 post
449 545 750 592 crepusculum
766 548 957 593 primum
974 552 1235 594 apparenter
1249 547 1290 585 se
1307 546 1566 591 ostendebat,
1584 547 1742 585 collato
1757 559 1857 585 cum

211 610 276 641 eo,
289 610 377 645 quo
388 598 561 645 prorsus
571 598 736 641 occidit,
747 599 989 637 verofimile
1000 600 1158 644 euadit,
1169 602 1357 647 primam
1368 600 1731 639 Obseruationem
1740 601 1856 639 suisse

211 653 377 689 circiter
399 652 572 689 Horam
594 652 949 690 Pomeridianam
970 652 1145 697 sextam,
1167 653 1349 691 alteram
1371 665 1475 691 vero
1497 655 1609 691 circa
1630 654 1802 692 Horam
1821 655 1856 692 9.

211 705 305 743 Nec
326 707 443 742 enirn
464 705 576 743 adeo
597 705 737 749 refert,
760 705 923 743 etiamfi
944 706 1271 753 aliquantulum
1292 712 1392 745 ante
1411 706 1480 744 vel
1500 706 1589 754 post
1610 707 1691 744 has
1708 707 1857 745 Horas

211 757 469 796 Obseruatio
485 758 673 796 instituta
686 758 744 802 fit,
761 758 894 796 modo
906 759 1022 796 idem
1034 760 1318 797 interuallum
1330 760 1353 797 3
1366 760 1594 798 Horarum
1607 762 1856 799 retineatur.

210 811 352 850 Locus
368 811 481 850 Solis
502 813 623 849 iuxta
643 811 839 849 medium
860 811 993 849 huius
1008 815 1216 859 temporis
1233 818 1324 851 erat
1340 815 1385 850 in
1401 813 1518 861 grad.
1536 813 1609 853 20}
1631 818 1669 856 a
1679 844 1687 857 ,
1710 825 1762 851 ex
1779 826 1855 852 no-

208 864 289 903 stra
313 864 706 903 animaduersione.
732 865 979 912 Longitudo
1004 870 1152 903 autem
1179 866 1377 904 Cometae
1402 866 1652 904 versabatur
1677 869 1723 904 in
1748 873 1854 914 part.

208 919 272 958 17}
288 927 346 962 xx,
367 930 455 956 vna
471 929 572 956 cum
589 917 836 955 Latitudine
853 918 907 956 ab
925 918 1132 965 Ecliptica
1147 919 1197 957 25
1214 920 1430 967 graduum
1446 921 1657 967 proxime,
1675 925 1855 967 eratque

208 973 302 1009 eius
318 971 519 1009 Ascenfio
536 969 666 1009 Recta
681 976 788 1018 part.
806 971 908 1014 312&
933 971 971 1009 &
994 971 1243 1010 Declinatio
1266 973 1382 1020 grad.
1399 973 1457 1017 831,
1482 972 1683 1010 Ascenfio
1706 978 1854 1011 autem

208 1023 337 1063 Recta
360 1024 473 1063 Solis
495 1023 584 1062 fere
606 1025 722 1072 grad.
747 1025 836 1062 260.
861 1025 980 1062 Hinc
1003 1025 1217 1072 colligitur
1240 1028 1285 1063 in
1306 1026 1549 1063 Altitudine
1572 1026 1665 1063 Poli
1688 1027 1739 1064 50
1761 1039 1853 1074 gra-

207 1078 357 1122 duum,
379 1078 434 1116 ad
455 1079 644 1125 primam
661 1077 1037 1122 Obseruationem,
1060 1078 1292 1116 Cometam
1313 1078 1441 1126 supra
1458 1079 1751 1117 Horizontem
1770 1080 1853 1118 ele-

206 1136 361 1169 uatum
376 1136 483 1178 part.
496 1131 547 1169 38
563 1132 748 1175 extitisse,
764 1131 952 1178 ideoque
968 1131 998 1169 fi
1013 1132 1083 1170 vel
1099 1133 1144 1169 in
1162 1132 1251 1179 ipsa
1267 1134 1540 1170 concauitate
1557 1132 1753 1180 Sphaerae
1770 1134 1853 1171 Lu-

206 1187 324 1223 naris
335 1184 480 1228 fuisset,
493 1184 743 1222 Parallaxin
755 1186 801 1222 in
813 1185 991 1223 Circulo
1001 1185 1256 1224 Altitudinis
1268 1186 1491 1224 induxisset
1504 1188 1776 1224 minutorum
1788 1187 1851 1224 52.

205 1238 255 1276 In
271 1238 459 1276 secunda
476 1237 804 1281 Obseruatione,
826 1238 915 1285 post
935 1238 1152 1277 absolutas
1169 1239 1319 1277 Horas
1337 1244 1434 1282 tres,
1456 1239 1728 1287 competebat
1744 1240 1851 1277 Alti-

204 1291 309 1329 tudo
325 1293 524 1339 proxime
541 1292 573 1329 ll
589 1291 818 1339 graduum,
835 1296 966 1339 atque
983 1292 1084 1330 hinc
1097 1292 1337 1331 Parallaxis
1352 1292 1537 1331 euafisset
1550 1293 1706 1331 eodem
1717 1293 1850 1331 modo

203 1344 245 1382 P.
262 1346 289 1382 l.
306 1345 370 1383 M.
387 1346 445 1384 43..

256 1399 321 1436 Ex
336 1398 404 1436 his
420 1410 511 1436 non
526 1398 666 1436 solum
683 1410 736 1436 eo
751 1399 962 1446 processus
978 1404 1141 1443 tenore,
1159 1411 1247 1446 quo
1264 1399 1459 1447 superius
1472 1399 1627 1447 Capite
1643 1399 1787 1444 Sexto,
1804 1402 1850 1438 in

203 1452 413 1490 consimili
429 1453 616 1499 negotio,
638 1451 743 1490 dum
760 1452 814 1490 ab
831 1452 913 1490 hac
931 1452 1087 1490 eadem
1102 1452 1235 1491 Stella
1251 1453 1370 1497 Fixa,
1391 1465 1468 1500 per
1486 1453 1678 1491 diuersas
1695 1453 1848 1491 distan-

201 1507 295 1550 tias,
312 1504 562 1543 Parallaxes
578 1505 788 1543 scrutatus
803 1505 909 1550 sum,
929 1505 998 1543 sed
1015 1506 1103 1544 alia
1119 1508 1251 1544 etiam
1266 1508 1350 1550 via,
1368 1518 1503 1553 quam
1519 1508 1650 1544 nimis
1666 1506 1847 1554 longum

201 1558 310 1597 foret
326 1558 398 1597 hic
414 1559 644 1606 explicare,
666 1558 813 1597 sedula
834 1559 1110 1606 inquisitione
1127 1560 1350 1603 adinueni,
1372 1560 1490 1607 quod
1508 1560 1694 1598 Cometa
1710 1562 1755 1597 in
1771 1572 1846 1607 po-

200 1612 363 1650 steriori
376 1611 692 1650 Obseruatione
704 1623 780 1659 per
791 1612 1072 1650 Parallaxeos
1088 1618 1374 1660 augmentum
1390 1615 1598 1651 remotior
1613 1613 1746 1651 fuisset
1762 1613 1845 1652 sac-

200 1670 268 1704 tus
284 1678 311 1704 a
327 1665 460 1704 Stella
475 1667 521 1703 in
538 1665 626 1703 Ore
643 1665 787 1713 Pegafi
803 1666 859 1704 ad
880 1662 894 1715 ΙΙ
914 1668 1150 1704 minimum
1170 1667 1194 1704 9
1214 1666 1436 1714 scrupulis,
1458 1666 1607 1705 habita
1628 1668 1760 1705 etiam
1781 1679 1846 1705 ra-

199 1720 318 1757 tione
327 1720 488 1767 proprij
501 1723 658 1762 motus,
671 1730 760 1765 quo
772 1720 950 1763 interea,
963 1719 1196 1757 interuallo
1208 1722 1339 1757 trium
1350 1720 1591 1763 Horarum,
1604 1721 1627 1758 7
1637 1720 1847 1767 scrupulis

200 1772 344 1810 Stellae
370 1771 765 1819 appropinquabat,
791 1772 820 1810 sl
842 1772 1041 1810 videlicet
1065 1778 1154 1810 tarn
1179 1775 1454 1820 propinquus
1476 1772 1620 1811 Terris
1645 1774 1846 1817 extitisset,

199 1831 330 1873 atque
354 1825 409 1863 est
433 1827 635 1873 proxima
658 1827 911 1863 concauitas
935 1825 1064 1864 Orbis
1087 1826 1286 1864 Lunaris.
1313 1827 1523 1874 Idemque
1546 1829 1592 1864 in
1614 1826 1697 1864 hac
1720 1827 1846 1875 Prag-

199 1881 334 1917 matia
353 1878 526 1926 prorsus
547 1881 733 1921 eueniet,
758 1879 844 1917 siue
865 1878 1079 1917 Thaddaei
1100 1879 1247 1917 locum
1268 1881 1313 1917 in
1335 1880 1521 1918 Cometa
1542 1879 1845 1924 adhibeamus,

198 1934 273 1979 qui
290 1937 381 1971 erat
397 1932 525 1970 Hora
541 1932 565 1970 6
581 1934 627 1969 in
642 1932 759 1979 grad.
778 1933 830 1970 17.
848 1934 952 1970 min.
970 1933 1012 1970 10
1032 1941 1090 1976 m,
1108 1945 1208 1970 cum
1224 1933 1472 1971 Latitudine
1490 1933 1544 1971 G.
1557 1933 1620 1971 25.
1636 1934 1727 1971 Μ.1
1745 1933 1844 1971 Bor.

198 1986 326 2024 Hora
346 1991 495 2024 autem
515 1986 540 2023 9
560 1987 606 2023 in
622 1985 664 2023 P.
682 1986 735 2024 17.
753 1985 816 2023 M.
835 1986 876 2024 19
896 1995 954 2029 xx,
976 1997 1077 2023 curn
1094 1986 1341 2025 Latitudine
1358 1987 1400 2025 P.
1418 1987 1480 2025 25.
1498 1987 1561 2024 M.
1579 1987 1615 2030 3,
1637 1987 1844 2034 ponendo

197 2039 396 2077 videlicet
417 2039 545 2077 Hora
565 2039 589 2076 6
610 2038 854 2077 distantiam
876 2039 930 2077 ab
948 2039 1035 2077 Ore
1054 2039 1199 2087 Pegafi
1218 2040 1335 2087 grad.
1353 2040 1389 2078 8.
1406 2042 1510 2078 min.
1528 2040 1591 2084 32,
1614 2039 1651 2077 &
1673 2040 1800 2078 Hora
1822 2041 1846 2078 9

198 2092 384 2131 eandem
396 2092 439 2130 P.
452 2092 488 2130 8.
501 2092 565 2130 M.
577 2092 640 2135 25,
653 2097 781 2139 prout
793 2091 878 2130 diei
890 2092 1106 2139 sequentis
1118 2093 1409 2141 intercapedo,
1423 2105 1557 2140 quam
1569 2093 1669 2131 facit
1680 2093 1797 2141 grad.
1808 2094 1844 2132 7.

197 2148 301 2184 min.
325 2146 376 2184 36
398 2145 781 2193 proportionaliter
804 2147 945 2193 exigit,
970 2145 1007 2183 &
1030 2146 1292 2193 applicando
1318 2146 1420 2184 huic
1444 2146 1653 2184 distantiae
1676 2147 1844 2184 Arcum

196 2197 349 2237 ductus
371 2199 578 2241 Cometae,
602 2210 691 2246 quo
711 2203 922 2246 perpetuo
942 2200 1110 2243 incessit,
1134 2199 1320 2247 locoque
1342 2200 1486 2238 Stellae
1507 2202 1553 2237 in
1575 2200 1663 2238 Ore
1684 2200 1842 2248 Pegasi,

196 2254 317 2291 iuxta
333 2252 521 2290 nostram
534 2252 815 2290 Neotericam
832 2252 1142 2290 restitutionem
1153 2253 1349 2291 adhibito
1361 2255 1407 2291 in
1418 2253 1460 2291 P.
1473 2253 1536 2291 26.
1549 2253 1612 2291 M.
1626 2253 1650 2290 2
1665 2262 1723 2297 m,
1741 2265 1842 2291 cum

196 2306 443 2344 Latitudine
466 2305 520 2344 G.
541 2305 604 2343 22.
626 2305 690 2343 M.
711 2305 752 2348 8;
776 2305 863 2343 siue
885 2307 1016 2343 etiam
1037 2306 1229 2344 nostrum
1249 2306 1434 2354 positum
1455 2306 1744 2349 conferemus,
1766 2308 1842 2354 qui

196 2364 286 2397 erat
303 2359 431 2397 Hora
446 2359 482 2402 6,
503 2358 742 2396 secundum
758 2358 1096 2406 Longitudinem
1117 2361 1162 2397 in
1181 2360 1223 2398 P.
1241 2361 1294 2398 17.
1313 2360 1376 2398 M.
1393 2360 1444 2398 38
1465 2369 1523 2404 m,
1546 2360 1841 2398 Latitudinem

194 2424 299 2450 vero
312 2412 367 2450 G.
379 2412 442 2450 25.
455 2411 519 2449 M.
532 2412 568 2455 6,
586 2411 783 2450 distantia
795 2412 849 2450 ab
863 2412 950 2450 Ore
963 2412 1107 2459 Pegafi
1118 2425 1206 2451 vna
1218 2413 1579 2461 correspondente
1592 2413 1647 2451 G.
1660 2413 1695 2451 8.
1710 2413 1773 2450 M.
1787 2413 1840 2456 13,

194 2465 232 2503 &
244 2465 372 2503 Hora
382 2465 407 2504 9
419 2477 507 2512 quo
519 2465 575 2503 ad
587 2465 925 2512 Longitudinem
937 2467 983 2503 in
996 2465 1049 2503 G.
1063 2466 1117 2504 17.
1130 2466 1194 2504 M.
1203 2467 1255 2505 47
1267 2476 1325 2511 m,
1338 2478 1438 2505 cum
1451 2466 1699 2504 Latitudine
1713 2466 1767 2504 G.
1776 2466 1839 2504 25.

193 2518 256 2556 M.
273 2519 309 2562 8,
331 2520 576 2556 remotione
597 2530 623 2556 a
643 2517 850 2566 praedic‘ta
866 2517 999 2556 Stella
1020 2519 1223 2557 existente
1243 2520 1360 2568 grad.
1377 2520 1413 2558 8.
1430 2522 1535 2557 min.
1552 2520 1588 2557 6.
1611 2520 1731 2557 Nam
1747 2531 1841 2609 pgr-

298 2579 349 2606 36*
1746 2583 1772 2609 a
1815 2584 1840 2610 a
