2209 3213
413 209 489 245 436
812 203 1277 242 APOLOGETICA
1301 203 1658 242 RESPONSIO

412 325 541 361 qvam
568 315 678 350 circa
704 312 819 348 diem
845 310 931 347 23Πὶ
956 309 1172 347 Novemb.
1197 321 1337 356 neqve
1363 309 1522 357 ubiqve
1549 310 1663 347 idem
1690 310 1745 347 est
1770 310 2050 348 intervallum

411 368 616 413 temporis
638 363 867 410 interlapfi,
889 363 926 400 &
947 362 1189 400 observatio
1206 361 1317 401 dicto
1334 363 1403 400 die
1419 361 1531 401 facta
1547 365 1748 401 omnium
1765 369 1855 401 erat
1872 364 2049 410 exqvili-

411 421 570 460 tissima,
593 418 646 455 ob
668 417 904 454 serenitatis
925 417 1113 463 purioris
1134 415 1430 460 constantiam,
1452 416 1569 453 unde
1590 427 1752 464 magna
1773 416 1995 464 diligentia
2011 422 2051 455 et

412 470 560 509 exacta
578 471 831 508 certitudine
849 471 1000 506 omnia
1016 480 1068 506 eo
1085 469 1154 506 die
1172 469 1342 507 coelitus
1359 474 1568 516 concepta
1579 469 1686 511 sunt.
1704 476 1750 507 ut
1763 471 1894 508 etiarn
1905 481 1999 518 pag.
2013 471 2049 513 4,

412 526 483 562 ubi
513 524 644 571 hujus
670 523 755 561 diei
780 522 1181 560 animadversiones
1211 522 1424 566 recenseo,
1454 522 1592 560 statim
1617 522 1672 560 ab
1697 524 1822 561 initio
1847 535 1938 560 non
1963 523 2050 561 fine

411 578 547 615 caussa
569 577 770 614 indicavi.
793 575 921 621 Qvod
942 580 1091 613 autem
1112 575 1180 613 die
1201 575 1252 613 29
1269 575 1484 613 Novemb.
1503 581 1630 622 atqve
1652 575 1824 614 duobus
1842 575 2050 623 seqventi-

410 631 501 671 bus.
513 642 603 667 non
612 636 732 667 tanta
744 640 820 676 per
829 628 1079 666 Parallaxin
1091 627 1290 666 retractio
1302 628 1586 676 depraehensa
1597 629 1654 672 fit,
1666 629 1735 666 sed
1748 629 1882 676 paulo
1893 631 2050 673 minor,

410 686 510 730 qvia
531 683 614 720 illis
636 683 787 720 diebus
808 684 955 720 minus
976 681 1186 719 defaecata
1206 684 1319 720 aeris
1340 684 1505 729 puritas
1527 682 1874 720 observationem
1895 694 1985 720 non
2006 685 2051 720 in

410 737 498 783 ipso
515 738 685 773 minuto
702 736 813 773 adeo
829 741 969 773 ratam
986 735 1139 782 largita
1156 735 1222 778 est,
1240 741 1332 773 tum
1349 737 1481 773 etiam
1495 735 1550 773 ob
1565 736 1725 773 caussas
1741 734 1991 779 antedictas,
2008 737 2050 774 id

410 790 519 827 nihil
536 801 614 836 pro
626 794 665 826 te
678 788 789 831 facit,
807 790 878 835 qvi
891 788 1099 826 Cometas
1112 800 1164 825 ex
1176 788 1265 835 ipso
1279 788 1419 832 Coelo,
1437 788 1511 826 ubi
1523 800 1676 826 revera
1689 794 1986 836 procreantur,
2005 791 2051 826 in

410 845 556 880 aerem
578 842 856 880 sublunarem
880 843 1010 879 nimis
1032 842 1236 879 brevibus
1257 841 1294 879 &
1315 841 1519 879 invalidis
1541 841 1712 880 lacertis
1733 842 1960 880 detrahere
1982 854 2049 880 co-

410 898 538 933 nariS.
562 896 680 933 Nam
697 896 811 942 qvod
828 895 980 932 diebus
996 894 1269 941 seqventibus
1289 895 1472 942 paululo
1492 897 1649 937 minor,
1671 907 1803 942 qvam
1824 896 1892 933 die
1912 895 1963 932 23
1980 895 2050 933 de—

409 949 636 995 praehensa
657 949 711 986 est
732 960 808 996 per
828 945 1115 998 Paral-Hlaxin
1135 950 1410 995 antecipatio,
1436 949 1479 986 id
1505 948 1644 995 ipsum
1664 953 1834 986 tantum
1855 948 1980 991 abest,
2005 953 2051 986 ut
2079 956 2135 987 15Γ

411 1003 640 1040 Cometam
662 1004 784 1039 terris
805 1003 1055 1049 propiorem
1077 1001 1209 1048 (qvod
1225 1007 1271 1039 tu
1288 1003 1615 1049 qvammaxime
1631 1003 1676 1039 in
1692 1003 1876 1049 gratiam
1892 1001 2049 1039 Aristo-

409 1056 502 1093 telis
526 1055 771 1102 exoptares)
795 1056 958 1096 reddat,
984 1060 1029 1092 ut
1052 1054 1191 1092 multo
1214 1057 1359 1102 potius
1382 1066 1484 1092 eum
1507 1055 1767 1102 profundius
1791 1060 1830 1092 et
1853 1055 1982 1093 altius
2004 1057 2050 1092 in

410 1109 546 1156 ipsum
564 1109 729 1146 aethera
745 1108 923 1146 attollat.
944 1108 994 1146 Et
1010 1107 1039 1145 fi
1055 1110 1100 1145 in
1117 1108 1298 1145 dimidio
1314 1108 1383 1146 vel
1400 1110 1566 1156 integro
1583 1110 1753 1146 minuto
1770 1108 2050 1146 Parallaxeos

409 1164 691 1209 reciprocatio
708 1162 781 1200 fibi
797 1164 984 1199 invicem
1002 1173 1093 1198 non
1110 1161 1269 1208 ubiqve
1287 1161 1619 1209 correspondeat
1635 1161 1694 1208 (id
1707 1163 1824 1199 enim
1836 1161 2049 1209 praestare,

409 1215 485 1253 nisi
501 1227 580 1262 par
596 1215 754 1262 ubiqve
772 1216 865 1253 esset
878 1215 1096 1258 serenitas,
1114 1214 1152 1252 &
1169 1214 1426 1253 observandi
1439 1214 1642 1262 exqvifita
1655 1215 1955 1258 commoditas,
1972 1216 2049 1252 im-

409 1269 596 1315 possibile
609 1269 685 1306 esse
698 1274 871 1311 norunt,
889 1268 917 1305 si
934 1270 1006 1315 qvi
1022 1267 1130 1305 forte
1147 1268 1403 1306 mechanice
1419 1268 1515 1306 haec
1531 1268 1586 1306 ad
1603 1269 1799 1306 amussim
1815 1267 2050 1315 pradicare

409 1322 666 1368 didicerunt)
684 1322 725 1359 id
743 1322 931 1359 nostram
947 1323 1236 1359 intentionem
1252 1321 1505 1359 nullatenus
1521 1320 1761 1365 labefactat,
1779 1333 1879 1359 cum
1892 1333 1984 1359 non
1997 1321 2050 1359 de

410 1387 499 1412 uno
516 1375 585 1413 vel
601 1375 737 1413 altero
754 1375 955 1422 scrupulo
970 1374 1145 1422 qvaestio
1157 1374 1215 1417 fit,
1232 1380 1279 1412 ut
1291 1375 1478 1413 Cometa
1489 1374 1735 1413 sublunaris
1747 1375 1963 1418 reddatur,
1980 1374 2050 1412 sed

410 1434 560 1475 qvarta
576 1430 775 1475 proxime
792 1430 924 1466 unius
940 1428 1099 1475 gradus
1115 1439 1227 1475 pars,
1245 1440 1330 1475 qvo
1345 1428 1530 1475 idipsum
1541 1427 1636 1465 fieri
1648 1429 1777 1475 possit‚
1794 1429 2049 1475 reqviratur.

409 1482 451 1518 Si
469 1484 562 1528 qvis
579 1493 642 1524 ea,
661 1493 757 1528 qvae
774 1484 819 1519 in
836 1481 986 1519 tabula
1002 1481 1140 1519 diaria
1152 1493 1247 1528 pag.
1260 1481 1338 1519 206
1350 1481 1520 1519 duabus
1533 1481 1696 1519 ultimis
1709 1482 1926 1519 columnis
1938 1483 2051 1519 circa

409 1535 651 1573 distantiam
662 1535 859 1573 Cometae
870 1547 895 1572 a
905 1534 1041 1572 Terra
1051 1540 1091 1572 et
1100 1534 1350 1572 Parallaxin
1364 1536 1399 1582 ej
1406 1546 1457 1573 us
1468 1537 1711 1573 maximam
1722 1539 1933 1573 annotata
1942 1534 2049 1577 sunt,

409 1588 494 1625 huc
511 1588 739 1626 contulerit
752 1594 791 1626 et
803 1588 951 1625 dextre
968 1590 1119 1625 omnia
1135 1587 1340 1630 limitarit,
1357 1588 1574 1626 videbitur
1589 1590 1746 1635 potius,
1763 1588 1879 1635 qvod
1893 1588 1949 1625 ad
1959 1592 2050 1625 tam

409 1641 631 1688 praecisam
652 1641 942 1687 Parallaxeoeg
963 1641 1326 1685 enucleationem,
1347 1641 1562 1679 beneficio
1583 1641 1936 1679 observationum
1957 1652 2050 1688 per-

410 1697 671 1737 venerimus,
694 1707 825 1742 qvam
847 1695 961 1742 qvod
982 1696 1115 1732 unius
1130 1694 1200 1732 vel
1216 1694 1394 1732 alterius
1410 1697 1568 1732 minuti
1584 1697 1630 1732 in
1646 1695 1939 1732 retardatione
1956 1696 2050 1742 ejus

410 1748 775 1786 discoherentiam
794 1750 924 1785 nimis
940 1747 1072 1786 stricte
1090 1748 1267 1795 culpare
1283 1748 1396 1786 velit.
1420 1748 1470 1786 Et
1491 1750 1629 1786 nimia
1646 1748 1844 1786 Cometae
1865 1749 2050 1785 remotio

410 1801 581 1848 ipsaqve
599 1802 653 1839 ob
670 1801 712 1838 id
729 1801 1009 1839 Parallaxeos
1030 1801 1212 1844 exilitas,
1234 1807 1279 1839 ut
1300 1800 1412 1840 recte
1433 1801 1707 1849 postmodum
1728 1806 1816 1839 tute
1837 1800 1982 1844 infers,
2004 1803 2050 1838 in

409 1854 475 1891 his
492 1854 707 1892 summam
724 1855 1021 1901 praecifionem
1039 1867 1130 1892 non
1147 1854 1391 1892 admittunt.
1414 1855 1554 1902 Ipsam
1571 1860 1720 1893 autem
1737 1866 1837 1892 cum
1853 1854 2049 1892 observa-

408 1909 524 1944 tione
542 1910 908 1951 convenientiam,
925 1920 1057 1955 qvam
1073 1907 1223 1951 affero,
1241 1908 1270 1945 fi
1287 1908 1441 1946 eodem
1454 1909 1598 1952 modo,
1617 1920 1702 1955 qvo
1714 1920 1740 1946 a
1751 1919 1821 1945 me
1833 1906 2050 1955 proposita

409 1960 474 2000 est,
493 1960 767 2008 intelligatur,
786 1966 825 1998 et
841 1961 988 1999 dextre
1001 1962 1231 2009 judicetur,
1248 1961 1359 1999 nihil
1375 1961 1636 2000 concludere
1653 1973 1784 1999 nemo
1801 1960 2049 1999 Mathema-

409 2015 592 2050 ticorum
616 2014 710 2051 haec
733 2016 921 2061 penitius
945 2014 1293 2062 introspiciendo,
1318 2014 1355 2052 &
1379 2013 1494 2052 recto
1513 2016 1678 2062 judicio
1699 2014 1864 2062 fingula
1886 2014 2049 2060 ponde-

410 2066 548 2103 rando
564 2072 707 2104 tecum
723 2067 952 2111 testabitur,
975 2070 1079 2115 qvin
1099 2069 1256 2115 potius,
1279 2073 1325 2105 ut
1340 2068 1557 2106 Aristoteli
1574 2073 1649 2106 tuo
1669 2068 1965 2115 patrocineris,
1987 2068 2049 2104 ni—

410 2121 491 2156 mis
507 2119 689 2157 liberam
707 2120 743 2157 &
760 2120 982 2158 infirmam
998 2121 1212 2168 protulisse
1229 2121 1468 2165 censuram,
1485 2133 1577 2159 non
1593 2123 1726 2159 invite
1743 2121 1988 2158 decernent.

463 2173 646 2210 Accedis
663 2173 818 2211 deinde
835 2174 889 2211 ad
906 2176 1077 2211 tertiam
1090 2174 1506 2221 comprobationem,
1525 2187 1609 2222 qva
1622 2187 1675 2213 ex
1687 2174 1885 2212 Cometae
1898 2173 2049 2211 distan-

410 2227 478 2272 tijs
499 2227 544 2262 in
565 2225 740 2263 diverfis
762 2227 878 2264 orbis
900 2228 1094 2273 partibus
1117 2228 1278 2271 sumtis,
1303 2239 1405 2265 eum
1427 2230 1610 2265 minime
1631 2227 1911 2266 sublunarem
1933 2226 2049 2264 fuisse

411 2278 631 2316 ostendere
642 2279 832 2317 elaboro.
843 2280 893 2317 Et
902 2280 999 2317 licet
1009 2280 1104 2318 haec
1114 2280 1382 2327 plaufibilior
1391 2281 1747 2319 antecedentibus
1757 2280 2049 2322 tibivideatur,

412 2336 457 2368 ut
474 2331 528 2368 ad
546 2331 790 2378 qvaestionis
807 2333 1053 2371 enodandae
1070 2335 1296 2371 veritatem
1312 2333 1468 2372 rectius
1484 2334 1809 2372 accommodari
1824 2333 1953 2380 possit,
1971 2343 2050 2380 ego

411 2390 570 2427 tamen,
584 2390 629 2421 ut
641 2385 682 2421 id
696 2386 810 2431 qvod
822 2397 890 2422 res
902 2386 957 2423 est
968 2386 1116 2430 fatear,
1134 2389 1280 2424 minus
1292 2387 1559 2425 certitudinis
1570 2387 1631 2425 isti
1642 2387 1902 2435 probationi,
1918 2397 2049 2432 qvam

411 2439 590 2479 caeteris,
617 2438 1012 2485 qvomodocunqve
1037 2440 1279 2486 adaptetur,
1304 2440 1587 2478 tribuendum
1612 2440 1781 2482 censeo:
1806 2439 1935 2486 idqve
1958 2450 2050 2476 non

412 2495 502 2527 tam
523 2490 578 2527 ob
600 2502 664 2533 ea,
687 2502 783 2537 qvae
804 2496 849 2528 tu
870 2493 915 2528 in
937 2495 1204 2530 contrarium
1225 2493 1388 2540 obiJ’cis,
1410 2505 1542 2540 qvam
1563 2493 1678 2540 qvod
1699 2493 1907 2531 distantiae
1926 2493 1971 2529 in
1989 2491 2049 2528 di-

1921 2544 2049 2583 verfis

2092 802 2122 826 10

2091 1068 2120 1092 15

2088 1334 2122 1358 20

2088 1600 2121 1624 25

2088 1866 2121 1891 30

2088 2132 2121 2156 35

2087 2397 2121 2422 40
