2209 3213
342 232 417 269 292
834 224 915 261 DE
938 222 1162 260 MUNDI
1183 218 1484 258 AETHEREI

343 336 522 374 Octauae
540 332 732 379 Sphaerae
754 336 934 371 motum.
957 329 1043 366 fiue
1060 325 1443 375 AEquinoc'tiorum
1462 325 1784 372 praecessionem
1807 326 1977 363 vniuer-

342 390 470 426 salem
489 392 696 427 extruere,
713 384 809 421 licet
821 395 846 421 a
858 388 917 420 tot
929 382 1092 424 seculis,
1110 380 1267 428 quibus
1279 379 1544 417 Mortalibus
1555 380 1757 423 innotuit,
1769 380 1842 416 vix
1853 381 1977 426 quin-

342 441 645 479 tamdecimam
658 436 803 474 circuli
816 441 996 483 partem,
1007 440 1049 472 vt
1061 434 1237 482 ipsemet
1248 432 1417 476 fatetur,
1429 434 1651 480 peregerit,
1664 443 1755 469 non
1766 437 1979 479 tanquam

343 492 601 540 impossibile,
619 488 827 527 intactum
844 489 1028 535 reliquit.
1048 487 1170 534 Isque
1186 488 1232 524 in
1248 485 1436 534 Epistola
1451 485 1656 533 quadam,
1674 497 1809 532 quam
1824 497 1978 524 manu-

342 548 537 593 scriptam
562 544 716 586 habeo,
742 542 795 580 ab
821 542 910 589 ipso
935 542 990 579 ad
1015 541 1069 579 D.
1090 539 1397 578 Bernhardum
1412 538 1656 587 Vapoushy
1678 538 1918 577 Cantorem
1942 538 1980 576 &
2017 550 2033 574 5

343 601 618 638 Canonicum
636 595 986 637 Cracouiensem,
1003 595 1138 632 Anno
1154 593 1261 637 1534,
1283 592 1367 630 Die
1384 592 1420 630 3.
1438 592 1552 630 Iunii
1569 592 1729 636 datam,
1748 594 1794 630 in
1810 604 1898 640 qua
1914 592 1979 630 Io-

342 654 499 690 hannis
511 652 692 688 Verneri
705 649 960 697 opusculum
972 648 1025 685 de
1036 652 1159 685 motu
1172 644 1354 685 oaauae
1366 645 1562 693 Sphaerae
1577 648 1811 689 examinat,
1828 645 1881 684 de
1897 645 1980 684 hac

342 707 429 754 ipsa
445 717 489 742 re
506 716 649 752 agens,
666 704 734 741 his
750 703 891 740 verbis
907 704 1054 740 vtitur:
2017 699 2038 731 ’1-

394 758 547 796 Nimia
562 755 747 797 Octauae
760 756 972 805 Sphaerae
988 754 1196 799 tarditas,
1214 763 1304 802 qua
1319 752 1367 790 in
1384 752 1560 801 aliquot
1573 749 1839 802 anno-urum
1849 752 1980 791 milli·
2004 755 2069 788 363

342 814 428 851 bus
444 812 489 849 in
502 810 601 860 sese
617 822 709 849 non
723 808 911 858 reuersa
923 806 993 857 est,
1008 810 1059 847 vt
1067 805 1403 856 inaequalitatis
1414 807 1570 844 motus
1582 803 1762 853 constet,
1779 817 1871 844 non
1879 804 1985 854 sinit
2022 815 2052 840 10

342 866 390 903 id
392 864 541 913 statim
554 863 803 912 absoluere,
818 863 940 912 quod
948 862 1121 900 multas
1130 860 1382 899 Hominum
1395 861 1562 898 aetates
1574 858 1766 898 excedit.
1779 857 1982 907 Possibile

344 922 497 957 tamen
519 916 588 965 eft,
611 914 871 956 conieciura
888 914 1127 954 Rationali
1145 914 1206 952 ad
1223 913 1271 951 id
1284 912 1537 963 peruenire
1550 911 1680 962 poste,
1703 912 1887 952 adiutos
1902 913 1981 952 eti-

343 983 531 1010 amnum
549 970 780 1019 aliquibus
794 967 1203 1018 Obseruationibus
1215 964 1625 1016 poftPtolemaeum
1642 964 1861 1013 adauci‘is,
1879 977 1982 1016 quae

343 1026 389 1063 in
407 1025 601 1064 eandem
618 1022 922 1073 congruerint
936 1022 1177 1060 rationem.
1199 1021 1320 1059 Nam
1338 1030 1442 1070 quae
1458 1019 1765 1059 determinata
1774 1018 1894 1069 sunt,
1916 1019 1981 1058 in-

344 1078 520 1116 finitam
545 1077 773 1116 rationem
798 1076 972 1114 habere
997 1086 1089 1113 non
1110 1072 1297 1124 possunt,
1324 1073 1711 1123 quemadmodum
1728 1072 1765 1122 si
1781 1085 1872 1123 per
1894 1073 1982 1112 tria
2024 1081 2053 1106 15

340 1129 509 1181 puncta
530 1142 621 1169 non
638 1129 891 1178 secundum
912 1129 1085 1167 lineam
1107 1125 1278 1167 rectam
1303 1128 1421 1173 data,
1445 1126 1825 1166 circumferentia
1848 1127 1982 1166 duca-

346 1188 430 1230 tur,
454 1196 546 1223 non
569 1184 678 1222 licet
699 1183 839 1221 aliam
857 1181 1233 1231 superinducere,
1259 1191 1363 1230 quae
1384 1180 1537 1219 maior
1557 1181 1635 1219 vel
1654 1179 1811 1219 minor
1830 1180 1982 1227 fuerit,

341 1238 475 1287 prius
492 1235 751 1285 transmissa.
768 1237 914 1283 Atque
930 1235 1025 1273 haec
1042 1235 1113 1273 ille
1130 1237 1175 1272 in
1190 1235 1324 1273 modo
1336 1236 1464 1273 citata
1476 1233 1664 1282 Epistola
1676 1234 1842 1281 seripfit,
1860 1236 1984 1272 cuius

346 1291 568 1338 exemplar
583 1290 726 1328 habeo
739 1302 790 1327 ex
802 1289 931 1337 ipfius
943 1287 1243 1336 Autographo‚
1260 1287 1349 1336 post
1361 1287 1595 1326 secundam
1605 1287 1676 1326 vel
1686 1289 1858 1326 tertiam
1868 1292 1983 1326 tran-

345 1345 616 1391 scriptionem
628 1343 736 1381 mihi
748 1344 1137 1386 communicatum;
1150 1353 1203 1379 ex
1213 1341 1372 1389 quibus
1383 1346 1511 1389 patet,
1523 1341 1663 1389 ipsum
1673 1341 1982 1389 Copernicum‚
2021 1348 2055 1374 20

345 1400 419 1444 qui
432 1397 667 1435 Ptolemaeo
679 1396 804 1435 facile
817 1398 861 1433 in
873 1396 1062 1434 Scientia
1074 1395 1376 1433 Astronomica
1392 1394 1735 1442 aequiparandus
1746 1396 1876 1439 venit,
1892 1406 1985 1433 non

344 1450 515 1498 prorsus
531 1452 699 1487 irritum
719 1450 806 1494 esse,
828 1450 1037 1493 iudicasse,
1060 1460 1113 1486 ex
1128 1448 1279 1496 aliqua
1294 1450 1495 1496 portione
1510 1453 1656 1486 motus
1672 1447 1898 1496 diligenter
1913 1460 1983 1486 ex-

345 1504 524 1550 plorata,
543 1504 594 1541 de
611 1508 700 1541 toto
717 1505 810 1541 eius
822 1504 1003 1540 circuitu
1014 1503 1395 1540 ratiocinationem
1406 1501 1678 1549 probabilem
1690 1501 1920 1540 instituere.
1937 1502 1984 1540 Id

345 1557 462 1604 quod
483 1556 729 1594 Moestlinus
750 1558 796 1594 in
816 1556 948 1593 huius
965 1555 1163 1594 Cometae
1182 1554 1426 1604 Hypothefi
1447 1555 1700 1600 extruenda,
1721 1567 1801 1603 pro
1820 1555 1985 1593 viribus

346 1610 598 1653 elaborauit,
620 1610 658 1648 &
678 1621 769 1647 non
792 1609 1161 1647 contemnendam
1183 1610 1229 1647 in
1249 1621 1302 1647 eo
1323 1609 1561 1648 obtinendo
1584 1611 1768 1647 nauauit
1790 1620 1983 1656 operam.
2023 1615 2056 1641 2⁵

346 1663 427 1701 Sed
443 1664 494 1701 dc
508 1668 596 1701 tota
609 1663 737 1710 ipfius
749 1662 1003 1711 Hypothefi,
1022 1674 1109 1710 qua
1121 1662 1254 1700 huius
1265 1662 1464 1701 Cometae
1476 1663 1770 1710 Apparentias
1782 1662 1985 1700 excusare

346 1718 505 1759 nititur,
527 1716 654 1764 supra
669 1716 744 1754 suo
760 1716 857 1754 loco
873 1728 1019 1754 meam
1035 1716 1208 1763 plenius
1224 1716 1313 1754 dixi
1329 1716 1612 1760 Sententiam,
1634 1715 1672 1754 &
1692 1720 1909 1763 quatenus
1925 1717 1985 1763 ip-

346 1770 396 1807 fis
416 1769 725 1807 Phaenomenis
747 1769 1006 1813 satisfecerit,
1030 1774 1247 1816 quatenus
1266 1781 1372 1808 vero
1395 1781 1498 1813 non,
1523 1781 1576 1808 ex
1597 1768 1986 1808 obseruationibus

347 1825 470 1860 certis
482 1823 801 1860 Demonstraui.
819 1823 1010 1869 Ideoque
1027 1823 1079 1861 de
1095 1822 1164 1860 his
1179 1822 1423 1871 longiorem
1436 1822 1508 1861 hic
1520 1824 1986 1861 commemorationem

347 1876 561 1913 instituere
578 1887 669 1913 non
685 1876 739 1913 est
756 1876 1046 1914 necessarium.
2023 1882 2057 1908 3⁰

401 1929 514 1975 Quae
535 1929 587 1966 de
608 1929 787 1967 Helisaei
808 1929 973 1967 Roeslin
995 1929 1032 1967 &
1053 1929 1227 1967 Nicolai
1247 1929 1489 1968 Winckleri
1511 1929 1686 1977 Scriptis
1706 1929 1867 1967 ibidem
1889 1940 1985 1976 pro-

348 1984 468 2028 ponit
488 1981 750 2025 Thaddaeus,
774 1984 996 2029 praecipua
1019 1994 1072 2020 ex
1094 1987 1214 2029 parte
1238 1981 1350 2021 redte
1372 1983 1412 2021 l‘e
1435 1982 1610 2027 habent,
1634 1994 1777 2030 neque
1801 1994 1880 2030 ego
1902 1981 1987 2020 illis

350 2035 573 2081 quidpiam
597 2046 713 2072 nunc
736 2035 987 2073 addendum
1010 2035 1174 2080 censeo,
1197 2036 1434 2084 praesertim
1457 2048 1558 2074 cum
1580 2036 1756 2084 ipsemet
1776 2035 1861 2074 suis
1880 2035 1987 2074 locis

350 2088 400 2125 de
418 2087 485 2124 his
503 2099 555 2125 ex
570 2087 748 2134 professo
764 2088 861 2126 satis
877 2088 1119 2126 luculenter
1133 2088 1324 2127 tractem.

404 2140 549 2177 Postea
565 2140 798 2188 digreditur
808 2140 1059 2179 Thaddaeus
1075 2144 1120 2179 in
1137 2143 1352 2181 eruditam
1368 2142 1715 2190 disputationem,
1732 2146 1883 2180 contra
1899 2153 1986 2186 eos,
2025 2151 2058 2176 35

352 2195 426 2239 qui
443 2193 649 2231 Cometas
670 2194 837 2231 nullam
857 2195 1123 2241 peculiarem
1143 2195 1500 2243 fignificationem
1521 2196 1728 2238 obtinere,
1749 2206 1893 2242 neque
1913 2194 1986 2233 ad-

350 2246 637 2283 mirabiliores
659 2246 909 2294 vulgaribus
932 2247 970 2285 &
993 2248 1205 2286 consuetis
1228 2249 1439 2287 Meteoris
1462 2250 1550 2294 esse,
1575 2249 1698 2287 editis
1721 2245 1736 2298 ΙΙ
1758 2247 1841 2286 hac
1864 2248 1917 2286 de
1940 2259 1985 2286 re
2010 2253 2074 2285 364

350 2298 531 2345 publicis
548 2299 722 2346 Scriptis
738 2301 974 2338 asseuerare
991 2313 1081 2338 non
1098 2302 1361 2346 dubitarunt,
1378 2302 1449 2340 vbi
1469 2304 1693 2349 praecipua
1712 2301 1889 2339 illorum
1905 2301 1985 2338 Ar-

349 2356 555 2399 gumenta
578 2354 622 2389 in
642 2364 779 2389 vnum
800 2353 969 2400 colligit,
993 2354 1030 2391 &
1052 2354 1184 2392 solide
1205 2355 1389 2403 sciteque
1410 2355 1466 2393 ad
1487 2367 1539 2393 ea
1561 2354 1799 2402 respondet.
1820 2354 1987 2392 Verum

351 2416 429 2451 ego
450 2405 502 2442 de
523 2404 590 2442 his
611 2407 655 2442 in
676 2406 1002 2452 praesentiarum
1023 2407 1133 2444 nihil
1154 2408 1314 2452 dicam;
1338 2408 1574 2456 prael'ertim
1594 2419 1695 2446 cum
1715 2409 1828 2446 intra
1848 2411 1987 2445 metas
2025 2418 2058 2444 4ο

350 2457 672 2495 Astronomicas
688 2460 732 2495 in
750 2458 1046 2506 Descriptione
1067 2460 1199 2498 huius
1216 2461 1414 2500 Cometae
1430 2473 1500 2499 me
1517 2463 1739 2499 continere
1754 2460 1986 2508 proposue-

350 2512 448 2553 rim;
461 2510 557 2547 licet
569 2511 818 2548 nullatenus
830 2523 929 2549 cum
942 2514 993 2559 ijs
1005 2512 1196 2556 sentiam,
1209 2516 1284 2561 qui
1296 2514 1408 2552 hisce
1421 2514 1698 2553 Secundariis
1710 2513 1864 2557 Stellis,
1877 2524 1987 2560 quas

1684 2567 1987 2605 Meteororum
