2209 3213
520 213 1046 253 RECENTIORIBUS
1066 213 1524 252 PHAENOMENIS
1801 212 1842 249 13

201 332 285 367 que
305 321 351 357 in
372 331 425 357 ea
444 319 767 366 intercapedine
792 319 934 364 lineae,
961 332 1061 367 quae
1083 325 1174 358 erat
1196 331 1330 367 prope
1353 319 1500 356 locum
1522 318 1733 356 Cometae.
1756 317 1843 355 Sub

200 373 317 411 idem
336 378 520 420 tempus,
542 372 773 410 obseruaui
793 372 1037 411 distantiam
1059 373 1269 415 Cometae,
1291 385 1317 410 a
1337 372 1481 416 Stella,
1506 383 1605 419 quae
1627 371 1682 409 est
1702 373 1748 408 in
1769 382 1843 408 ore

143 434 163 465 †
201 426 356 473 Pegasi,
375 437 510 473 quam
526 425 794 472 deprehendi
810 426 852 463 P.
870 426 932 464 27.
950 426 1013 464 Μ.
1031 426 1092 464 35.

255 479 411 517 Cauda
426 490 531 516 vero
549 478 760 522 Cometae‚
781 479 915 516 veluti
936 479 1075 526 ipsum
1096 491 1266 526 corpus,
1288 478 1328 516 se
1348 490 1436 516 vna
1456 478 1585 515 altius
1607 480 1696 515 iam
1716 477 1843 514 sustu-

147 545 163 570 5
200 532 319 575 lerat,
343 532 454 569 adeo
475 537 518 569 vt
540 531 569 568 fi
591 530 808 578 protradta
830 531 974 576 fuisset,
998 532 1126 579 longe
1149 532 1277 579 supra
1300 532 1473 568 Lunam
1495 531 1659 568 lineam
1683 529 1844 568 rectam

199 585 468 632 produxisset,
492 584 542 627 &,
566 596 654 631 quo
675 585 730 622 ad
750 584 901 629 visum,
924 587 1035 622 inter
1055 585 1314 623 rariusculas
1334 584 1485 628 nubes,
1510 585 1723 631 apparuit,
1747 583 1777 620 fi
1799 585 1844 620 in

199 638 363 676 lineam
378 636 539 676 rectam
556 638 823 681 educeretur,
840 638 986 676 versus
998 638 1250 675 inferiorem
1262 637 1441 675 Stellam
1452 639 1497 674 in
1509 637 1580 674 ala
1593 636 1735 684 Pegafi
1747 648 1843 683 pro-

200 691 330 734 tendi,
351 702 451 737 quae
467 696 616 728 tamen
632 690 929 735 confideratio,
950 703 1041 728 non
1057 691 1137 728 fuit
1153 691 1250 728 satis
1268 690 1488 737 exquisita,
1510 695 1684 737 propter
1705 689 1844 727 nubes

199 744 378 782 subinde
394 745 747 781 interuenientes.

133 810 163 834 ιο
253 797 354 834 DIE
379 796 496 834 XXI.
522 796 659 834 Paulo
684 796 773 843 post
798 797 960 834 sextam
986 797 1275 844 vespertinam
1300 795 1580 843 deprehendi,
1606 797 1718 832 inter
1739 795 1843 832 Vul-

198 855 340 887 turem
361 849 399 887 8(
420 849 652 888 Cometam
669 850 711 887 P.
729 850 782 887 10.
800 850 863 887 Μ.
880 850 943 893 37,
965 850 1002 887 8(
1024 852 1137 887 circa
1157 850 1273 887 idem
1293 855 1477 896 tempus,
1499 851 1610 886 inter
1631 860 1679 886 os
1700 848 1844 895 Pegasi

141 910 161 942 i·
200 902 237 940 8(
254 903 487 941 Cometam
502 903 545 941 P.
562 903 626 941 25.
644 903 707 940 Μ.
724 903 778 941 19.
796 899 810 953 ΙΙ

141 963 162 994 4
253 956 410 994 Cauda
429 967 534 994 vero
555 955 855 1003 porrigebatur
875 956 1021 994 versus
1045 961 1286 993 extremam
1306 955 1390 993 alae
1412 954 1568 1002 Pegasi,
1589 954 1618 991 fi
1639 966 1692 992 eo
1712 954 1843 1001 vsque

198 1009 398 1056 protensa
414 1009 734 1056 intelligeretur.

131 1075 161 1100 15
251 1062 401 1099 Visum
424 1061 479 1099 est
501 1064 633 1100 etiam
658 1068 787 1109 caput
811 1062 1022 1106 Cometae,
1049 1074 1101 1100 eo
1124 1061 1311 1109 vespere,
1337 1063 1383 1098 in
1408 1060 1570 1108 aequali
1596 1060 1794 1098 distantia
1818 1072 1845 1098 a

197 1117 339 1163 prima
359 1117 405 1153 in
425 1115 497 1153 ala
514 1115 659 1162 Pegasi
680 1115 718 1152 8(
741 1115 882 1153 cauda
899 1115 1052 1163 Cygni,
1074 1115 1232 1153 distans
1253 1115 1306 1152 ab
1327 1119 1511 1161 vtraque
1531 1114 1726 1161 partibus
1746 1113 1844 1160 plus

197 1170 343 1206 minus
353 1168 415 1212 46,
432 1168 563 1215 idque
575 1180 651 1215 per
663 1168 863 1213 Radium,
880 1168 991 1206 hora
1003 1168 1205 1206 existente
1221 1168 1413 1215 septima,
1430 1167 1500 1205 sed
1516 1169 1663 1204 minus
1680 1165 1843 1204 exac'tae

198 1221 466 1259 certitudinis
482 1220 612 1259 habet
628 1221 724 1259 haec
741 1221 997 1259 obseruatio.

252 1274 352 1312 DIE
368 1274 526 1312 XXIII.
544 1275 751 1312 diuturna
767 1274 994 1312 serenitate
1010 1274 1093 1312 hac
1109 1274 1287 1321 vespera
1304 1273 1430 1311 nobis
1448 1273 1637 1316 fauente,
1658 1273 1754 1310 haec
1775 1284 1843 1310 co-

128 1340 161 1365 20
198 1327 369 1375 piofius,
400 1339 535 1374 quam
560 1333 702 1372 antea,
732 1339 894 1375 magna
918 1327 1152 1375 diligentia,
1183 1329 1366 1374 parique
1392 1327 1647 1364 certitudine
1674 1326 1844 1364 coelitus

198 1381 492 1428 capiebantur.

141 1441 161 1472 †
252 1434 380 1472 Hora
395 1435 442 1473 51-
457 1436 568 1472 inter
585 1434 817 1472 Cometam
834 1433 872 1471 8(
888 1445 937 1472 os
954 1434 1097 1482 Pegasi
1115 1434 1224 1471 Part.
1242 1434 1295 1471 21.
1313 1434 1376 1471 M.
1394 1433 1430 1471 8.

252 1487 380 1525 Hora
395 1488 431 1525 5.
449 1487 512 1525 M.
529 1488 592 1525 45.
614 1489 725 1524 inter
746 1487 980 1525 Cometam
1001 1487 1039 1525 8(
1059 1487 1239 1525 Stellam
1259 1489 1305 1524 in
1325 1486 1486 1524 finistra
1506 1498 1644 1523 manu
1660 1486 1843 1523 Antinoi

129 1607 160 1631 25
252 1593 380 1631 Hora
395 1595 593 1640 proxime
609 1593 738 1637 sexta,
754 1595 866 1631 inter
881 1593 1112 1631 Vulturem
1129 1593 1167 1631 8(
1184 1593 1417 1632 Cometam
1434 1593 1475 1630 P.
1493 1593 1537 1630 ll.
1556 1592 1619 1630 M.
1636 1593 1663 1630 l.

252 1647 382 1685 Circa
397 1646 513 1684 idem
529 1651 713 1694 tempus,
731 1648 757 1684 a
772 1646 933 1684 sinistro
949 1646 1137 1685 humero
1154 1647 1352 1693 Aquarii,
1370 1646 1412 1683 P.
1430 1646 1483 1684 18.
1502 1646 1564 1683 M.
1582 1646 1635 1683 15.

251 1700 292 1737 Α
309 1699 441 1738 Stella
456 1711 562 1737 vero
578 1702 623 1737 in
640 1711 715 1738 ore
731 1699 888 1748 Pegafi,
909 1711 1044 1748 prope
1061 1700 1145 1738 hoc
1161 1700 1301 1747 ipsum
1316 1705 1501 1746 tempus,
1521 1698 1774 1737 obseruatus
1790 1698 1845 1736 est

199 1753 350 1791 distare
366 1753 409 1791 P.
426 1753 480 1791 21.
498 1753 561 1791 M.
578 1754 614 1791 5.

252 1806 380 1844 Hora
395 1806 431 1844 6.
445 1806 508 1844 M.
521 1806 583 1844 30.
601 1808 712 1844 inter
724 1806 958 1844 Cometam
974 1806 1012 1844 8(
1027 1818 1213 1844 manum
1224 1807 1408 1843 Antinoi
1425 1803 1584 1843 dictam
1600 1805 1642 1843 P.
1655 1806 1691 1843 4.
1705 1805 1768 1842 M.
1780 1805 1844 1842 40.

128 1872 162 1897 30
252 1859 380 1897 Hora
395 1859 431 1897 8.
449 1859 626 1897 distabat
643 1859 830 1898 Cometa
845 1859 899 1897 ab
917 1871 991 1897 ore
1009 1859 1153 1907 Pegasi
1168 1859 1363 1907 partibus
1380 1858 1586 1906 exquisite
1602 1858 1656 1896 21.
1674 1858 1737 1896 M.
1754 1858 1790 1896 0.

251 1912 380 1950 Hora
395 1913 431 1951 8.
449 1912 512 1950 M.
530 1912 592 1950 35.
611 1912 788 1951 distabat
805 1912 858 1950 ab
876 1913 1031 1950 eadem
1046 1915 1092 1950 in
1108 1924 1183 1950 ore
1200 1912 1344 1960 Pegafi
1360 1912 1403 1950 P.
1420 1912 1482 1950 20.
1501 1912 1563 1949 M.
1581 1912 1643 1950 56.

251 1966 398 2013 Atque
421 1965 492 2003 hae
515 1977 670 2003 omnes
693 1965 1019 2004 obseruationes
1041 1965 1218 2003 fuerunt
1242 1964 1418 2009 exactae,
1445 1977 1498 2003 eo
1524 1965 1642 2012 quod
1666 1964 1845 2003 Coelum

199 2019 292 2057 esset
307 2019 614 2066 vndequaque,
631 2024 721 2057 toto
737 2019 822 2057 hoc
837 2024 1046 2066 tempore,
1063 2021 1260 2066 apprime
1276 2019 1489 2056 serenum.

252 2072 456 2110 Caudam
476 2072 721 2120 porrigebat
742 2072 826 2110 hoc
845 2072 1033 2119 vespere,
1055 2074 1100 2110 in
1121 2084 1220 2110 eam
1241 2072 1432 2116 Stellam,
1455 2083 1555 2118 quae
1576 2071 1631 2109 est
1651 2071 1845 2119 superior

128 2137 161 2162 35
198 2127 244 2163 in
259 2125 400 2163 fronte
417 2125 631 2173 Equiculi,
650 2126 722 2163 vbi
739 2127 870 2163 etiam
885 2127 1111 2163 terminari
1127 2125 1367 2169 videbatur,
1388 2125 1521 2163 radiis
1536 2124 1645 2162 forte
1662 2125 1844 2162 Lunari-

198 2178 279 2216 bus
293 2178 544 2216 vlteriorem
561 2180 654 2216 eius
670 2180 975 2226 apparentiam
991 2178 1339 2226 impedientibus.
1362 2179 1464 2216 Erat
1485 2183 1645 2222 autem,
1663 2190 1689 2216 a
1706 2180 1843 2225 capite

198 2231 344 2269 versus
360 2230 518 2270 dietam
534 2232 726 2275 Stellam,
746 2232 930 2279 paulum
945 2243 1069 2269 more
1085 2231 1207 2269 solito
1224 2234 1467 2275 incuruata,
1485 2243 1732 2269 conuexam
1748 2243 1844 2278 par-

198 2289 285 2322 tem
303 2286 348 2322 in
364 2284 523 2322 Zenith
542 2285 712 2329 tollens,
733 2285 857 2329 adeo,
879 2290 923 2322 vt
942 2285 972 2322 fi
992 2297 1018 2322 3
1039 2287 1177 2332 capite
1198 2296 1275 2332 per
1296 2283 1452 2322 dictam
1470 2284 1650 2323 Stellam
1665 2284 1844 2322 vlterius

198 2337 394 2384 protrahi
409 2337 655 2385 fingeretur,
672 2338 748 2376 suo
765 2337 896 2376 duetu
913 2338 1092 2385 obliquo
1106 2338 1252 2376 versus
1269 2350 1368 2375 eam
1384 2340 1655 2385 pertingeret,
1672 2349 1772 2385 quae
1790 2337 1845 2374 est

129 2402 162 2428 40
199 2393 245 2428 in
259 2390 400 2428 fronte
417 2391 574 2439 Pegasi.

142 2451 162 2481 5
253 2444 389 2482 Color
404 2449 551 2482 autem
568 2446 719 2492 capitis
736 2444 934 2483 Cometae
950 2444 1028 2482 fuit
1047 2444 1184 2488 albus,
1206 2456 1297 2482 non
1317 2449 1407 2482 tam
1428 2444 1583 2487 clarus,
1604 2443 1674 2481 sed
1691 2440 1705 2493 ΙΙ
1721 2443 1843 2490 palli-

199 2497 306 2541 dior,
332 2509 475 2544 neque
500 2500 560 2535 ita
584 2497 766 2542 lucidus,
790 2503 833 2535 vt
856 2497 1088 2535 Stellarum
1114 2497 1277 2535 lumen.
1305 2498 1462 2535 Cauda
1487 2509 1591 2534 vero
1618 2497 1844 2534 obscuram

1573 2550 1843 2593 rubedinem,
