2209 3213
104 783 133 808 10

104 1048 132 1072 15

85 1202 143 1233 123

98 1314 130 1339 20

94 1952 126 1976 30

93 2218 124 2242 35

493 185 1014 224 RECENTIORIBUS
1036 185 1492 224 PHAENOMENIS
1749 187 1815 225 107

174 293 323 340 Quare
340 298 416 330 aut
432 303 485 330 ea
501 291 634 336 nulla,
653 298 728 330 aut
743 303 855 339 pene
872 291 1124 329 insensibilis
1141 293 1286 329 extitit.
1308 292 1540 330 Cometam
1556 294 1684 340 igitur
1700 293 1818 331 hunc

173 345 300 393 longe
316 345 444 392 supra
460 345 633 382 Lunam
650 346 834 389 extitisse,
851 344 949 382 satis
965 349 1080 382 certo
1097 346 1384 382 conuincitur.

228 398 386 436 Rursus
403 398 471 435 die
487 397 639 435 vltimo
656 398 924 442 Decembris,
942 399 1055 435 circa
1071 397 1246 435 Horam
1261 397 1424 436 sextam
1441 398 1618 436 distabat
1632 399 1818 437 Cometa

173 463 199 489 a
214 450 371 489 Scheat
387 450 543 498 Pegasi,
560 451 602 488 P.
621 451 673 488 12.
692 451 755 489 M.
772 451 808 495 0,
826 451 864 489 &
880 450 1036 488 deinde
1054 452 1175 488 iuxta
1191 451 1365 489 Horam
1381 463 1559 495 nonam,
1577 452 1816 500 interlapsis

171 505 307 542 tribus
318 504 450 547 horis,
463 504 517 541 ab
530 504 697 548 eadem,
715 504 757 541 P.
772 505 815 541 ll.
830 504 892 541 M.
905 504 968 547 56,
981 505 1040 541 ita
1051 509 1094 541 vt
1105 506 1272 541 interea
1283 510 1405 542 motu
1418 507 1594 551 proprio
1607 506 1816 543 accesserit

170 557 379 604 scrupulis
396 559 630 604 quaternis,
653 557 1029 604 quemadmodum
1046 556 1192 594 cursus
1209 557 1457 595 ordinarius
1473 558 1657 595 diurnus
1674 561 1814 605 requi-

170 610 301 648 rebat.
320 610 421 648 Erat
434 612 552 647 enim
564 612 599 647 is
611 610 731 657 quasi
743 610 908 657 dimidij
922 609 1093 657 gradus,
1111 615 1363 657 competunt
1376 612 1522 657 itaque
1534 612 1669 649 tribus
1682 611 1814 654 horis,

170 663 370 711 scrupula
385 663 473 701 fere
490 668 691 710 quatuor.
709 663 828 701 Patet
845 674 945 710 ergo
958 662 996 700 &
1008 662 1079 700 hic
1091 663 1341 701 Parallaxin
1358 669 1528 701 motum
1543 665 1815 702 ordinarium

170 728 260 755 non
276 716 553 764 impediuisse,
570 716 684 754 vnde
701 727 753 754 ea
769 722 844 754 aut
860 716 983 754 nulla
999 721 1073 754 aut
1089 727 1201 763 pene
1218 716 1470 754 insensibilis
1488 719 1634 754 extitit.

224 769 340 808 Cum
356 771 483 817 igitur
499 774 559 807 tot
576 769 753 807 diuersis
766 768 1155 808 Obseruationibus
1172 769 1504 816 comprobatum
1521 770 1566 807 fit
1582 770 1815 808 Cometam

169 823 287 861 hunc
313 822 485 860 cursum
510 822 647 866 suum,
673 822 819 860 versus
845 822 974 860 Fixas
999 822 1128 869 ipsius
1153 824 1237 860 viae
1263 825 1545 870 propinquas,
1574 835 1666 861 non
1691 824 1815 861 aliter

169 876 372 919 direxisse‚
397 887 531 923 quam
554 878 772 923 promotio
796 876 953 913 diurna
978 875 1186 922 exigebat,
1210 876 1322 913 adeo
1343 881 1386 913 vt
1406 882 1552 913 motus
1573 879 1701 923 primi
1723 889 1814 914 mo-

168 929 277 973 bilis,
294 941 370 976 per
386 929 627 967 altitudinis
643 930 946 972 variationem,
964 933 1039 966 aut
1055 928 1240 972 nullum,
1258 934 1332 966 aut
1349 929 1590 967 admodum
1607 932 1815 977 exiguum

170 982 449 1021 Parallaxeos
474 982 697 1030 vestigium
722 982 956 1029 reliquerit,
982 981 1110 1029 longe
1136 984 1295 1025 minus,
1322 987 1364 1019 vt
1389 987 1572 1025 tantum.
1599 989 1815 1029 quantum

170 1036 296 1074 Luna
311 1038 357 1073 in
372 1035 448 1073 suo
461 1035 577 1074 Orbe
593 1037 639 1073 in
655 1035 779 1072 simili
795 1034 873 1072 fitu
884 1046 975 1082 prae
987 1034 1027 1072 se
1039 1034 1149 1072 ferre
1162 1035 1539 1080 animaduertitur,
1557 1036 1812 1074 diuerfitatis

169 1089 424 1131 admitteret,
454 1088 830 1135 quemadmodum
855 1088 909 1126 ab
935 1089 1071 1130 initio,
1101 1099 1178 1135 per
1205 1088 1448 1126 distantiam
1473 1089 1527 1126 ab
1554 1089 1642 1126 Ore
1668 1089 1812 1137 Pegasi

168 1144 427 1185 reiteratam,
457 1141 718 1179 sufficienter
742 1141 1163 1185 Demonstrauimus,
1196 1141 1359 1179 Idcirco
1385 1142 1699 1183 concludimus,
1727 1143 1810 1181 Co-

167 1200 330 1233 metam
342 1195 460 1233 hunc
471 1197 652 1232 minime
665 1200 810 1232 ortum
822 1194 937 1232 fuisse
949 1193 1063 1231 infra
1075 1194 1304 1241 Sphaeram
1317 1195 1551 1240 Lunarem‚
1566 1195 1635 1232 sed
1647 1192 1811 1245 lon-{lge

167 1248 295 1296 supra
314 1248 450 1295 ipsam
470 1250 516 1286 in
532 1248 711 1286 AEthere
733 1248 900 1295 liquido
921 1250 1000 1285 iter
1020 1247 1146 1285 suum
1166 1247 1398 1289 absoluisse.
1423 1250 1468 1285 in
1488 1254 1609 1286 tanta
1630 1260 1656 1286 a
1676 1248 1812 1287 Terra

168 1301 376 1344 distantia,
397 1306 440 1339 vt
458 1301 597 1339 moles
612 1301 793 1339 Terreni
810 1300 944 1339 Globi
960 1312 1052 1338 non
1068 1301 1302 1338 obtinuerit
1318 1301 1373 1339 ad
1391 1301 1511 1339 istam
1527 1303 1810 1349 intercapedi-

166 1366 268 1393 nem
283 1354 471 1393 senfibus
487 1355 728 1393 admodum
743 1356 1039 1392 incurrentem
1054 1354 1414 1402 magnitudinem,
1433 1355 1550 1402 quod
1562 1360 1622 1392 tot
1634 1358 1810 1393 rationi-

166 1408 258 1453 bus,
275 1408 540 1455 diuerfisque
553 1407 942 1446 Obseruationibus
958 1407 1137 1445 tandem
1152 1408 1371 1445 certissime
1384 1408 1729 1456 comprobatum,
1747 1411 1809 1446 in-

165 1461 538 1509 telligentibusque
555 1461 780 1499 euidenter
796 1460 1137 1499 demonstratum
1153 1461 1454 1508 relinquimus.

218 1576 377 1622 JDEM
398 1577 476 1614 EX
496 1576 825 1615 DISTANTIIS
846 1576 1111 1615 COMETAE
1132 1578 1172 1614 A
1193 1576 1421 1615 STELLIS
1441 1577 1667 1615 AFFIXIS
1688 1577 1751 1615 IN

394 1638 659 1677 DIUERSIS
680 1638 847 1677 ORBIS
868 1638 1119 1676 TERRENI
1141 1639 1310 1677 LOCIS
1332 1639 1582 1681 HABITIS‚

630 1700 1033 1739 MANIFESTUM
1056 1701 1341 1738 REDDERE.

707 1769 1059 1801 COMPROBATIO
1080 1770 1263 1801 TERTIA.

253 1833 379 1872 VOD
396 1845 473 1882 per
488 1834 791 1872 antecedentia
807 1836 852 1871 in
864 1846 952 1871 vno
965 1834 1209 1881 eodemque
1222 1833 1299 1872 situ
1312 1834 1441 1872 Orbis
1453 1834 1614 1877 Terrae,
1632 1835 1809 1873 diuerfis

272 1887 523 1926 Obseruatis
545 1887 742 1925 Cometae
766 1887 1067 1925 altitudinibus
1090 1887 1365 1925 manifestum
1389 1888 1669 1932 reddidimus,
1693 1889 1809 1926 idem

163 1940 246 1978 hoc
262 1940 359 1978 loco
375 1952 452 1988 per
467 1940 649 1978 similem
666 1940 785 1988 quasi
803 1940 1000 1979 Cometae
1017 1940 1214 1987 politum,
1231 1940 1305 1978 sub
1323 1941 1500 1979 diuerfis
1512 1941 1659 1980 Terrae
1677 1943 1808 1980 Hori-

160 1994 372 2038 zontibus‚
390 1994 700 2032 Demonstrare
717 1994 987 2032 conabimur.
1006 1994 1285 2041 Accipiemus
1301 1996 1448 2041 itaque
1465 1996 1510 2032 in
1526 1995 1808 2042 subsequente

160 2047 451 2095 Figuratione‚
473 2048 544 2085 vbi
561 2047 697 2085 ABH
715 2047 879 2085 Orbem
895 2047 1043 2085 Terrae
1060 2047 1350 2094 repraesentat,
1373 2048 1409 2086 C
1431 2048 1578 2086 locum
1596 2048 1807 2091 Cometae,

160 2102 205 2138 in
216 2100 413 2138 distantia
424 2101 476 2139 50
487 2100 922 2139 Semidiametrorum
938 2100 1199 2138 terrestrium
1215 2103 1414 2148 proxime
1431 2101 1545 2139 infra
1561 2104 1808 2140 concauita-

160 2159 247 2191 tem
259 2153 388 2192 Orbis
400 2154 551 2192 Lunae.
566 2155 813 2192 Assumatur
824 2166 929 2191 vero
941 2154 981 2191 A
993 2152 1204 2201 puncium
1213 2154 1420 2192 Terrenae
1433 2155 1806 2197 circumferentiae.

161 2207 474 2254 repraesentans
486 2207 929 2245 VRANIBVRGVM
942 2209 987 2244 in
999 2207 1143 2245 Insula
1155 2207 1337 2246 Huaena
1349 2208 1484 2256 Regni
1497 2208 1721 2250 DANIAE,
1737 2209 1808 2246 vbi

160 2259 323 2298 nostras
331 2260 671 2298 Obseruationes
681 2259 795 2298 nacli
804 2260 964 2304 sumus,
976 2261 1009 2298 B
1019 2272 1124 2298 vero
1134 2260 1180 2298 fit
1190 2261 1391 2299 PRAGA
1401 2261 1662 2309 Metropolis
1673 2263 1807 2310 Regni

161 2312 401 2357 Bohemiae,
432 2313 503 2352 vbi
529 2313 795 2352 Clarissimus
819 2315 885 2351 vir
910 2313 1254 2352 Mathematicus
1281 2326 1331 2352 ac
1357 2315 1560 2352 Medicus
1590 2315 1807 2353 excellens

160 2365 454 2405 TADDAEVS
467 2367 774 2406 HAGECIVS
791 2368 897 2414 (quo
914 2379 1014 2405 curn
1028 2369 1074 2404 in
1086 2367 1288 2416 Comitijs
1301 2368 1689 2411 Ratisbonenfibus,
1707 2381 1807 2406 cum

105 2426 124 2456 †
161 2419 399 2457 modernus
415 2420 656 2468 Imperator
672 2420 975 2458 Romanorum
992 2426 1288 2466 coronaretur,
1304 2427 1551 2469 pergratam
1563 2421 1601 2459 &
1613 2422 1806 2459 constan·

92 2483 124 2507 40

159 2476 246 2510 tem
264 2474 374 2510 iniui
391 2473 661 2520 Amicitiam)
682 2473 780 2517 suas
801 2473 1020 2512 distantias
1041 2476 1087 2512 in
1107 2474 1251 2512 lucem
1272 2475 1512 2522 euulgatas,
1533 2475 1716 2522 adeptus
1738 2475 1804 2565 (bn,

211 2558 215 2560 γ
272 2534 317 2560 14³²
1583 2539 1745 2577 appare
1777 2530 1806 2566 it
