2209 3213
510 200 1031 241 RECENTIORIBUS
1052 196 1509 238 PHAENOMENIS
1755 194 1832 232 365

192 315 286 352 eius
301 317 404 350 tunc
419 310 534 348 fuisse
551 309 592 346 21
608 309 724 356 grad.
736 308 786 346 43
799 310 952 345 minut.
971 319 1070 355 quae
1086 311 1235 344 tamen
1252 316 1304 342 eo
1320 310 1515 350 tempore
1532 303 1555 340 5
1572 301 1730 349 gradus
1747 311 1837 337 non

193 366 458 413 expleuerat,
483 364 823 410 proximumque
848 359 1162 408 AEquinodtiali
1186 359 1460 406 pronunciat,
1486 355 1583 393 licet
1609 354 1663 392 ab
1688 353 1772 391 hoc
1798 353 1839 390 19

193 417 514 468 propemodum
529 414 733 463 gradibus
744 420 847 452 tune
859 413 1171 451 remouebatur
1182 411 1331 450 uersus
1344 410 1561 448 Austrum.
1579 407 1839 445 Distantiam

192 472 247 511 ab
263 470 427 518 Aquila
443 469 544 507 facit
560 480 612 506 eo
629 469 697 505 die
715 468 755 505 15
771 467 1000 515 graduum,
1022 478 1122 513 quae
1143 466 1241 513 plus
1262 475 1396 511 quam
1417 462 1551 509 duplo
1572 462 1714 498 maior
1736 464 1838 497 erat.

140 538 155 562 5
193 526 398 571 Cumque
419 524 530 561 adeo
552 523 789 559 enormiter
808 523 854 558 in
874 520 1013 568 positu
1030 522 1123 557 eius
1139 519 1368 566 apparenti
1387 516 1622 557 deflexerit,
1645 513 1749 560 quid
1769 514 1839 550 tri-

192 578 418 617 buendum
435 578 514 614 erit
530 574 806 622 Astrologicis
822 572 1189 621 praedietionibus‚
1209 583 1319 618 quas
1334 570 1479 618 postea
1495 568 1722 614 subiungit,
1740 577 1840 613 quae

193 644 269 680 per
285 631 325 668 se
341 631 541 678 plurimis
557 627 912 675 ambiguitatibus
929 627 1135 665 obnoxiae
1151 624 1273 663 sunt?

136 688 156 718 †
246 682 611 722 THEODORVS
628 680 1004 719 GRAMINAEVS
1021 679 1295 718 Colonienfis
1309 677 1512 716 consueto
1525 686 1646 713 more
1659 685 1842 721 paterga

194 737 357 781 tradtat,
375 737 413 775 &
429 748 529 784 quae
541 736 597 774 ad
609 735 959 773 Astronomicam
975 734 1109 772 huius
1122 734 1320 772 Cometae
1335 733 1724 771 considerationem
1740 731 1841 769 faci-

127 803 157 828 ιο
195 798 285 837 unt,
301 793 456 830 leuiter
471 804 522 829 ac
538 788 828 839 perfunctorie
845 790 946 827 obit.
964 790 1058 826 Imo
1074 788 1150 826 illa
1165 788 1255 835 ipsa
1267 800 1367 835 quae
1378 787 1463 825 hoc
1475 789 1655 824 nomine
1667 784 1841 832 profert,

195 846 436 885 admodum
457 846 738 892 Apparentijs
759 843 888 891 ipsius
909 843 1255 881 disconueniunt.
1280 842 1354 879 Ait
1375 843 1505 883 enim,
1527 843 1572 877 in
1593 839 1841 877 Nouilunio

196 903 289 939 eius
304 899 553 948 primordijs
570 897 840 936 coincidente
858 897 993 944 (quod
1010 896 1078 934 die
1096 896 1156 933 IX
1173 895 1441 933 Nouembris
1458 893 1651 940 contigit)
1668 892 1783 930 fuisse
1798 894 1843 929 in

195 956 236 993 15
257 961 298 997 z.
319 953 498 1001 quando
515 963 671 990 reuera
686 954 732 989 in
748 951 789 988 21
812 955 850 993 ,Z
872 951 1009 999 gradu
1024 949 1290 992 uersabatur,
1312 948 1386 986 ubi
1407 948 1457 984 24
1474 948 1590 994 grad.
1608 946 1842 984 aberratio-

196 1020 310 1052 nem,
332 1012 453 1045 extra
474 1017 653 1044 omnem
673 1006 855 1043 modum
877 1006 1122 1047 caecutiens,
1144 1004 1384 1040 committit.
1404 1001 1472 1039 Sic
1489 1001 1557 1038 die
1574 1000 1739 1038 XXVII
1756 999 1842 1036 De-

129 1070 158 1094 15
196 1061 380 1100 cembris
396 1060 580 1098 collocat
596 1059 735 1106 ipsum
751 1061 797 1096 in
813 1058 854 1096 13
878 1060 914 1102 )(
937 1063 1043 1105 part.
1062 1068 1163 1094 cum
1174 1057 1198 1094 8
1210 1055 1393 1103 gradum
1406 1057 1499 1092 eius
1511 1054 1630 1101 Signi
1644 1053 1844 1090 nondum

197 1114 467 1161 adimplerat.
489 1114 705 1151 Praeterea
725 1111 836 1150 nihil
856 1111 945 1149 fere
966 1111 1019 1148 de
1039 1110 1169 1157 ipfius
1185 1110 1467 1156 Apparentijs
1485 1107 1628 1150 habet,
1650 1106 1767 1153 quod
1783 1111 1844 1143 ta-

196 1180 300 1207 men
315 1169 507 1206 maxime
524 1166 838 1213 requirebatur.
860 1165 888 1202 fi
909 1167 955 1202 in
975 1164 1146 1210 iudiciJ‘s
1162 1162 1439 1208 Astrologicis
1459 1161 1634 1207 (quibus
1650 1160 1845 1205 ineptissi-

197 1234 267 1260 me
284 1222 435 1259 omnia
451 1219 737 1263 confundens,
760 1218 797 1256 8(
819 1231 871 1256 ea
892 1229 992 1264 quae
1009 1219 1192 1254 minime
1208 1216 1263 1254 ad
1280 1227 1373 1253 rem
1389 1214 1565 1256 faciunt,
1587 1214 1846 1261 potissimum

198 1275 432 1318 adducens,
463 1273 758 1320 multipliciter
787 1271 995 1317 abutitur)
1026 1270 1192 1317 aliquid
1219 1271 1322 1306 certi
1347 1267 1699 1305 concludendum
1724 1266 1845 1303 foret.

128 1338 161 1363 20
199 1329 375 1367 Motum
396 1327 605 1365 diurnum
626 1326 825 1364 Cometae
845 1325 1034 1363 totaliter
1057 1323 1248 1362 attribuit
1271 1324 1403 1360 unius
1426 1321 1597 1368 gradus,
1622 1320 1658 1357 8(
1680 1319 1847 1365 aliquot

199 1381 517 1428 scrupulorum;
536 1379 655 1427 quasi
671 1379 725 1417 ab
742 1381 866 1417 initio
883 1390 975 1416 non
990 1378 1129 1415 multo
1146 1376 1328 1414 celerior
1343 1375 1482 1417 fuerit,
1501 1374 1538 1411 8(
1554 1376 1599 1411 in
1616 1373 1703 1410 fine
1719 1373 1847 1418 longe

198 1435 373 1474 tardior.
395 1434 515 1472 Nam
531 1435 645 1471 circa
659 1435 874 1480 principia
890 1431 1146 1470 Decembris
1162 1429 1437 1468 solummodo
1453 1428 1585 1466 talem
1601 1432 1771 1464 motum
1787 1426 1847 1463 di-

200 1500 363 1527 urnum
380 1486 612 1526 obtinebat.

255 1542 458 1580 Caudam
479 1541 579 1578 dicit
600 1552 626 1578 a
646 1541 860 1587 principio
881 1539 1016 1585 usque
1037 1538 1092 1576 ad
1113 1537 1248 1575 finem
1269 1536 1359 1574 Soli
1383 1534 1598 1582 oppositas
1619 1538 1761 1580 partes
1785 1544 1847 1570 re-

131 1606 163 1630 25
201 1596 382 1643 spexisse.
405 1594 452 1632 Id
472 1594 569 1632 licet
589 1594 828 1631 secundum
847 1592 1089 1629 multorum
1110 1590 1365 1629 consensum
1383 1587 1663 1636 plausibiliter
1678 1586 1848 1629 astruat,

202 1660 336 1696 quam
356 1659 461 1686 uere
482 1653 642 1691 tamen,
667 1651 848 1694 apparet
869 1657 921 1683 ex
941 1647 1006 1693 ijs,
1031 1656 1131 1692 quae
1153 1644 1308 1686 Capite
1330 1643 1523 1689 Septimo
1545 1641 1599 1679 ad
1621 1640 1850 1679 duodenos

202 1702 294 1740 dies
309 1713 386 1749 per
400 1706 541 1739 totum
556 1700 645 1738 fere
663 1700 905 1738 durationis
922 1698 1200 1741 curriculum,
1218 1696 1640 1735 Demonstrauimus.

256 1755 465 1794 Colorem
488 1754 790 1801 Sanguineum
813 1752 875 1790 1111
897 1754 1116 1790 immerito
1139 1751 1343 1789 attribuit.
1370 1750 1616 1795 Nunquam
1640 1749 1757 1785 enim
1781 1758 1849 1783 ru-

202 1810 309 1848 bens
330 1810 544 1855 apparuit,
566 1807 644 1845 nifi
664 1807 772 1844 forte
789 1805 1031 1853 aliquando
1048 1805 1285 1843 Horizonti
1300 1805 1544 1851 proximus:
1566 1800 1850 1845 quemadmo-

134 1872 166 1897 30
204 1862 309 1900 dum
331 1864 462 1899 etiam
483 1861 653 1908 reliqua
669 1860 832 1902 Sidera,
855 1858 1153 1897 candidiorem
1174 1857 1379 1899 colorem.
1401 1856 1456 1894 ob
1478 1855 1588 1893 uisui
1607 1852 1851 1892 interiedtos

204 1927 406 1962 uaporeS‚
423 1917 468 1952 in
484 1914 754 1957 subrutilum,
772 1925 849 1960 per
864 1913 1077 1953 accidens.
1094 1913 1217 1949 iuxta
1233 1911 1472 1948 Finitorem
1488 1913 1671 1946 mutant.

259 1968 488 2015 Quantum
504 1967 559 2006 ad
576 1967 815 2005 Materiam
836 1968 929 2004 eius
950 1967 1112 2007 attinet,
1134 1963 1402 2002 Aristoteleae
1424 1964 1623 2009 opinioni
1644 1960 1851 2001 adhaeret.

205 2021 521 2060 fumositatibus
530 2020 817 2058 Terrestribus
834 2031 932 2057 eam
947 2019 1198 2061 attribuens,
1214 2018 1251 2055 8(
1265 2017 1555 2055 nihilominus
1572 2015 1694 2052 situm
1705 2013 1853 2051 AEthe-

206 2087 330 2113 reum
340 2075 537 2113 admittit.
548 2073 662 2119 Quae
673 2075 824 2120 opinio
837 2072 908 2110 etsi
920 2071 1178 2115 quibusdam
1190 2071 1299 2109 alias
1311 2082 1401 2108 non
1414 2068 1641 2107 ineruditis
1653 2067 1852 2109 arrideat,

136 2139 168 2164 35
206 2140 341 2176 quam
361 2134 510 2166 tamen
530 2127 715 2166 absurda
736 2126 793 2169 sit,
816 2126 853 2163 8(
874 2138 900 2164 a
920 2125 1187 2171 fimplicitate
1206 2136 1256 2162 ac
1274 2126 1461 2171 puritate
1480 2122 1643 2160 Mundi
1658 2120 1854 2158 AEtherei

207 2182 365 2225 aliena,
382 2183 428 2219 in
445 2181 627 2228 Epilogo
644 2180 776 2218 huius
794 2179 951 2226 Operis
968 2178 1189 2216 ostendere
1207 2177 1414 2215 constitui.

261 2235 329 2273 De
346 2236 410 2282 ijs,
428 2246 528 2282 quae
545 2233 690 2281 postea
705 2233 780 2271 sub
796 2237 1010 2280 praetextu
1027 2232 1295 2278 Astrologiae‚
1313 2230 1411 2268 satis
1428 2229 1606 2275 quidem
1623 2226 1805 2274 copiose,
1827 2226 1855 2263 si

208 2300 334 2336 aeque
350 2288 461 2326 bene
479 2287 517 2325 8(
532 2286 723 2334 apposite
739 2288 785 2324 in
801 2286 877 2323 suo
893 2291 984 2323 toto
1001 2285 1180 2332 Scripto,
1198 2296 1286 2331 quo
1303 2284 1358 2321 ad
1374 2283 1507 2321 huius
1520 2282 1718 2320 Cometae
1735 2280 1854 2327 figni-

207 2341 446 2385 ficationes,
467 2340 678 2388 producit,
700 2339 805 2377 nolo
821 2339 893 2376 hic
909 2338 1247 2385 disquisitionem
1264 2337 1493 2379 instituere,
1511 2347 1565 2373 ne
1583 2345 1710 2380 aeque
1728 2334 1854 2370 inuti-

138 2405 171 2430 40
207 2395 304 2433 liter
319 2397 365 2432 in
380 2396 432 2442 ijs
449 2393 730 2497 exucutiendis,
752 2398 882 2439 atque
904 2392 989 2438 ipse
1009 2394 1053 2429 in
1071 2390 1401 2431 conscribendis.
1423 2394 1595 2435 tempus
1617 2387 1653 2425 8(
1675 2397 1855 2434 operam

209 2447 475 2486 consumam.

103 2505 193 2537 456†
263 2500 431 2549 Scripsit
443 2502 574 2539 etiam
587 2500 639 2538 de
651 2499 735 2537 hoc
748 2499 934 2537 Cometa
947 2497 1247 2537 GEORGIVS
1259 2494 1549 2535 BVSCHIVS
1562 2491 1855 2533 Erfordienfis‚

1694 2544 1730 2583 8(
1747 2547 1857 2582 inter
