2209 3213
152 818 182 843 10

151 1085 180 1110 15

147 1352 180 1377 20

127 1614 191 1646 365

145 1888 178 1913 30

145 2155 178 2180 35

146 2422 180 2447 40

542 219 1065 259 RECENTIORIBUS
1086 217 1545 257 PHAENOMENIS
1787 217 1864 255 293

221 329 525 366 Meteororum
541 326 638 364 loco
650 325 802 366 frustra
813 332 1027 375 reputant,
1045 338 1224 365 omnem
1235 328 1325 364 vim
1337 325 1375 363 8(
1387 325 1629 364 efficaciam
1641 324 1862 373 derogant.

220 382 433 420 Videntur
449 383 567 419 enim
583 380 629 418 hi
644 393 824 428 peccare
841 386 992 419 contra
1008 381 1299 419 communiter
1314 384 1536 426 receptum
1552 379 1757 421 Axioma,
1774 389 1862 425 quo

220 436 420 479 asseritur‚
442 435 590 473 Deum
607 434 645 472 &
661 434 880 473 Naturam
899 434 1011 472 nihil
1030 433 1183 472 frustra
1202 432 1386 471 efficere.
1408 433 1492 471 Sed
1508 432 1561 470 de
1577 437 1667 470 toto
1687 431 1771 470 hoc
1790 443 1863 469 ne-

219 490 335 536 gotio
351 490 397 526 in
411 487 593 536 Epilogo
609 487 742 525 huius
755 487 924 535 Operis,
941 487 1046 535 quid
1061 498 1162 525 meo
1178 486 1340 524 iudicio
1351 486 1532 524 Veritati
1548 485 1789 523 consonum
1805 484 1862 528 fit,

219 541 392 589 plenius
407 541 599 580 indicare
616 541 823 579 constitui.

274 595 462 642 Exposui
482 593 694 633 hactenus
711 606 858 632 meam
874 594 1156 637 Sententiam,
1177 593 1229 631 de
1251 595 1302 641 ijs
1323 604 1424 640 quae
1439 591 1692 630 Thaddaeus
1707 597 1800 630 tum
1817 593 1862 629 in

219 648 429 697 peculiari
439 647 516 686 suo
527 648 693 695 Scripto
710 648 762 686 de
778 646 863 685 hoc
875 647 1073 691 Cometa,
1089 652 1183 684 tum
1200 648 1331 684 etiam
1344 648 1390 684 in
1404 645 1591 693 Epistola
1602 646 1657 683 ad
1670 645 1861 693 Mylium

219 702 416 746 adduxit:
438 713 538 749 quae
559 713 659 739 eam
680 701 735 739 ob
756 700 930 739 causam
948 712 1000 738 eo
1017 700 1299 743 enucleatim,
1320 700 1533 747 latiusque
1549 699 1862 738 consideranda

219 756 336 800 duxi,
348 760 392 793 vt
403 757 465 793 rei
474 755 645 793 Veritas
656 756 813 792 certius
825 753 1093 797 elucesceret,
1106 753 1144 791 &
1156 765 1211 791 ne
1223 753 1295 802 alij
1310 753 1589 791 Authoritate
1600 758 1690 791 tam
1703 755 1864 798 eximii,

220 808 258 846 &
269 808 472 857 singulari
483 808 750 851 Eruditione,
762 808 1000 855 iudiciique
1013 807 1265 845 dexteritate
1276 807 1564 854 praecellentis
1571 807 1676 850 Viri,
1689 809 1764 854 qui
1774 819 1865 845 om-

219 864 343 900 nium
365 862 638 903 eruditissime
655 861 707 899 de
724 861 859 899 Noua
875 860 1008 899 Stella
1029 860 1257 899 censuram
1276 860 1470 907 protulit:
1493 860 1726 899 Cometam
1746 860 1865 899 hunc

219 927 375 954 reuera
394 915 510 953 fuisse
528 914 822 959 sublunarem,
839 914 877 952 8(
893 914 1144 952 Parallaxin
1160 915 1183 952 5
1200 916 1399 961 proxime
1415 914 1631 962 graduum
1648 914 1864 957 admifisse,

218 969 293 1007 sibi
308 968 556 1017 persuaderi
570 973 833 1016 paterentur.
851 967 983 1015 Quod
996 969 1128 1006 etiarn
1140 967 1264 1005 nullo
1276 967 1405 1015 ipsius
1416 967 1575 1015 placita
1587 967 1865 1006 conuellendi

218 1021 542 1069 inseetandique
554 1021 704 1066 studio,
718 1021 814 1060 haec
826 1023 872 1059 in
883 1021 1078 1060 medium
1090 1020 1323 1065 attulerim,
1337 1020 1514 1068 ipsemet
1524 1020 1777 1059 Thaddaeus
1790 1021 1866 1067 (vti

218 1075 358 1123 spero)
374 1087 445 1114 me
461 1075 587 1113 facile
604 1075 856 1113 excusatum
871 1074 1059 1113 habebit.
1077 1075 1171 1113 Nec
1183 1076 1302 1112 enim
1314 1085 1367 1112 ea
1379 1086 1479 1121 quae
1491 1074 1617 1112 nobis
1628 1075 1864 1117 intercedit,

218 1127 375 1168 arctior
386 1130 593 1167 Amicitia
604 1128 790 1176 idipsum
803 1130 981 1176 patitur;
998 1140 1142 1176 neque
1154 1127 1284 1176 ipfius
1297 1127 1581 1166 excellentem
1593 1126 1864 1171 Doctrinam,

218 1182 256 1220 8(
272 1184 319 1220 in
334 1181 662 1220 Mathematicis
683 1184 892 1220 eximiam
912 1184 1126 1229 peritiam,
1147 1183 1242 1229 pari
1263 1181 1412 1219 iudicii
1430 1183 1642 1229 grauitate
1659 1183 1864 1219 coniunc-

217 1241 319 1280 tam,
341 1236 517 1274 eleuare
538 1237 714 1274 animus
734 1235 826 1279 fuit,
848 1235 1012 1274 etiamsi
1030 1235 1237 1283 quaedam
1252 1247 1330 1283 per
1344 1236 1562 1273 incuriam
1578 1236 1689 1272 inter
1704 1234 1865 1273 multas

218 1291 529 1337 occupationes
548 1291 696 1327 minus
717 1294 877 1328 attente
899 1288 1035 1336 (quod
1055 1288 1182 1327 facile
1203 1291 1382 1327 euenire
1403 1288 1560 1335 potuit)
1581 1288 1635 1326 ab
1657 1288 1747 1336 ipso
1767 1300 1863 1336 pro-

217 1342 305 1381 lata
321 1342 416 1386 fint;
433 1354 534 1390 quae
550 1354 630 1381 nec
646 1342 824 1390 ipsemet
839 1343 1061 1381 mordicus
1076 1342 1277 1387 tuebitur,
1294 1342 1366 1381 vbi
1382 1342 1643 1390 diligentiori
1661 1344 1864 1380 examine

217 1398 369 1434 omnia
384 1396 458 1435 sub
475 1396 680 1434 incudem
696 1398 924 1435 reuocarit.

270 1449 365 1487 Imo
381 1449 423 1487 id
440 1450 558 1497 quod
574 1449 659 1488 hoc
674 1450 814 1497 ipsum
830 1449 1090 1488 sufficienter
1106 1449 1272 1497 probat,
1290 1449 1328 1487 8(
1344 1449 1498 1488 nostrae
1513 1449 1760 1492 Sententiae,
1779 1448 1863 1487 Co-

216 1508 380 1541 metam
391 1502 509 1541 hunc
521 1504 751 1541 necessario
764 1503 996 1542 Coelestem
1008 1504 1192 1547 extitisse‚
1210 1504 1407 1551 apprime
1421 1502 1649 1546 subscribit,
1667 1514 1863 1540 omnem-

217 1568 302 1604 que
327 1556 554 1595 dubitandi
578 1557 830 1604 scrupulum
855 1559 1017 1600 eximit,
1044 1557 1098 1595 est
1123 1557 1253 1605 ipfius
1274 1556 1488 1595 Thaddaei
1514 1556 1718 1599 Libellus,
1745 1556 1863 1603 isque

216 1612 414 1658 apprime
430 1609 667 1649 succinctus
684 1610 723 1648 8(
739 1610 933 1649 eruditus
950 1611 1002 1649 de
1019 1607 1034 1661 ΙΙ
1051 1611 1238 1649 Cometa
1254 1611 1375 1648 Anni
1391 1610 1443 1648 80
1458 1610 1602 1657 postea
1619 1609 1861 1657 euulgatus.

216 1664 265 1701 In
282 1675 335 1702 eo
352 1665 482 1707 enim,
498 1668 543 1702 vt
560 1663 615 1702 est
630 1663 834 1712 fingulari
850 1665 1040 1703 candore
1054 1666 1192 1703 animi
1204 1664 1424 1712 praeditus,
1442 1663 1479 1701 8(
1491 1664 1694 1701 Veritatis
1705 1675 1860 1710 appro-

214 1717 373 1756 bandae
398 1717 559 1756 sincere
584 1729 753 1761 amans,
779 1720 945 1765 priores
970 1717 1114 1765 lapsus
1139 1718 1287 1766 sponte
1313 1717 1513 1765 agnoscit,
1538 1716 1576 1754 8(
1598 1715 1861 1755 antedic'tam

215 1770 486 1809 Sententiam
511 1771 666 1809 lubens
691 1769 904 1815 retractat,
930 1771 1252 1819 Cometamque
1277 1771 1396 1809 hunc
1421 1782 1577 1808 reuera
1602 1770 1861 1808 AEthereum

215 1823 343 1869 fuisse,
360 1836 451 1862 non
468 1826 633 1862 inuitus
649 1824 858 1868 concedit,
875 1830 918 1863 vt
934 1836 1025 1862 non
1042 1837 1153 1872 opus
1164 1825 1210 1863 fit
1222 1825 1400 1863 aliunde
1412 1824 1554 1863 allatis
1566 1825 1861 1871 Argumentis,

216 1889 269 1916 ea
285 1889 385 1925 quae
401 1879 521 1925 prius
537 1878 591 1916 ab
608 1878 698 1925 ipso
715 1880 759 1916 in
776 1880 1041 1917 contrariam
1056 1884 1225 1925 partem
1242 1878 1508 1921 dicebantur,
1529 1877 1790 1925 improbare.
1807 1877 1863 1915 Vt

215 1936 364 1969 autem
380 1931 585 1970 omnibus
601 1931 774 1979 plenius
790 1931 1039 1975 innotescat,
1056 1931 1333 1970 Thaddaeum
1350 1936 1518 1970 mutata
1534 1931 1758 1969 Sententia
1778 1933 1861 1977 pri-

215 1996 338 2022 orem
351 1984 621 2032 Opinionem
638 1985 865 2028 reuocasse,
882 1985 1061 2032 ipsamet
1078 1987 1172 2023 eius
1183 1986 1318 2024 verba
1334 1997 1356 2023 e
1373 1984 1486 2024 dicto
1498 1984 1666 2023 Libello
1683 1983 1861 2022 ascribe-

214 2049 326 2081 mus,
344 2049 456 2085 quae,
473 2038 700 2085 postquam
712 2038 767 2076 ad
780 2038 912 2076 Erasti
924 2039 1197 2086 Argumenta
1208 2038 1511 2077 Aristoteleam
1523 2038 1793 2076 Sententiam
1809 2037 1862 2075 de

215 2091 503 2129 Cometarum
521 2091 893 2130 Generationibus
909 2091 1060 2130 frustra
1077 2092 1360 2136 defendentis,
1382 2091 1664 2140 respondisset‚
1682 2093 1727 2129 in
1743 2090 1862 2129 hunc

216 2144 400 2183 modum
415 2146 613 2192 pertexit:

270 2197 353 2236 Ait
374 2197 515 2237 etiam
541 2195 741 2245 Erastus,
771 2197 1007 2237 Cometam
1032 2198 1162 2237 illum
1187 2198 1318 2237 Anni
1343 2200 1396 2237 77
1415 2197 1711 2237 humiliorem
1737 2195 1862 2244 fuisse

218 2251 352 2289 Luna
369 2250 717 2300 deprehensum,
729 2249 815 2300 sed
829 2262 888 2289 an
905 2251 953 2289 id
966 2250 1336 2300 Demonstratum
1347 2250 1411 2301 sit,
1429 2253 1511 2291 aut
1524 2263 1585 2291 ex
1599 2250 1734 2290 cuius
1749 2250 1862 2290 Sen-

219 2303 362 2343 tentia
382 2305 471 2343 hoc
491 2304 679 2350 referat,
701 2315 791 2354 ego
807 2303 1001 2353 prorsus
1019 2304 1198 2355 ignoro.
1221 2304 1518 2355 Scripseram
1535 2304 1719 2354 quidem
1736 2304 1791 2343 de
1808 2315 1863 2343 eo

221 2357 409 2396 Cometa
421 2359 597 2406 plures,
608 2356 693 2406 sed
702 2357 781 2407 qui
790 2359 942 2397 Iocum
955 2357 1058 2398 eius
1064 2357 1150 2407 sub
1161 2358 1340 2398 Lunari
1351 2358 1472 2398 Orbe
1484 2357 1732 2397 definirent
1741 2368 1862 2406 prae-

218 2412 291 2449 ter
303 2410 561 2450 Scultetum
574 2410 878 2457 &Nolthium,
890 2409 988 2459 scio
1003 2412 1251 2451 neminem.
1270 2410 1558 2461 Scripseram
1576 2422 1665 2461 ego
1682 2421 1863 2460 quoque

217 2474 310 2502 non
331 2462 609 2511 dissentanea
630 2464 688 2502 ab
708 2463 790 2510 eis,
807 2463 892 2513 sed
905 2475 993 2514 pro
1012 2464 1133 2505 meis
1155 2465 1426 2505 dedomenis
1446 2475 1599 2504 meam
1615 2463 1753 2503 fidem
1770 2474 1862 2502 non

217 2515 546 2566 interposuero.
567 2518 688 2556 Nam
709 2529 860 2566 neque
880 2528 936 2557 ea
952 2516 1267 2566 Instrumenta,
1291 2518 1458 2568 quibus
1475 2517 1796 2618 olibnbyienntae
1816 2516 1862 2553 in

1623 2581 1735 2609 erua
1757 2580 1862 2608 1one
