2209 3213
381 245 430 281 26
872 240 953 277 DE
976 238 1200 277 MUNDI
1220 237 1521 276 AETHEREI

432 347 655 394 Trianguli
672 347 710 383 K
719 346 757 384 O
767 346 828 389 M,
846 346 1048 392 Angulus
1065 345 1120 382 ad
1132 344 1195 387 M,
1213 346 1287 391 qui
1304 346 1478 382 metitur
1494 343 1824 381 inclinationem
1836 343 2014 380 Meridi-

380 405 451 439 ani
469 402 522 439 ad
540 401 802 446 Eclipticam,
825 411 877 435 eo
898 401 943 435 in
964 398 1059 435 loco
1081 398 1147 441 est,
1169 409 1245 444 per
1261 399 1562 444 operationem
1578 396 1930 443 Triangulorum‚
1953 398 2014 433 in-

380 461 547 495 uentus,
571 453 612 489 P.
632 453 684 490 71.
705 452 767 489 M.
787 452 848 489 58.
874 452 1064 498 Ideoque
1088 453 1132 488 in
1155 450 1394 498 Triangulo
1417 450 1557 493 IMN,
1581 461 1634 487 ex
1656 449 1789 487 latere
1813 449 1889 486 IM
1913 449 2014 487 dato

378 508 419 544 Ρ.
437 508 497 544 23.
517 507 577 543 M.
596 506 648 549 19,
666 506 792 542 datur
808 505 939 542 Latus
956 504 1036 548 IN,
1053 504 1095 541 P.
1112 503 1174 541 22.
1192 503 1255 541 M.
1273 504 1308 541 7.
1331 503 1381 540 Et
1396 508 1619 550 praeterea,
1637 503 1769 540 Latus
1786 502 1900 546 MN,
1917 502 1960 540 P.
1977 503 2013 540 7.

378 561 440 597 M.
462 560 545 598 353.
570 558 700 604 Quod
721 558 917 595 additum
938 557 992 595 ad
1014 557 1130 595 Coeli
1149 557 1474 601 mediationem,
1496 556 1567 594 dat
1587 555 1906 603 longitudinem
1927 557 2014 592 oris
2052 567 2067 592 5

377 612 531 659 Pegasi,
553 612 595 648 P.
612 611 673 648 26.
692 611 754 648 Μ.
771 611 795 648 8
816 620 873 654 222.
895 610 1142 648 Latitudine
1162 612 1282 657 prius
1302 612 1496 653 inuenta,
1517 610 1560 647 P.
1576 609 1639 646 22.
1662 609 1725 646 M.
1742 610 1788 648 7&
1803 608 1981 647 boreali.
1999 605 2013 658 ΙΙ

900 1873 1085 1911 PRIMA
1105 1873 1241 1912 ALAE
1261 1874 1482 1913 PEGASI.
2041 1879 2084 1910 22

487 1935 616 1973 VIVS
639 1935 795 1980 Stellae,
823 1947 957 1983 quam
977 1936 1145 1974 Arabes
1169 1936 1352 1974 Marcab
1373 1936 1517 1984 Pegafi
1539 1936 1827 1984 appellarunt,
1851 1935 2008 1974 Ascen-

504 1988 667 2026 fionem
688 1987 864 2026 Rectam
883 1990 1047 2032 inueni,
1069 1989 1111 2027 Ρ.
1130 1989 1220 2027 340.
1242 1989 1305 2027 Μ.
1327 1990 1378 2028 50
1398 2001 1498 2028 cum
1519 1989 1809 2028 declinatione
1830 1988 2008 2033 boreali,

371 2042 413 2078 P.
432 2042 484 2079 12.
503 2042 565 2080 M.
582 2043 643 2080 57.
662 2042 814 2089 Estque
832 2042 946 2080 Coeli
962 2042 1168 2080 mediatio
1185 2045 1231 2080 in
1247 2043 1466 2090 Ecliptica,
1482 2045 1528 2080 in
1544 2043 1654 2081 Part.
1671 2043 1706 2081 9.
1724 2043 1788 2080 M.
1805 2043 1846 2080 15
1865 2044 1920 2086 )(,
1938 2042 2007 2080 de·
2049 2052 2080 2078 ιο

372 2095 547 2132 clinatio
571 2095 760 2132 eiusdem
783 2094 942 2142 puncti,
968 2095 1010 2132 P.
1033 2095 1069 2133 8.
1094 2095 1156 2133 M.
1180 2096 1227 2135 δὲ
1249 2096 1470 2134 Australis.
1496 2096 1646 2143 Itaque
1669 2097 1715 2133 in
1737 2096 2008 2134 antecedenti

371 2147 629 2195 figuratione
652 2150 875 2186 inuenitur
895 2148 1096 2195 Angulus
1117 2149 1355 2187 Meridiani
1379 2149 1416 2186 8(
1437 2149 1667 2196 Eclipticae,
1692 2151 1765 2196 qui
1789 2148 1844 2186 est
1866 2149 1921 2186 ad
1944 2148 2007 2192 M,

371 2201 412 2238 P.
430 2202 492 2239 67.
510 2201 572 2239 M.
590 2202 673 2240 555⁷.
698 2201 747 2239 In
762 2201 1001 2248 Triangulo
1022 2201 1210 2248 denique
1232 2202 1371 2245 IMN,
1393 2204 1470 2240 erit
1490 2202 1623 2240 Latus
1644 2202 1733 2246 IM,
1755 2202 1872 2249 quod
1893 2213 2007 2239 com-

370 2256 546 2300 ponitur
566 2266 619 2292 ex
639 2260 820 2300 vtraque
842 2254 1144 2297 declinatione,
1166 2254 1310 2293 Stellae
1328 2255 1365 2292 8(
1381 2254 1527 2302 puncti
1547 2255 1777 2302 Eclipticae,
1799 2266 1899 2292 cum
1919 2266 2008 2301 quo

371 2307 549 2345 Coelum
560 2308 733 2351 mediat,
749 2307 790 2344 P.
803 2307 856 2344 21.
870 2307 932 2344 M.
946 2307 1003 2346 3⁷3⁷.
1021 2307 1132 2354 Ergo
1144 2319 1220 2354 per
1231 2308 1571 2356 Triangulorum
1582 2307 1907 2355 Sphaericorum
1917 2307 2007 2354 pla·
2049 2319 2079 2344 15

370 2362 464 2404 cita,
477 2360 648 2398 dabitur
660 2360 792 2398 Latus
804 2360 884 2403 IN,
897 2360 939 2397 P.
954 2360 1005 2397 19.
1019 2360 1081 2397 M.
1094 2360 1156 2398 27.
1174 2361 1376 2399 Latitudo
1389 2361 1533 2399 Stellae
1545 2360 1723 2408 quaefita
1735 2360 1772 2398 8(
1783 2365 2007 2408 praeterea,

370 2424 423 2450 ex
439 2413 587 2460 ijsdem
603 2415 825 2451 inuenitur
841 2413 973 2450 Latus
990 2412 1103 2456 MN,
1120 2413 1162 2450 P.
1178 2414 1213 2451 8.
1231 2414 1294 2451 M.
1309 2414 1362 2458 14,
1380 2414 1497 2461 quod
1514 2414 1710 2452 additum
1726 2413 1782 2451 ad
1797 2411 2008 2460 punctum

370 2465 485 2504 Coeli
502 2466 790 2510 mediationis,
808 2466 879 2503 dat
895 2466 1026 2503 huius
1039 2466 1183 2503 Stellae
1199 2466 1516 2514 longitudinem
1532 2469 1577 2504 in
1588 2467 1631 2504 P.
1644 2467 1697 2504 l7.
1711 2466 1773 2504 M.
1786 2466 1836 2504 29
1854 2468 1910 2510 )(,
1927 2466 2006 2504 La-

368 2519 550 2557 titudine
566 2521 686 2566 prius
703 2519 916 2563 existente,
933 2519 975 2556 P.
993 2519 1045 2556 19.
1064 2519 1126 2556 M.
1143 2519 1193 2557 27
1209 2520 1387 2564 boreali,
1405 2531 1504 2567 quae
1522 2519 1843 2567 quaerebantur.

1720 2572 2008 2611 LUCIDIOR
