2209 3213
362 210 438 246 402
833 205 915 241 DE
937 202 1208 242 COMETA
1230 202 1396 239 ANNI
1418 202 1524 239 1585

361 312 711 361 conspiciebatur,
738 312 965 358 pertinent,
991 309 1046 347 ad
1067 308 1383 355 Astrologicum
1404 308 1456 345 de
1480 307 1609 354 ipsius
1631 306 1864 346 Effedtibus
1880 308 1997 354 Judi-

361 370 487 408 cium,
519 371 734 412 quatenus
763 363 895 400 huius
921 364 1038 399 Artis
1067 361 1281 399 beneficio
1308 361 1526 399 nonnulla
1555 360 1836 408 probabiliter
1860 363 1906 399 in
1930 361 1998 399 his

360 419 600 458 coniectare
617 418 725 461 licet,
742 416 1082 463 progrediemur.
1100 411 1114 464 ΙΙ

360 553 437 589 DE
464 550 651 588 HUIUS
675 547 929 587 CRINITAE
954 546 1190 585 STELLAE
1216 546 1571 584 EFFECTIBUS
1592 545 1998 585 CONIECTURAE
2015 554 2090 586 CcV

953 608 1404 647 ASTROLOGICAE.
2010 622 2052 653 ÷⁵

451 683 550 721 UAE
566 683 617 720 de
635 682 944 719 Phaenomenis
961 680 1093 718 huius
1109 679 1299 717 ascititiae
1316 679 1461 717 Stellae
1477 678 1689 717 hactenus
1706 679 1998 727 exposuimus,

464 748 526 779 ea,
541 735 578 772 &
591 734 992 777 Obseruationibus‚
1009 745 1085 780 per
1097 733 1384 770 Instrumenta
1395 734 1577 771 minime
1589 732 1763 771 fallacia
1774 733 2000 781 diligenter

359 790 528 832 habitis,
553 788 590 826 &
613 789 832 831 Fixarum,
857 798 1045 834 quarum
1068 788 1113 823 in
1137 785 1478 824 dimensionibus
1498 785 1596 824 vsus
1619 791 1722 830 erat,
1746 786 1999 824 adamussim

359 843 554 880 restitutis
571 842 689 884 locis,
708 840 745 878 &
760 852 836 887 per
847 839 1189 887 Triangulorum
1205 838 1532 886 Sphaericorum
1547 841 1739 877 rationes
1754 839 1999 886 scrupulose

358 896 606 934 adinuentis
618 894 839 937 Numeris‚
857 893 967 930 nulli
983 892 1253 940 ambiguitati
1268 892 1461 930 obnoxia
1473 893 1548 930 esse
1561 892 1913 940 comprobantur.
1930 892 1999 930 De
2041 905 2071 930 ιο

360 947 590 986 Effectibus
601 959 717 990 vero,
736 958 835 994 quae
847 958 965 984 nunc
977 946 1277 993 subiungenda
1289 947 1484 989 veniunt,
1500 957 1592 983 non
1608 946 1720 984 adeo
1737 945 1873 983 firmis
1888 947 1999 983 inni-

358 1008 507 1039 tuntur
522 1001 831 1043 fundamentis,
849 999 886 1036 &
903 1000 1182 1046 Experientia
1199 998 1286 1045 (cui
1298 998 1381 1036 hoc
1393 998 1490 1037 loco
1502 999 1702 1037 standum
1714 998 1824 1045 esset)
1841 1001 1887 1036 in
1902 999 2000 1046 ipfis

357 1055 523 1092 mundo
547 1056 710 1092 coaeuis
733 1053 939 1091 fideribus
961 1052 1264 1099 saepenumero
1287 1052 1420 1090 dubia
1444 1052 1482 1090 &
1504 1052 1638 1090 fallax
1664 1051 1809 1096 existit,
1835 1052 2000 1090 nedum

358 1110 403 1145 in
419 1108 486 1145 his
503 1108 705 1145 rarissime
722 1106 1033 1153 apparentibus
1049 1107 1179 1143 nouis
1195 1105 1563 1153 generationibus.
1587 1105 1704 1152 Quia
1720 1117 1825 1143 vero
1841 1107 1999 1143 maiori

358 1161 565 1198 desiderio
590 1171 617 1197 a
641 1159 978 1207 quamplurimis
1005 1164 1267 1205 expetuntur
1290 1157 1606 1205 praedictiones,
1637 1170 1772 1206 quam
1796 1164 1999 1196 motuum
2040 1171 2070 1196 15

357 1216 466 1251 ratio
488 1215 619 1251 etiam
640 1213 722 1250 hac
743 1214 789 1250 in
809 1217 930 1259 parte
951 1212 1141 1250 aliorum
1161 1214 1285 1255 votis,
1309 1217 1525 1259 quantum
1546 1214 1592 1249 in
1611 1223 1681 1250 me
1703 1211 1770 1256 est,
1794 1223 1886 1250 non
1905 1211 1999 1249 sum

358 1266 595 1304 defuturus.
620 1266 870 1304 Probabiles
893 1267 1040 1312 itaque
1062 1263 1333 1303 coniecturas
1355 1265 1407 1303 de
1428 1265 1560 1303 huius
1577 1264 1776 1303 Cometae
1792 1264 1999 1312 fignifica-

357 1320 547 1357 tionibus
567 1319 825 1367 generaliter
845 1318 1060 1361 indicabo,
1083 1329 1193 1365 quas
1213 1323 1362 1356 tamen
1382 1329 1667 1366 nequaquam
1686 1330 1765 1365 pro
1782 1317 2000 1356 infallibili

356 1375 642 1420 praenotione,
665 1384 764 1419 quae
785 1372 955 1410 nullam
977 1377 1219 1409 euentuum
1239 1371 1559 1410 frustrationem
1578 1372 1787 1415 admittat,
1809 1371 1998 1409 vendito.

358 1427 473 1464 Licet
494 1437 598 1463 vero
619 1425 862 1463 absolutam
883 1425 1186 1463 certitudinem
1206 1427 1252 1462 in
1272 1424 1341 1462 his
1361 1424 1694 1472 praeuifionibus
1712 1424 1823 1462 nulli
1838 1430 1998 1463 morta·
2037 1437 2071 1462 20

357 1480 465 1516 lium
481 1484 629 1526 patere
647 1478 895 1522 existimem,
913 1490 1004 1516 non
1019 1483 1168 1516 tamen
1185 1489 1285 1516 cum
1301 1478 1560 1525 quibusdam
1572 1478 1682 1516 alias
1694 1479 1890 1525 apprime
1904 1489 1998 1516 eru-

358 1533 454 1570 ditis
470 1534 573 1569 viris
589 1532 736 1575 sentio,
754 1534 829 1579 qui
840 1537 883 1569 vt
896 1531 1104 1570 Cometas
1116 1533 1260 1569 omnis
1274 1531 1517 1569 influentiae
1530 1536 1726 1579 expertes
1739 1531 1827 1575 esse,
1844 1530 1999 1578 plaufi-

356 1586 496 1623 biliter
508 1586 764 1628 obtinerent,
776 1585 1069 1632 superioribus
1081 1586 1209 1623 annis
1220 1584 1318 1623 suas
1330 1585 1540 1632 quasdam
1553 1584 1795 1632 opinabiles
1807 1586 1999 1622 rationes

357 1638 645 1686 publicarunt.
670 1638 937 1676 Nullatenus
960 1640 1078 1676 enim
1100 1637 1343 1676 verofimile
1367 1638 1434 1682 est,
1457 1643 1578 1676 tanta
1599 1638 1887 1676 Cometarum
1908 1649 1998 1675 cor-

358 1703 477 1739 pora,
499 1703 599 1739 quae
615 1692 916 1739 saepenumero
932 1691 1049 1729 mole
1065 1691 1141 1729 sua
1156 1691 1247 1739 ipsa
1261 1691 1397 1730 Terra
1414 1688 1428 1741 ΙΙ
1445 1703 1536 1729 non
1556 1691 1695 1729 multo
1716 1693 1891 1728 minora
1912 1693 1998 1729 exi·
2009 1697 2105 1729 Cc2r

358 1745 479 1788 stunt,
495 1745 714 1782 interdum
731 1747 862 1783 etiam
879 1756 978 1783 eam
994 1745 1231 1792 adaequant
1241 1744 1312 1783 vel
1327 1744 1532 1783 nonnihil
1549 1749 1790 1792 exuperant
1807 1743 1942 1790 (velut
1953 1746 1999 1781 in

359 1798 441 1835 hac
454 1798 622 1836 Crinita
634 1798 687 1836 ab
700 1800 823 1836 initio
835 1797 997 1836 factum
1013 1798 1102 1842 esse,
1120 1798 1347 1836 Diameter
1357 1797 1532 1836 vifibilis
1543 1798 1599 1836 ad
1611 1800 1832 1846 ingentem
1846 1797 1998 1835 distan-

359 1853 464 1889 tiam
476 1851 634 1889 collata
645 1851 964 1898 comprobauit)
976 1856 1189 1898 tanquam
1199 1851 1335 1889 otiosa
1346 1851 1553 1899 quaedam
1562 1853 1607 1889 in
1618 1850 1747 1889 Coelo
1758 1849 2000 1898 spectacula

361 1904 567 1947 exhiberi,
591 1915 690 1941 cum
711 1904 834 1942 Deus
851 1904 888 1942 8(
905 1905 1077 1942 Natura
1097 1916 1153 1942 ne
1174 1906 1219 1942 in
1241 1906 1436 1942 minimis
1456 1905 1634 1952 quidem
1655 1903 1694 1942 8(
1713 1903 2000 1942 Terrestribus

360 1957 487 1994 rebus
508 1956 659 1995 frustra
674 1957 839 2004 aliquid
856 1963 966 2005 agat.
988 1958 1082 1995 Nec
1101 1957 1246 2002 obstat,
1268 1958 1386 2005 quod
1402 1957 1732 2005 Astrologorum
1747 1959 1793 1994 in
1809 1956 1878 1995 his
1893 1958 1998 1995 vati·
2037 1968 2071 1994 30

360 2012 485 2053 cinia‚
503 2009 803 2057 saepenumero
819 2010 1083 2049 frustrentur.
1102 2011 1207 2049 Non
1224 2013 1343 2049 enim
1359 2023 1525 2055 eorum,
1543 2013 1618 2058 qui
1633 2012 1787 2048 Artem
1803 2010 2000 2057 aliquam

360 2068 572 2106 exercent,
590 2069 732 2101 errata
743 2064 838 2101 Arti
854 2063 986 2101 fidem
1003 2064 1224 2112 derogant,
1240 2064 1469 2112 multoque
1486 2063 1711 2102 abstrufior
1727 2063 1782 2101 est
1796 2063 1999 2102 Cometa-

360 2127 458 2153 rum
479 2116 650 2154 Natura
671 2116 708 2153 &
730 2116 975 2160 Influentia‚
999 2129 1134 2164 quam
1154 2123 1198 2155 vt
1217 2117 1315 2155 vllis
1335 2117 1522 2156 humani
1542 2119 1702 2165 ingenij
1721 2116 1886 2154 viribus
1901 2116 2000 2154 satis

360 2169 577 2215 explorari
594 2174 736 2216 queat.
754 2170 848 2207 Nec
864 2170 1030 2217 semper
1046 2170 1176 2214 mala,
1193 2176 1237 2208 vt
1250 2171 1447 2218 plerique
1460 2170 1713 2214 existimant,
1731 2171 1998 2212 ominantur,

360 2224 466 2268 quin
491 2224 635 2268 potius
658 2223 861 2260 nonnulli
885 2235 937 2260 ex
960 2223 1056 2267 illis,
1083 2226 1157 2271 qui
1182 2223 1420 2271 praesertim
1444 2223 1743 2262 beneficarum
1765 2222 1999 2261 Stellarum
2037 2235 2071 2260 35

360 2275 544 2312 Naturae
569 2275 861 2319 afflmssantur,
892 2276 1197 2320 salubritatem,
1227 2277 1492 2315 fertilitatem
1517 2276 1555 2314 8(
1579 2277 1681 2315 laeta
1707 2275 1999 2324 prosperaque

359 2330 511 2366 omnia
526 2327 798 2375 praesagiunt.
817 2328 1106 2376 Quapropter,
1124 2342 1224 2368 cum
1240 2342 1332 2368 non
1343 2330 1503 2378 vbique
1519 2332 1566 2368 in
1581 2329 1710 2368 rebus
1721 2335 1811 2368 tam
1824 2328 1999 2367 abscon-

360 2380 469 2425 ditis,
491 2382 682 2419 veritatis
702 2381 909 2419 nucleum
930 2382 1204 2430 introspicere
1227 2383 1366 2426 liceat,
1390 2385 1550 2431 ingenij
1575 2383 1705 2421 nostri
1727 2382 2000 2420 imbecillitas

359 2436 504 2480 potius
525 2434 755 2481 culpanda,
777 2446 912 2482 quam
933 2435 1095 2473 ostenta
1111 2436 1321 2475 diuinitus
1337 2436 1572 2475 hominum
1589 2436 1717 2474 causa
1734 2434 1926 2474 exhibita
1942 2439 1999 2472 te-

359 2498 478 2524 mere
497 2487 725 2525 eleuanda.
2037 2500 2071 2524 40

1834 2541 2000 2578 Verum
