2912 4368
409 1346 438 1370 10

409 1612 438 1636 15

404 1877 437 1901 20

387 2084 451 2115 315

406 2144 438 2167 25

407 2409 440 2433 30

410 2675 443 2699 35

412 2940 445 2965 40

794 749 1316 789 RECENTIORIBUS
1339 749 1798 789 PHAENOMENIS
2045 750 2121 790 257

475 856 590 894 fuisse
609 856 726 893 hunc
743 856 987 900 Cometam,
1009 857 1107 894 satis
1123 863 1221 904 apte
1238 860 1533 899 ratiocinatur,
1556 857 1593 894 &
1615 870 1707 895 rem
1728 869 1907 895 omnem
1928 860 2120 904 penitius

475 909 824 956 intelligentibus,
846 921 895 947 ac
917 909 1003 947 fine
1024 911 1279 957 praeiudicio
1300 911 1655 958 ponderantibus,
1677 911 1801 948 facile
1824 914 1882 948 ita
1898 911 1937 948 se
1958 911 2120 949 habere

477 962 742 1009 persuaserit.

530 1015 662 1060 Quod
678 1021 826 1052 autem
843 1015 1056 1061 postremo
1074 1018 1118 1053 in
1142 1018 1164 1060 ζέ
1185 1017 1302 1054 Orbe
1316 1017 1547 1055 Cometam
1565 1017 1760 1061 collocat,
1779 1017 1971 1065 Cornelij
1988 1018 2121 1055 Gem-

476 1080 561 1105 mae
578 1068 746 1115 placitis
758 1068 1047 1115 acquiescens,
1065 1070 1171 1107 dum
1183 1082 1235 1107 ex
1248 1070 1469 1117 Analogia
1480 1076 1624 1107 motus
1637 1071 1677 1107 id
1691 1070 2032 1108 consentaneum
2046 1071 2121 1107 esse

476 1122 660 1168 probare
678 1123 838 1163 nititur,
857 1128 971 1159 caret
988 1122 1288 1160 fundamento.
1307 1123 1425 1160 Nam
1439 1123 1642 1161 Gemmae
1655 1123 1904 1161 Parallaxes
1920 1135 2010 1160 non
2027 1123 2122 1160 sunt

476 1173 651 1218 exaclae,
678 1186 757 1211 nec
784 1186 857 1212 eas
884 1186 905 1212 e
932 1177 1056 1212 certis
1082 1175 1471 1213 Obseruationibus
1498 1176 1823 1219 Mathematice,
1850 1182 1893 1214 vt
1918 1179 2120 1223 oportuit,

476 1227 813 1269 Demonstrauit,
834 1227 903 1265 sed
922 1228 1166 1275 [impliciter
1182 1231 1241 1266 ita
1258 1229 1297 1266 se
1314 1228 1516 1271 habuisse,
1538 1230 1717 1266 asseruit.
1740 1229 1920 1276 Ipsaque
1938 1230 2121 1267 Roeslini

476 1280 711 1322 Sententia,
730 1280 962 1318 Cometam
979 1281 1096 1318 hunc
1114 1284 1449 1328 quamproxime
1472 1284 1495 1325 ζῖ
1515 1287 1696 1323 motum.
1719 1285 1763 1319 in
1781 1283 2020 1324 velocitate,
2039 1288 2121 1319 tar-

476 1334 618 1376 ditate,
645 1333 895 1371 stationibus
920 1334 957 1370 8(
980 1335 1424 1381 retrogradationibus
1448 1335 1706 1372 aemulatum
1729 1335 1855 1377 fuisse,
1882 1342 1971 1372 toto
1997 1336 2121 1373 Caelo

475 1387 634 1424 deuiat.
653 1387 770 1424 Nam
783 1387 921 1424 multo
934 1387 1125 1424 velocior
1138 1393 1229 1425 erat
1241 1388 1294 1425 ab
1307 1389 1443 1431 initio,
1462 1399 1596 1434 quam
1619 1390 1641 1431 Ψ
1661 1400 1857 1435 vnquam
1870 1388 1964 1425 fieri
1976 1388 2120 1435 potest,

476 1451 555 1477 nec
567 1440 676 1477 vllas
689 1440 1108 1487 Retrogradationes,
1122 1446 1196 1477 aut
1206 1440 1434 1484 Stationes‚
1448 1441 1649 1478 vniuerso
1662 1441 1748 1478 suae
1761 1442 2005 1479 durationis
2017 1447 2121 1479 tem-

476 1504 580 1540 pore
592 1494 729 1539 passus
742 1493 812 1536 est;
830 1493 899 1530 sed
911 1492 1147 1537 successiue,
1165 1505 1191 1531 a
1207 1493 1413 1531 celeriore
1426 1499 1664 1540 apparente
1678 1494 1801 1531 cursu
1814 1496 1859 1531 in
1871 1495 2119 1537 tardiorem,

476 1546 663 1593 regulari
685 1546 722 1583 8(
744 1546 966 1584 ordinaria
984 1549 1239 1589 mutatione,
1261 1546 1531 1593 prorepebat,
1550 1547 1587 1584 8(
1604 1547 1734 1593 vsque
1752 1548 1806 1585 ad
1823 1548 2025 1585 vltimum
2042 1553 2121 1585 ter-

476 1601 659 1641 minum,
681 1601 726 1636 in
743 1611 830 1646 quo
848 1599 1033 1646 conspici
1051 1599 1180 1647 defijt,
1202 1602 1341 1637 motui
1358 1600 1501 1643 alicui,
1524 1600 1620 1637 licet
1642 1602 1687 1637 in
1708 1600 1795 1637 fine
1818 1603 1955 1648 magis
1972 1600 2120 1647 magis-

476 1664 560 1699 que
583 1654 826 1696 remittenti,
849 1653 1067 1690 obnoxius
1088 1658 1195 1695 erat;
1217 1653 1335 1690 velut
1356 1652 1451 1690 haec
1473 1665 1525 1690 ex
1546 1655 1609 1700 iJ's,
1633 1665 1732 1700 quae
1755 1653 1909 1700 Capite
1930 1653 2077 1691 Tertio
2100 1665 2121 1690 e

476 1708 599 1742 certis
618 1705 1007 1743 Obseruationibus
1024 1706 1447 1749 Demonstrauimus,
1470 1718 1561 1743 non
1582 1706 1758 1744 obscure
1780 1707 1923 1754 colligi
1945 1708 2121 1753 possunt.

529 1759 646 1796 Licet
662 1770 767 1796 vero
784 1764 884 1796 ante
902 1759 1003 1796 XIII
1021 1759 1137 1796 diem
1154 1760 1435 1801 Nouembris,
1455 1760 1622 1806 aliquot
1638 1760 1792 1797 diebus
1809 1762 2005 1801 extiterit,
2028 1760 2121 1796 nul-

475 1812 647 1849 latenus
668 1817 815 1849 tamen
833 1812 969 1849 alium
987 1814 1032 1849 in
1049 1812 1132 1849 illis
1149 1811 1339 1856 ductum,
1362 1824 1497 1859 quam
1514 1815 1588 1859 qui
1605 1812 1876 1859 subsequenti
1894 1813 2123 1860 Analogus

476 1865 580 1908 esset‚
603 1865 866 1908 admittebat,
884 1871 926 1902 vt
944 1865 1218 1903 Moesslinum
1235 1868 1366 1903 etiam
1384 1864 1494 1904 redte
1512 1867 1767 1908 asseuerasse,
1789 1866 1917 1913 supra
1933 1866 2008 1903 suo
2025 1866 2122 1903 loco

476 1918 752 1955 ostendimus.

529 1971 757 2019 Subiungit
775 1971 919 2018 postea
936 1972 987 2009 de
1006 1971 1404 2019 Significationibus
1426 1972 1558 2009 huius
1576 1972 1786 2014 Cometae,
1809 1973 1967 2018 quibus
1991 1974 2122 2009 etiam

477 2025 623 2061 Nouae
640 2024 784 2062 Stellae
802 2025 973 2062 decreta
990 2024 1177 2068 innectit,
1195 2025 1292 2062 suas
1306 2025 1550 2072 Opiniones
1564 2025 1796 2067 Roeslinus,
1815 2026 1852 2062 &
1869 2037 1968 2063 curn
1986 2025 2121 2072 Sibyl-

476 2078 575 2114 linis
606 2077 864 2124 quibusdam
894 2079 1215 2124 antiquioribus
1242 2078 1457 2119 Oraculis,
1488 2075 1749 2127 An-llnisque
1775 2090 1801 2116 a
1827 2079 1959 2116 Stella
1988 2079 2122 2115 Noua

478 2131 661 2173 Criticis,
683 2130 1017 2177 praedictionum
1033 2136 1230 2169 tenorem
1248 2134 1447 2173 contexit,
1469 2132 1613 2169 altiori
1630 2132 1730 2169 sane
1747 2132 1964 2179 indagine,
1988 2143 2123 2178 quarn

477 2195 735 2221 communes
751 2184 1047 2231 Astrologastri
1064 2183 1256 2222 factitare
1273 2184 1611 2227 consueuerunt;
1633 2184 1670 2221 &
1691 2185 1881 2231 plurima
1902 2187 1947 2221 in
1966 2185 2033 2222 his
2050 2185 2123 2222 ad-

476 2237 659 2274 modum
676 2237 986 2279 verofimiliter,
1004 2237 1145 2274 solerti
1162 2238 1335 2280 iudicio,
1358 2240 1403 2274 in
1419 2238 1615 2275 medium
1632 2238 1817 2275 adducit.
1841 2237 1959 2283 Quia
1976 2243 2123 2275 tamen

477 2290 606 2327 nostri
624 2302 714 2327 non
732 2290 786 2327 est
802 2290 989 2333 instituti,
1007 2296 1049 2328 vt
1066 2290 1298 2337 aliquoties
1312 2293 1432 2337 prius
1445 2293 1575 2328 etiam
1588 2291 1758 2328 testatus
1771 2291 1875 2334 sum,
1894 2291 2124 2337 Astrologi-

478 2355 575 2380 cam
596 2343 998 2385 considerationem,
1021 2345 1135 2381 circa
1155 2343 1484 2390 praedictionem
1506 2343 1739 2382 effectuum
1761 2344 1893 2381 huius
1913 2344 2124 2385 Cometae,

478 2396 698 2439 discutere,
720 2396 790 2434 sed
807 2396 1081 2434 solummodo
1098 2398 1211 2435 intra
1227 2399 1436 2434 terminos
1454 2409 1540 2439 eos,
1562 2399 1637 2444 qui
1653 2397 1966 2434 Astronomicis
1982 2398 2124 2434 limiti-

478 2450 559 2487 bus
580 2449 1025 2496 comprehenduntur,
1048 2450 1281 2492 consistere,
1303 2450 1407 2487 nolo
1429 2452 1474 2487 in
1496 2452 1559 2497 ijs,
1582 2462 1682 2497 quae
1700 2450 1920 2488 Roeslinus
1937 2450 2124 2487 Astrolo-

479 2505 569 2550 gice
587 2503 639 2540 de
657 2502 740 2540 hoc
757 2503 943 2541 Cometa
960 2509 1288 2546 commemorat,
1307 2504 1588 2545 excutiendis,
1606 2510 1777 2550 tempus
1794 2510 1943 2541 terere.

534 2556 682 2593 Vnum
705 2556 853 2594 saltem
876 2556 1151 2603 Colophonis
1175 2556 1271 2593 loco
1296 2556 1366 2594 hic
1390 2557 1641 2604 adiungam,
1665 2558 1707 2594 id
1731 2557 1848 2603 quod
1872 2569 1963 2594 non
1986 2556 2125 2594 solum

480 2609 564 2652 ille,
589 2609 658 2646 sed
681 2609 807 2646 multi
830 2609 901 2657 alij
926 2610 1092 2647 Eruditi
1114 2610 1419 2647 Mathematici
1442 2608 1654 2647 hactenus
1677 2610 1926 2656 persuasum
1950 2610 2125 2652 habent,

482 2664 551 2699 cui
573 2664 703 2699 etiam
724 2662 959 2700 Sententiae
981 2663 1215 2700 Cornelius
1238 2663 1430 2700 Gemma
1450 2662 1665 2700 adhaefisse
1684 2664 1865 2705 videtur,
1888 2663 2126 2700 Minimam

482 2715 594 2753 Solis
615 2715 986 2753 Eccentricitatem
1008 2716 1151 2753 adhuc
1173 2716 1326 2753 instare
1348 2716 1437 2763 post
1458 2728 1599 2753 annos
1623 2718 1821 2763 proxime
1845 2722 2063 2757 centenos.
2089 2716 2126 2753 8(

482 2770 723 2806 maximam
748 2769 849 2806 inde
875 2772 1075 2806 omnium
1102 2769 1263 2806 Rerum
1288 2771 1578 2806 mutationem
1603 2770 1815 2816 portendi,
1842 2770 2126 2816 quemadmo-

482 2822 588 2859 dum
611 2827 741 2859 antea
764 2822 838 2859 illa
861 2824 906 2859 in
929 2822 1149 2869 insigniori
1173 2822 1323 2869 aliquo
1346 2822 1408 2859 sui
1432 2822 1619 2864 Circelli,
1645 2834 1777 2869 quem
1800 2823 2005 2865 describit,
2030 2822 2127 2859 loco

483 2874 719 2917 constituta,
738 2877 932 2922 ingentes
946 2875 982 2912 8(
995 2875 1260 2913 vniuersales
1277 2877 1322 2912 in
1340 2876 1513 2913 Mundo
1529 2876 1909 2923 Metamorphoses
1926 2877 2127 2923 peperisse

484 2928 686 2971 creditur;
705 2929 746 2966 id
764 2928 981 2975 (inquam)
1000 2927 1289 2966 exac‘tioribus
1303 2928 1691 2967 Obseruationibus
1706 2931 1751 2966 in
1765 2935 1888 2966 motu
1901 2929 2025 2971 Solis,
2043 2940 2126 2965 coe-

484 2980 584 3018 litus
605 2983 786 3018 minime
807 2981 1035 3019 fallacibus
1058 2981 1245 3028 Organis
1267 2980 1471 3025 deductis,
1496 2994 1586 3019 non
1608 2982 1927 3029 correspondet:
1952 2982 2021 3019 sed
2044 2982 2127 3019 Co—

484 3036 707 3080 pernianis
723 3035 935 3072 duntaxat
953 3036 1155 3077 inuentis,
1177 3037 1289 3072 circa
1306 3037 1595 3072 variationem
1613 3035 1948 3072 Eccentricitatis
1966 3035 2127 3072 Solaris

591 3095 623 3120 33
1857 3088 2126 3130 saluandam,
