2209 3213
556 217 1078 256 RECENTIORIBUS
1099 217 1557 255 PHAENOMENIS
1813 219 1880 256 163

236 323 403 370 Quinto
419 323 514 361 sunt
530 323 829 370 peruestigata:
847 328 948 361 ante
961 326 1112 362 omnia
1124 335 1235 371 opus
1252 325 1330 361 erit
1346 323 1472 361 illum
1488 329 1773 371 apparentem
1787 336 1879 362 mo-

150 384 209 415 195
234 382 339 420 tum,
366 388 498 424 quem
521 375 674 414 habuit
697 376 884 414 Cometa
906 373 1133 426 τεῖρε-116111
1157 376 1389 424 Eclipticae‚
1413 376 1468 414 ad
1491 376 1631 423 ipsum
1652 379 1880 424 proprium

233 429 363 477 ipfius
380 429 531 467 orbem
548 429 767 472 reducere,
785 434 831 467 ut
848 429 995 467 cursus
1011 429 1140 477 ipfius
1157 431 1202 467 in
1218 429 1353 477 plano
1368 429 1431 467 sui
1448 430 1576 473 orbis,
1593 436 1721 477 prout
1737 431 1780 468 id
1798 431 1879 469 Oc-

233 487 350 521 tauae
371 482 566 529 Sphaerae
586 481 732 525 subest,
757 482 906 529 perfici
928 483 1205 530 intelligatur,
1230 482 1267 520 &
1290 484 1336 520 in
1357 493 1410 520 eo
1430 482 1520 530 ipso
1544 494 1762 530 apparens
1786 486 1880 521 eius

181 549 196 574 5
233 540 379 573 motus
391 535 675 583 dignoscatur,
691 537 765 582 qui
777 536 1001 574 uiceuersa
1012 536 1066 573 ad
1081 536 1333 583 Eclipticam
1346 535 1446 573 inde
1458 536 1733 574 reducendus
1745 539 1878 575 uenit.

234 589 281 627 Id
297 590 444 636 itaque
461 589 798 626 commodissime
815 588 1010 636 sequenti
1026 589 1287 637 figuratione
1304 589 1600 636 expediemus.

285 1755 488 1794 Circulus
511 1755 686 1802 AQPH
712 1755 897 1802 planum
922 1756 1142 1803 Eclipticae
1168 1756 1456 1803 repraesentat.
1484 1756 1668 1794 AMPK
1692 1756 1876 1803 planum

231 1809 435 1847 curriculi
458 1809 656 1847 Cometae
682 1808 756 1847 sub
781 1808 952 1847 octaua
974 1809 1169 1856 Sphaera.
1197 1809 1457 1847 Interfecant
1482 1816 1631 1847 autem
1656 1809 1695 1848 se
1721 1815 1876 1847 mutuo

228 1862 325 1901 haec
345 1863 434 1900 duo
454 1862 589 1910 plana
605 1864 650 1900 in
666 1860 836 1909 punffis
852 1863 893 1900 A
911 1862 949 1900 &
964 1863 995 1899 Ρ
1013 1865 1135 1900 iuxta
1155 1862 1289 1900 finem
1307 1862 1347 1900 21
1364 1862 1524 1910 gradus
1546 1867 1584 1905 β
1594 1893 1602 1906 ,
1624 1863 1875 1910 habentque

161 1928 191 1954 ιο
228 1915 561 1954 inclinationem
576 1920 779 1953 mutuam
794 1921 901 1963 part.
919 1916 1004 1959 294⁷,
1026 1921 1071 1953 ut
1087 1916 1221 1953 modo
1237 1914 1400 1953 dictum
1417 1915 1484 1953 est.
1504 1916 1753 1964 Apogaeum
1768 1928 1876 1954 uero

228 1968 358 2007 Orbis
378 1969 512 2007 huius
536 1968 747 2012 Cometae,
773 1969 890 2007 idem
914 1969 989 2006 esse
1014 1980 1113 2006 cum
1137 1970 1336 2016 Apogaeo
1360 1969 1502 2007 Solari
1525 1971 1570 2006 in
1593 1970 1635 2009 5}
1663 1969 1718 2008 G.
1743 1975 1796 2013 (Ξῖ),
1823 1981 1875 2007 ex

169 2026 189 2056 †
227 2022 379 2060 nostris
396 2022 641 2060 Neotericis
659 2022 697 2059 &
716 2024 929 2060 accuratis
946 2021 1338 2060 obseruationibus
1358 2022 1612 2065 adinuento,
1634 2022 1875 2065 statuimus;

227 2076 415 2123 ideoque
432 2076 676 2123 Perigaeum
693 2077 787 2113 eius
802 2077 848 2113 in
864 2076 910 2115 5}
926 2076 1043 2123 grad.
1065 2081 1105 2119 z,
1127 2075 1245 2123 quod
1266 2075 1595 2123 repraesentatur
1613 2087 1689 2123 per
1706 2076 1760 2114 D.
1783 2077 1875 2114 Iam

227 2129 256 2166 si
271 2129 414 2166 Arcus
430 2129 590 2176 aliquis
607 2128 839 2176 Eclipticae,
862 2129 1060 2166 Cometae
1077 2128 1150 2166 uel
1166 2128 1278 2167 Solis
1295 2129 1634 2176 Longitudinem
1651 2129 1875 2174 exhibens,

159 2195 189 2220 15
227 2182 282 2220 ad
299 2182 709 2229 correspondentem
726 2183 892 2219 Arcum
909 2184 954 2219 in
971 2180 1102 2220 ductu
1119 2182 1318 2220 Cometae
1335 2183 1609 2221 reducendus
1629 2185 1719 2226 erit,
1740 2183 1794 2220 fic
1815 2182 1874 2220 fa-

227 2235 306 2273 cile
323 2235 572 2273 absoluetur
585 2247 874 2273 numerorum
886 2237 1045 2283 praxis,
1063 2247 1163 2282 quae
1176 2237 1221 2273 in
1232 2235 1511 2282 sequentibus
1522 2236 1744 2274 multoties
1757 2236 1875 2274 usur-

226 2289 375 2336 panda
390 2291 523 2326 uenit.

280 2341 508 2388 Quoniam
524 2342 726 2390 Angulus
746 2342 801 2380 ad
817 2343 858 2379 A
877 2341 1004 2379 datur
1024 2346 1235 2389 perpetuo
1255 2353 1442 2380 manens
1462 2348 1570 2390 part.
1587 2343 1672 2387 2937,
1695 2342 1733 2380 &
1753 2342 1875 2380 locus

226 2393 538 2433 intersectionis
554 2400 684 2433 notus
702 2395 756 2433 est
773 2395 837 2441 (ut
853 2394 959 2441 dixi)
977 2395 1136 2432 idcirco
1152 2400 1409 2433 numeretur
1420 2396 1666 2443 Longitudo
1679 2398 1724 2433 in
1737 2395 1875 2442 Eclip-

156 2461 189 2486 20
226 2450 311 2486 tica
327 2449 381 2486 ab
397 2448 481 2486 hoc
497 2449 608 2492 loco,
625 2448 759 2496 fitque
777 2460 829 2486 ea
846 2447 1035 2495 exempli
1051 2450 1190 2495 gratia
1205 2448 1300 2492 ΑΕ,
1317 2448 1604 2496 trahaturque
1621 2461 1647 2487 a
1663 2447 1824 2496 punc'to
1842 2449 1874 2486 E

226 2501 438 2539 normalis
457 2501 648 2549 respectu
664 2502 757 2540 Poli
775 2501 1006 2549 Eclipticae,
1028 2501 1168 2539 donec
1189 2504 1410 2550 contingat
1428 2502 1592 2540 Orbem
1609 2502 1808 2592 comgae
1830 2503 1875 2562 in

335 2563 385 2588 21*
1769 2566 1776 2596 ;
1797 2560 1874 2591 er1t
