2209 3213
111 874 141 899 10

110 1140 140 1165 15

107 1407 140 1432 20

105 1673 138 1698 25

100 1721 142 1751 55

104 2259 137 2284 35

105 2524 137 2549 40

499 224 1020 263 RECENTIORIBUS
1040 225 1499 264 PHAENOMENIS
1772 224 1821 262 53

181 342 316 377 quam
337 330 594 369 Obseruatio
615 330 731 368 dedit
751 331 793 368 P.
812 331 847 369 8.
870 331 932 369 M.
952 331 1014 375 25,
1036 337 1225 379 quatuor
1244 331 1394 369 saltem
1414 330 1635 378 scrupulis,
1658 330 1823 368 nullius

180 394 292 430 pene
314 385 539 428 momenti,
561 385 791 421 minorem.
815 384 933 422 Patet
956 386 1084 432 igitur
1106 385 1144 423 &
1167 385 1223 423 ad
1245 384 1363 423 hunc
1386 384 1501 422 diem
1524 384 1622 422 satis
1644 386 1722 422 rite
1747 384 1823 421 esse

181 436 455 474 constitutum
473 436 670 474 Cometae
686 436 845 474 locum.

671 533 771 571 DIE
791 534 951 572 XXIX.
974 535 1331 573 NOVEMBRIS.

266 595 308 633 X
327 595 564 634 obseruatis
582 595 636 633 ab
654 595 804 643 ijsdem
824 596 934 641 fixis,
955 597 993 634 8(
1014 602 1227 644 praeterea
1243 608 1269 634 a
1285 596 1442 635 Scheat
1458 596 1602 644 Pegasi
1618 596 1825 644 distantijs

279 649 474 696 superius
490 651 722 693 annotatis,
738 651 833 696 pari
847 650 1225 688 demonstrationis
1237 649 1452 687 Methodo
1465 651 1752 693 conuincitur,
1769 649 1824 687 ad

179 702 297 739 hunc
313 702 442 746 diem,
458 701 605 740 locum
617 701 816 740 Cometae
832 702 960 747 fuisse,
977 705 1023 740 in
1038 708 1145 750 part.
1158 703 1212 741 13.

179 755 243 793 M.
258 755 307 793 45
328 764 386 799 w,
403 766 503 793 cum
518 754 747 793 latitudine
764 756 806 793 P.
823 756 886 793 24.
905 756 968 793 M.
985 756 1009 794 Ο
1026 756 1212 794 Boreali.

232 808 282 845 In
297 809 500 856 assignata
516 810 635 846 enim
650 807 789 856 figura
804 808 882 847 smt
894 809 1213 847 denominatio-

179 872 256 899 nes
266 866 309 899 vt
318 863 450 909 prius,
460 861 498 899 8(
508 861 681 909 insuper
691 861 730 899 O
740 861 786 899 fit
796 861 953 900 Scheat
963 862 1118 910 Pegasi,
1129 862 1213 900 col-

178 914 453 962 ligenturque
476 914 571 952 haec
593 926 647 952 ex
666 916 786 962 prius
806 915 929 953 datis.
953 915 1149 953 Primum
1168 917 1214 953 in

178 967 417 1015 Triangulo
433 968 566 1012 APB,
583 968 716 1006 Latus
732 968 822 1012 ΑΡ,
840 968 882 1006 Ρ.
899 968 961 1006 60.
980 968 1043 1006 M.
1059 969 1114 1012 41,
1134 968 1213 1006 La-

177 1025 246 1059 tus
268 1021 353 1065 PB,
379 1021 421 1059 P.
442 1021 505 1059 67.
530 1020 593 1058 M.
614 1021 678 1065 53,
703 1021 905 1069 Angulus
928 1021 1061 1065 APB,
1087 1021 1128 1059 P.
1150 1021 1213 1059 30.

178 1074 241 1112 M.
259 1074 312 1119 16,
329 1074 462 1112 Latus
478 1074 574 1119 AB,
590 1074 633 1112 Ρ.
649 1074 712 1112 28.
731 1074 794 1112 M.
811 1075 847 1119 7,
864 1074 1068 1122 Angulus
1079 1074 1212 1119 ΑΒΡ,
1227 1060 1279 1115 Α

178 1127 220 1165 P.
237 1127 300 1166 68.
317 1127 381 1165 M.
398 1128 452 1172 5l,
474 1139 574 1175 quae
591 1129 743 1165 omnia
758 1127 798 1165 se
814 1127 990 1171 habent,
1010 1133 1053 1165 vt
1070 1133 1212 1166 antea.

178 1180 350 1219 Deinde
373 1183 419 1218 in
438 1180 678 1229 Triangulo
699 1181 840 1226 ΑΒΕ,
864 1193 917 1219 ex
940 1181 1076 1219 tribus
1099 1183 1213 1219 notis

177 1233 384 1272 lateribus
400 1233 631 1278 constante,
648 1234 775 1272 datur
790 1234 993 1282 Angulus
1009 1234 1150 1279 ABC,
1170 1234 1211 1272 P.

176 1287 213 1325 9.
235 1287 298 1325 M.
319 1287 382 1325 22.
407 1287 599 1334 Ideoque
620 1289 666 1325 in
685 1287 926 1335 Triangulo
947 1287 1077 1333 CBP,
1098 1292 1213 1325 totus

176 1340 379 1388 Angulus
396 1340 525 1385 CBP,
546 1341 589 1378 P.
606 1340 668 1379 78.
687 1340 750 1378 M.
768 1340 821 1386 13,
842 1341 976 1379 Latus
994 1341 1085 1385 CB,
1107 1341 1149 1379 P.
1167 1342 1212 1379 ll.

177 1394 240 1432 M.
254 1393 316 1439 33,
333 1394 417 1439 PB,
434 1394 476 1432 P.
489 1394 552 1432 67.
566 1394 629 1432 M.
641 1394 704 1432 53.
722 1393 854 1442 Igitur
865 1394 953 1439 PC,
968 1394 1010 1432 P.
1023 1394 1085 1432 66.
1099 1394 1162 1432 M.
1175 1394 1211 1439 Ο,

177 1447 548 1495 complementum
570 1447 810 1485 latitudinis
834 1448 1046 1492 Cometae,
1069 1447 1272 1495 Angulus
1295 1459 1399 1486 vero
1423 1448 1552 1493 CPB,
1578 1448 1823 1487 differentia

176 1500 458 1548 longitudinis
475 1500 530 1538 est
545 1501 588 1539 P.
601 1501 654 1538 l2.
668 1501 730 1538 M.
743 1501 806 1539 23.
818 1501 944 1539 Vnde
961 1503 1164 1549 prouenit
1181 1501 1379 1539 Cometae
1396 1502 1622 1549 longitudo
1637 1504 1683 1539 in
1699 1502 1752 1540 13.
1767 1502 1821 1541 G.

176 1554 238 1593 45.
252 1554 315 1592 M.
332 1563 390 1598 w,
407 1566 508 1592 cum
524 1554 752 1592 latitudine
769 1554 811 1592 P.
823 1554 886 1592 24.
900 1554 963 1592 M.
976 1555 1012 1599 Ο,
1028 1559 1072 1592 vt
1087 1554 1290 1592 diximus.
1307 1555 1473 1593 Verum
1490 1557 1693 1593 examine
1709 1553 1822 1593 facto

175 1618 253 1655 per
263 1607 418 1645 Stellas
429 1609 475 1645 in
486 1607 528 1645 D
541 1607 578 1645 8(
591 1607 644 1652 0,
660 1609 885 1645 inuenitur
896 1610 942 1645 in
953 1607 1192 1655 Triangulo
1205 1607 1343 1651 CPD,
1360 1619 1413 1645 ex
1428 1608 1599 1646 duobus
1614 1608 1822 1647 lateribus

176 1662 290 1698 notis
307 1660 394 1705 CP,
416 1660 453 1698 &
474 1660 566 1704 PD,
587 1672 688 1698 cum
703 1661 881 1708 Angulo
898 1661 1227 1708 compraehenso
1245 1660 1381 1705 CPD,
1403 1661 1445 1699 P.
1462 1662 1515 1699 14.
1533 1661 1596 1699 M.
1614 1662 1667 1706 41,
1689 1662 1822 1700 Latus

177 1713 276 1758 CD,
297 1714 339 1752 P.
357 1714 410 1751 14.
428 1713 491 1751 M.
509 1713 571 1758 37,
593 1713 791 1752 distantia
812 1714 1010 1752 Cometae
1031 1714 1086 1752 ab
1107 1710 1327 1764 An-sstinoi
1347 1714 1492 1759 Stella,
1513 1726 1649 1762 quam
1670 1714 1821 1753 Obser-

175 1769 296 1805 uatio
312 1767 429 1805 dedit
444 1767 487 1805 P.
504 1767 557 1804 14.
575 1767 638 1805 M.
656 1767 718 1811 35,
735 1767 907 1805 duobus
922 1767 1073 1805 saltem
1088 1767 1298 1815 scrupulis
1313 1769 1544 1806 minorem.

229 1821 327 1859 Pari
347 1822 529 1865 ratione,
553 1822 756 1858 examine
777 1819 889 1859 facto
910 1820 965 1858 ad
987 1820 1144 1858 Scheat
1164 1821 1309 1868 Pegasi
1329 1823 1375 1858 in
1396 1821 1435 1859 O
1457 1821 1821 1869 repraesentatam,

176 1876 255 1912 erit
270 1875 316 1912 in
331 1873 571 1921 Triangulo
589 1874 724 1918 CPO,
745 1874 879 1911 Latus
894 1873 986 1918 ΡΟ,
1007 1873 1050 1912 P.
1067 1874 1129 1912 58.
1148 1874 1210 1911 M.
1228 1875 1282 1918 51,
1299 1874 1386 1918 PC,
1403 1874 1445 1912 P.
1463 1875 1525 1913 66.
1544 1875 1606 1912 M.
1624 1875 1660 1919 O,
1677 1875 1715 1912 &
1731 1875 1821 1912 An-

174 1927 302 1975 gulus
314 1939 367 1965 ex
379 1926 624 1965 differentia
640 1927 965 1975 longitudinum
979 1927 1177 1965 constans
1190 1927 1325 1972 CPO,
1342 1927 1383 1965 P.
1397 1927 1459 1966 39.
1473 1928 1536 1966 M.
1549 1928 1611 1966 44.
1630 1928 1821 1975 Ideoque

176 1980 273 2026 CO,
289 1980 487 2018 distantia
504 1980 703 2019 Cometae
716 1980 753 2018 8(
765 1979 922 2019 Scheat
939 1980 981 2018 P.
993 1980 1056 2019 35.
1071 1980 1134 2018 M.
1147 1981 1197 2019 45
1214 1980 1401 2028 praecise,
1418 1986 1547 2028 prout
1564 1981 1821 2020 Obseruatio

175 2045 274 2072 eam
290 2034 417 2078 dedit,
434 2034 548 2072 vnde
565 2033 603 2071 8(
619 2033 690 2072 hic
707 2033 906 2072 Cometae
922 2034 1070 2072 locum
1086 2036 1164 2071 rite
1181 2034 1458 2072 constitutum
1474 2040 1666 2082 apparet.

678 2131 778 2169 DIE
798 2131 937 2169 XXX.
960 2131 1319 2170 NOVEMBRIS.

300 2193 547 2231 ANENTE
568 2194 723 2232 eadem
744 2193 1004 2241 figuratione
1026 2193 1063 2231 8(
1084 2193 1233 2241 ijsdem
1254 2193 1699 2239 denominationibus,
1720 2206 1820 2232 con-

318 2245 547 2284 nectantur
566 2246 638 2285 hic
654 2248 695 2284 A
712 2246 750 2284 8(
766 2247 820 2291 D,
842 2258 895 2284 eo
916 2247 1034 2294 quod
1056 2258 1108 2284 ex
1129 2246 1327 2285 distantia
1346 2246 1544 2285 Cometae
1565 2247 1619 2285 ab
1636 2248 1821 2286 Antinoi

173 2311 324 2344 manu,
345 2299 383 2337 &
403 2300 599 2338 Vulturis
622 2300 778 2344 lucida,
802 2299 949 2338 lubeat
969 2302 1161 2347 primum
1182 2302 1276 2338 eius
1296 2300 1443 2338 locum
1464 2302 1697 2347 inquirere,
1721 2312 1819 2339 exa-

173 2355 292 2391 mine
313 2353 470 2391 deinde
491 2354 546 2391 ad
568 2353 630 2392 Os
651 2353 689 2391 8(
709 2353 867 2391 Scheat
886 2353 1031 2401 Pegasi
1050 2351 1175 2391 facto.
1198 2353 1287 2391 Erit
1307 2356 1499 2401 primum
1519 2355 1565 2391 in
1580 2353 1820 2401 Triangulo

174 2406 315 2450 APD,
338 2406 471 2444 Latus
491 2407 582 2451 ΑΡ,
606 2407 648 2444 Ρ.
670 2407 732 2445 60.
755 2407 818 2444 M.
840 2406 893 2450 41,
918 2406 1009 2450 PD,
1033 2406 1075 2444 P.
1097 2407 1151 2444 71.
1173 2406 1236 2444 M.
1259 2407 1312 2451 13,
1335 2407 1538 2454 Angulus
1558 2407 1699 2451 APD,
1722 2407 1765 2445 P.
1782 2407 1818 2445 3.

175 2459 238 2496 M.
255 2458 308 2503 12,
329 2459 462 2497 Latus
478 2460 568 2497 AD
590 2459 787 2498 distantia
807 2459 1008 2503 fixarum,
1030 2459 1072 2497 P.
1090 2459 1142 2497 10.
1165 2460 1228 2497 M.
1245 2460 1307 2498 56.
1331 2460 1441 2508 Ergo
1461 2460 1663 2507 Angulus
1683 2460 1819 2504 PAD,

174 2512 216 2550 P.
234 2512 313 2550 163.
336 2512 398 2550 M.
415 2513 479 2551 43.
501 2513 673 2551 Deinde
686 2512 740 2550 vin
756 2512 995 2560 Triangulo
1013 2512 1160 2557 CAD,
1182 2524 1235 2550 ex
1255 2513 1390 2551 tribus
1411 2513 1618 2551 lateribus
1639 2515 1819 2560 cognitis

1692 2566 1818 2604 datur
