2209 3213
380 244 427 281 34
871 240 953 276 DE
975 237 1201 276 MUNDI
1222 235 1523 273 AETHEREI

378 356 466 385 tam
484 347 727 392 Quadranti
748 344 1055 391 imputandum
1075 345 1236 386 ueniat,
1259 352 1393 388 quam
1412 339 1673 378 Refraetioni
1693 339 1832 383 solari,
1853 339 1948 384 sese,
1969 342 2015 376 in

378 401 611 438 decliuiore
628 399 716 441 situ,
736 400 855 435 iuxta
872 398 1095 439 Brumam‚
1113 396 1224 433 adeo
1240 394 1487 437 11111111131111,
1505 404 1605 439 quae
1621 398 1906 440 apparentem
1922 393 2014 430 alti-

377 454 572 490 tudinem
597 451 739 489 debito
764 452 978 488 maiorem
1001 449 1142 486 efficit.
1169 446 1452 485 Refradtionis
1475 448 1593 483 enim
1616 445 1760 489 huius,
1785 451 1887 483 tunc
1910 451 2014 483 tem-

377 508 503 552 poris
534 505 857 551 impedimenta,
887 502 1087 540 nondum
1114 501 1340 548 explorata
1368 499 1598 537 habebam.
1629 499 1741 536 Haec
1766 510 1886 543 uero,
1916 510 2014 536 eam

377 561 507 595 etiam
519 558 572 594 ob
588 556 773 599 causam,
791 556 873 593 1106
889 556 986 592 1060
1002 554 1237 592 indicanda
1253 553 1410 597 censui,
1427 564 1482 590 ne
1499 554 1596 599 quis
1611 554 1803 595 miretur,
1820 553 1866 589 in
1881 553 2015 599 priori

376 611 484 647 libro
502 611 553 647 de
571 610 703 647 Noua
720 609 863 651 Stella,
887 608 924 645 &
945 611 990 645 in
1006 608 1227 655 posteriori
1244 609 1375 644 etiam
1391 606 1444 643 de
1461 605 1656 643 Cometis
1672 604 1862 651 reliquis,
1881 604 2014 652 paulo

376 664 508 701 aliam
530 663 747 709 Eclipticae
771 662 824 699 ab
844 661 1085 708 AEquatore
1109 660 1447 698 declinationem
1468 660 1723 701 maximam,
1748 657 1785 695 &
1807 657 1900 695 Poli
1923 657 2014 695 3111-

375 717 571 753 tudinem
587 715 789 752 nonnihil
806 716 936 752 etiam
952 716 1167 752 maiorem
1183 714 1343 751 assumi.
1365 712 1590 758 Siquidem
1606 723 1671 755 ea,
1688 722 1788 758 quae
1805 710 1889 748 hoc
1904 710 2015 748 libro

374 769 561 806 secundo
586 770 873 811 continentur,
898 767 1036 805 statim
1060 766 1149 814 post
1173 766 1371 804 Cometae
1396 764 1528 802 huius
1552 764 1888 811 disparitionem,
1914 769 2014 801 ante

375 833 516 859 annos
532 833 695 858 nouem
712 820 1056 867 conscripseram,
1074 824 1254 867 excepto
1270 819 1360 856 solo
1376 818 1531 855 ultimo
1544 817 1711 864 Capite,
1728 819 1774 854 in
1790 828 1891 864 quo,
1907 816 2013 864 post-

375 886 508 921 quam
531 875 776 912 accessissent
798 874 925 920 plura
947 874 1001 911 ab
1024 873 1121 920 alijs
1142 873 1194 910 de
1215 872 1299 909 hoc
1320 871 1409 918 ipso
1429 873 1603 918 negotio
1624 870 1829 917 euulgata
1849 869 2013 916 scripta,

375 928 582 975 pleraque
602 927 888 974 locupletiora
907 926 1086 964 reddidi.
1108 926 1171 964 Ea
1190 937 1298 963 uero
1320 935 1420 972 quae
1440 929 1530 961 tam
1550 925 1683 971 priori
1704 923 1827 967 libro,
1847 919 1861 973 ΙΙ
1880 934 2015 970 quam

374 980 645 1026 subsequenti
661 982 948 1023 continentur,
965 979 1054 1026 post
1066 979 1328 1017 collimatius
1340 977 1527 1015 restituta
1538 978 1667 1014 nouis
1680 978 1854 1024 organis
1865 975 2014 1014 Stella-

374 1045 472 1071 rum
493 1033 600 1077 loca‚
624 1033 804 1079 Polique
825 1032 1052 1070 altitudine
1073 1032 1111 1069 8(
1132 1031 1423 1069 declinatione
1443 1032 1638 1068 maxima
1658 1031 1846 1077 penitius
1868 1028 2013 1076 explo-

375 1092 479 1129 rata,
497 1097 587 1123 non
600 1088 658 1123 ita
669 1086 847 1129 dudum,
865 1097 891 1123 a
906 1085 1032 1123 nobis
1044 1084 1281 1131 conscripta
1292 1084 1398 1121 sunt.
1416 1083 1643 1127 Praeterea,
1660 1082 1893 1120 Stellarum
1904 1081 2013 1126 loca,

375 1140 532 1185 quibus
552 1145 654 1176 tunc
675 1138 775 1176 usus
796 1150 928 1181 eram,
950 1150 1041 1176 non
1061 1138 1172 1176 adeo
1194 1136 1353 1180 6113616,
1375 1141 1421 1174 111
1437 1136 1592 1183 postea,
1615 1135 1810 1173 constitui
1825 1135 2013 1182 potuisse,

375 1203 465 1229 non
481 1194 710 1229 minimam
727 1191 997 1229 occasionem
1013 1191 1209 1238 praebuit,
1231 1202 1295 1234 ea,
1318 1201 1406 1237 qua
1420 1194 1523 1227 tunc
1539 1189 1703 1233 utebar,
1724 1190 1771 1226 in
1786 1188 1854 1225 his
1870 1187 2013 1225 1161111-

376 1245 537 1288 caudis,
562 1247 696 1282 errori
719 1244 938 1282 minutulo
961 1244 1086 1282 facile
1110 1244 1302 1282 obnoxia
1323 1244 1610 1280 ratiocinatio.
1635 1241 1751 1280 Cum
1772 1243 1890 1279 enim
1911 1241 2013 1278 Vul-

374 1300 480 1335 turis
497 1297 674 1335 Stellam
690 1309 768 1344 pro
784 1297 1071 1335 fundamento
1090 1299 1290 1334 omnium
1311 1301 1569 1333 caeterarum
1590 1294 1898 1338 constituissem,
1920 1295 2014 1332 eius

374 1350 520 1388 locum
547 1350 696 1388 saltem
724 1361 800 1397 per
825 1351 1010 1393 Lunam,
1040 1350 1218 1397 quando
1243 1351 1288 1386 in
1312 1351 1562 1396 propinquo
1587 1348 1889 1385 Meridianum
1913 1358 2014 1385 cum

375 1403 506 1441 Stella
521 1403 735 1446 transibat,
757 1403 990 1441 interuallo
1010 1404 1229 1450 temporis,
1250 1414 1327 1449 per
1343 1401 1639 1449 Horologium
1655 1402 1856 1438 omnium
1871 1402 2013 1438 minu-

373 1462 530 1499 torum,
555 1455 879 1503 comprehenso,
904 1456 1206 1499 emendabam‚
1233 1455 1510 1502 eundemque
1534 1456 1628 1501 pari
1650 1456 1832 1497 ratione,
1856 1465 1879 1491 e
1902 1453 2014 1491 Solis

373 1521 449 1556 per
475 1509 775 1546 Meridianum
804 1509 981 1547 transitu
1011 1508 1364 1556 comprobabam,
1395 1519 1495 1555 quae
1525 1509 1648 1551 ratio,
1679 1507 1750 1544 etfi
1778 1506 2014 1554 plausibilis

374 1562 557 1605 uidetur,
582 1567 729 1599 tamen
755 1574 845 1600 non
871 1567 986 1600 caret
1011 1562 1228 1600 erroribus
1253 1561 1401 1599 furtim
1426 1560 1509 1598 sese
1534 1560 1864 1598 insinuantibus.
1895 1559 2014 1597 Nam

373 1615 481 1657 licet,
498 1620 600 1652 tunc
616 1617 834 1662 temporis,
851 1615 1071 1662 utriusque
1089 1615 1338 1652 Luminaris
1354 1614 1537 1658 cursum,
1555 1618 1769 1660 quantum
1785 1624 1861 1660 per
1878 1624 1931 1651 ea
1945 1613 2012 1650 In-

372 1668 617 1712 strumenta,
644 1680 744 1715 quae
767 1670 812 1706 in
834 1674 1010 1715 promtu
1033 1673 1167 1712 erant,
1191 1667 1285 1705 fieri
1307 1672 1488 1714 poterat,
1513 1667 1787 1704 mediocriter
1808 1665 1919 1704 bene
1943 1677 2013 1703 ex·

373 1721 592 1767 ploratum
612 1721 832 1765 haberem,
853 1733 933 1759 nec
949 1721 1221 1759 Tabularum
1242 1720 1495 1758 authoritati
1515 1719 1598 1758 hac
1618 1721 1663 1757 in
1683 1724 1804 1766 parte
1820 1718 2012 1764 fiderem,

372 1779 532 1815 tamen,
563 1785 662 1811 curn
686 1774 1036 1821 subsequentium
1061 1785 1283 1812 annorum
1308 1772 1557 1817 exactiores,
1587 1784 1664 1820 per
1690 1783 1812 1810 noua
1836 1783 2013 1820 organa,

374 1827 709 1870 obseruationes,
733 1827 898 1874 aliquid
920 1829 966 1864 in
988 1827 1069 1871 his,
1093 1839 1182 1874 quo
1203 1829 1352 1864 minus
1374 1826 1431 1864 ad
1453 1831 1695 1864 extremam
1716 1825 2014 1873 praecifionem

373 1879 555 1918 deducta
582 1879 753 1923 fuerint,
780 1880 1009 1918 defiderari
1034 1880 1182 1927 palam
1204 1879 1407 1924 facerent,
1434 1879 1757 1923 restitutionem,
1784 1883 1886 1916 tunc
1908 1883 2013 1916 tem-

372 1934 489 1978 poris
513 1944 564 1970 eo
588 1933 720 1970 modo
743 1933 988 1977 institutam,
1014 1945 1105 1971 non
1128 1933 1333 1971 omnibus
1356 1934 1550 1970 numeris
1575 1931 1749 1980 praecise
1772 1931 2014 1969 absolutam

372 1985 500 2029 fuisse,
523 1986 856 2032 comperiebam.
879 1987 929 2024 Et
950 1986 1258 2034 Horologium,
1280 1986 1332 2024 de
1354 1997 1442 2033 quo
1463 1986 1564 2029 dixi,
1586 1984 1658 2023 6111
1678 1984 1843 2023 affabre
1863 1984 2012 2022 admo-

375 2038 480 2075 dum
506 2038 777 2076 elaboratum
803 2044 905 2082 erat,
932 2039 970 2076 &
994 2051 1085 2076 non
1107 2039 1256 2077 saltem
1278 2041 1461 2082 minuta,
1486 2038 1556 2076 sed
1579 2040 1711 2076 etiam
1732 2037 1934 2084 scrupula
1954 2037 2012 2075 se-

375 2091 529 2134 cunda,
552 2091 648 2128 satis
669 2091 875 2129 constanti
898 2091 935 2129 8(
955 2092 1118 2139 aequali
1138 2092 1428 2135 reuolutione,
1450 2103 1538 2138 qua
1558 2091 1763 2129 diurnam
1783 2090 2014 2138 periodum

375 2144 677 2188 aemulabatur,
707 2145 937 2188 indicabat,
967 2151 1115 2182 tamen
1142 2145 1375 2183 interualla
1399 2144 1656 2182 tranfituum
1681 2143 1914 2182 Stellarum
1937 2154 2014 2190 per

375 2196 688 2240 Meridianum,
704 2197 802 2234 satis
817 2197 957 2235 subtili
973 2198 1190 2245 indagine,
1207 2198 1289 2235 1136
1301 2200 1388 2241 1113,
1405 2200 1481 2235 uix
1492 2198 1650 2244 assequi
1665 2197 1774 2241 11661,
1792 2208 1892 2234 611111
1907 2207 2013 2243 pau-

375 2249 472 2286 cula
488 2249 687 2296 scrupula
702 2250 901 2294 secunda,
919 2262 1019 2297 quae
1035 2262 1113 2297 pro
1130 2250 1303 2298 lingulis
1315 2252 1550 2298 quaternis,
1567 2252 1783 2297 integrum
1794 2251 2014 2286 minutum

375 2302 660 2340 aberrationis
680 2305 725 2340 in
745 2303 948 2350 gradibus
968 2303 1233 2350 AEquatoris‚
1258 2303 1501 2346 causantur,
1525 2302 1650 2340 facile
1671 2302 1869 2340 excidere
1890 2307 2012 2349 potu-

375 2357 495 2392 erint.
520 2354 601 2392 Tot
625 2357 770 2402 itaque
794 2357 1151 2394 concurrentibus
1174 2356 1413 2400 obstaculis,
1439 2368 1530 2394 non
1554 2357 1716 2393 mirum
1739 2355 1794 2393 est
1817 2355 2012 2398 euenisse,

375 2408 491 2454 quod
513 2419 603 2445 non
624 2409 735 2446 adeo
755 2409 893 2446 multa
912 2409 1124 2456 scrupula,
1146 2411 1191 2446 in
1207 2409 1367 2447 harum
1383 2409 1616 2447 Stellarum
1631 2408 1737 2446 locis
1753 2410 1828 2445 uix
1844 2407 2013 2445 summa

373 2460 635 2507 praecifione‚
653 2473 706 2499 ex
721 2462 937 2508 prioribus
954 2462 1328 2500 obseruationibus
1345 2461 1613 2509 deprehensa
1628 2461 1800 2505 fuerint,
1820 2462 1922 2504 imo,
1939 2460 2012 2498 ad-

373 2515 604 2551 miratione
624 2516 768 2561 potius
789 2515 969 2562 dignum
989 2515 1173 2559 uidetur,
1195 2515 1313 2562 quod
1329 2520 1391 2553 tot
1406 2514 1676 2563 labyrinthis,
1697 2525 1773 2561 per
1794 2513 1925 2551 deuia
1940 2513 2012 2552 ab·

1743 2566 2012 2609 ducentibus,

2055 829 2086 854 10

2048 929 2090 961 32

2055 1095 2084 1119 15

2051 1359 2085 1385 20

2051 1625 2085 1650 25

2051 1889 2085 1915 30

2051 2155 2084 2181 35

2050 2419 2084 2445 40
