2209 3213
579 214 1094 255 ANNOTATIONES
1115 215 1416 255 EDITORIS
1751 214 1819 254 513

177 317 564 357 metne0r01og1'cum
583 318 681 350 anni
695 327 718 350 a
735 319 830 351 nato
845 319 1005 351 Christo
1024 319 1118 351 1586.
1138 320 1190 351 Et
1204 320 1254 351 de
1273 319 1440 352 Cometa
1457 320 1630 359 quodam
1651 319 1820 351 rotundo

178 370 368 410 omnique
388 371 520 403 cauda
542 371 746 410 destituto,
769 372 838 411 qui
857 380 964 403 anno
980 373 1170 412 proxime
1191 374 1346 413 elapso,
1368 373 1583 405 mensibus
1601 372 1765 405 Octobri
1785 372 1821 404 ἆ

176 423 401 456 Nouembri
414 423 755 464 conspiciebatur,
773 433 828 456 ex
843 425 1199 457 obseruationibus
1210 425 1334 457 certis
1345 426 1534 458 desumta
1547 426 1821 458 consideratio

175 476 435 516 AstrologIca
444 486 455 508 .·
466 485 545 516 per
558 478 680 508 Eliam
693 478 780 509 Olai
792 478 1005 515 Cimbrum,
1022 478 1161 510 Nobili
1176 478 1268 510 Viro
1285 479 1469 519 Tychoni
1478 479 1615 510 Brahe
1627 479 1667 511 in
1678 478 1821 510 Astro-

176 529 352 562 nomicis
363 529 536 562 exerciti
531 530 574 570 js
585 530 890 562 inseruientem.
907 530 974 562 Ad
986 531 1087 563 Loci
1097 531 1409 571 Longitudinem
1422 532 1467 564 37
1475 541 1531 572 gr.
1546 532 1819 564 Latitudinem

176 583 220 615 56
234 591 290 623 gr.
308 583 519 614 Excusum
538 582 578 614 in
597 582 771 615 Officina
785 583 1097 624 Vraniburgica«
1113 585 1169 626 (30
1184 585 1263 617 foll.
1281 586 1319 616 in
1335 586 1399 625 4⁰).
1417 587 1473 617 Ac
1489 586 1623 617 statim
1640 585 1822 626 apparuit

177 636 408 668 relationem
425 637 473 668 de
489 639 659 674 cometa,
677 645 796 676 quam
813 637 964 676 praebet
979 638 1042 669 hic
1058 638 1209 669 libellus
1224 638 1317 679 (foll.
1336 639 1389 670 Bb
1401 639 1552 670 2vm-Dd
1563 639 1630 680 ἓν),
1653 639 1820 670 eandem

177 698 274 728 esse,
299 699 388 729 quae
411 689 531 721 etiam
555 699 676 721 manu
699 690 845 729 scripta
867 690 1076 728 invenitur;
1104 691 1273 723 dubitari
1297 692 1410 732 igitur
1432 701 1510 724 non
1536 694 1701 732 poterat,
1729 692 1821 732 quin

176 752 293 775 verus
310 745 450 774 auctor
465 743 547 784 ejus
562 743 697 782 Tycho
715 746 827 774 esset.
851 743 948 774 Cum
964 752 1060 776 vero
1076 745 1195 775 etiam
1212 744 1250 775 in
1266 745 1322 782 iis,
1345 754 1433 784 quae
1454 754 1526 777 sua
1546 755 1667 776 manu
1686 754 1822 776 exara—

177 796 242 835 vit,
267 796 405 828 »herus
425 805 556 828 meus«
575 796 711 836 Tycho
728 797 955 836 appelletur,
973 797 1057 837 jam
1075 797 1124 829 ab
1141 797 1248 829 initio
1265 798 1471 829 consilium
1487 799 1569 839 ejus
1586 798 1703 830 fuisse
1719 799 1822 830 vide-

176 852 250 887 tur,
271 852 314 881 ut
330 850 421 881 Eliae
437 849 597 881 nomine
617 849 768 881 libellus
789 849 1044 888 emitteretur,
1066 859 1184 890 quern
1200 850 1386 890 Tychone
1403 852 1635 883 moderante
1652 852 1820 883 diarium

177 903 395 935 confecisse
412 902 654 945 credendum
671 905 739 934 est.
758 903 919 934 Exstant
935 903 1093 943 quidem
1109 903 1147 934 in
1163 904 1302 935 codice
1317 904 1612 936 Vindobonensi
1631 904 1767 936 1068923
1782 905 1821 936 in

177 956 242 988 fol.
259 956 279 987 3
300 956 390 988 duae
411 955 523 987 diarii
542 956 696 996 paginae
720 956 797 987 »De
814 956 988 988 AEstate«
1012 960 1049 988 et
1074 957 1150 988 »De
1166 957 1387 989 Autumno«
1411 957 1529 988 nitide
1549 958 1707 997 scriptae
1729 967 1820 990 curn

177 1009 488 1041 correctionibus
509 1018 630 1040 manu
650 1009 847 1049 Tychonis
867 1009 993 1047 factis,
1019 1019 1108 1049 quae
1129 1010 1165 1040 in
1187 1010 1361 1041 libellum
1380 1010 1483 1050 typis
1505 1011 1745 1051 descriptum
1766 1021 1822 1043 re-

177 1065 304 1102 ceptae
325 1064 430 1100 sunt;
457 1066 495 1093 et
519 1062 795 1102 praefationem
819 1071 975 1102 quoque
1000 1062 1128 1101 libelli,
1154 1063 1193 1094 in
1215 1072 1293 1103 qua
1316 1063 1579 1095 Christianum
1604 1065 1822 1105 principem

176 1115 345 1156 scriptor
365 1115 586 1155 alloquitur,
610 1115 649 1147 in
669 1116 807 1147 codice
831 1115 954 1147 106896
975 1116 1106 1155 aliqua
1127 1125 1174 1147 ex
1195 1119 1306 1156 parte
1326 1117 1523 1156 Tychonis
1543 1127 1664 1149 manu
1686 1118 1822 1149 adum-

177 1169 334 1200 bratam
358 1168 591 1206 invenimus,
621 1169 675 1200 ita
699 1171 846 1206 tamen,
872 1171 914 1200 ut
938 1169 1031 1200 Eliae
1056 1169 1216 1201 arbitrio
1243 1170 1474 1209 plerumque
1499 1170 1737 1210 permissum
1761 1171 1820 1209 sit,

178 1222 380 1261 quomodo
392 1222 590 1262 Tychonis
606 1225 808 1262 praecepta
824 1230 992 1262 sequens
1009 1222 1158 1262 singula
1174 1223 1408 1254 absolveret.
1427 1224 1481 1254 Ex
1493 1224 1585 1255 Eliae
1596 1224 1726 1256 libello
1737 1227 1821 1256 tam

177 1275 302 1306 multa
312 1275 490 1315 Tychoni
505 1275 651 1313 deberi,
669 1278 786 1306 antea
802 1278 940 1307 notum
956 1284 1036 1307 non
1052 1275 1137 1313 fuit;
1155 1276 1376 1316 suspicatus
1391 1279 1527 1308 tamen
1539 1279 1595 1308 est
1603 1277 1686 1317 jam
1698 1278 1822 1309 Thad-

178 1328 289 1360 daeus
309 1328 519 1368 Hagecius‚
541 1328 604 1360 cui
618 1328 755 1368 Tycho
776 1328 950 1360 libellum
970 1329 1142 1366 miserat,
1165 1329 1204 1360 in
1223 1329 1389 1369 epistula
1410 1329 1445 1360 d.
1463 1329 1482 1360 9
1498 1339 1549 1361 m.
1569 1330 1663 1370 Maji
1683 1340 1717 1362 a.
1739 1330 1821 1362 1586

178 1381 283 1419 data,
299 1381 498 1421 Tychonis
513 1390 599 1413 esse
614 1381 724 1413 illum
744 1382 972 1422 »genuinum
991 1384 1184 1422 partum«,
1206 1390 1297 1413 cum
1316 1382 1509 1414 Henricus
1526 1384 1710 1415 Brucaeus
1726 1384 1762 1415 d.
1783 1384 1821 1414 15

177 1443 229 1466 m.
248 1434 379 1466 Martii
402 1435 612 1467 Rostochio
633 1434 810 1474 Tychoni
832 1435 1008 1466 scribens
1031 1435 1210 1475 discipuli
1232 1444 1331 1475 opus
1353 1444 1439 1467 esse
1462 1436 1714 1468 existimaret.
1740 1437 1821 1468 Nos

178 1496 268 1520 eam
292 1490 446 1519 tanturn
472 1488 589 1520 libelli
614 1490 780 1528 partem,
808 1497 898 1528 quae
922 1491 1124 1520 cometam
1149 1491 1305 1527 tractat,
1330 1489 1429 1520 inter
1452 1489 1481 1520 T
1483 1489 1650 1529 ychonis
1675 1490 1821 1530 scripta

178 1542 312 1573 locum
323 1541 466 1573 mereri
478 1541 656 1573 arbitrati
666 1550 815 1579 sumus,
832 1544 968 1582 utpote
985 1551 1074 1582 quae
1090 1544 1173 1574 tota
1190 1542 1280 1574 huic
1298 1542 1431 1574 deberi
1446 1543 1659 1581 videretur;
1678 1546 1717 1574 at
1727 1543 1821 1575 talia

177 1595 410 1635 plerumque
426 1595 549 1626 verba
565 1595 682 1626 edere
697 1595 945 1633 instituimus,
963 1595 1095 1635 qualia
1110 1595 1346 1636 Uraniburgi
1360 1596 1464 1636 typis
1480 1596 1676 1636 descripta
1693 1599 1819 1633 erant;

177 1648 315 1680 leviter
335 1650 468 1680 autem
489 1648 538 1680 ab
560 1648 636 1680 hac
652 1648 868 1680 verborum
888 1649 1019 1681 forma
1040 1649 1264 1689 discrepant
1285 1649 1453 1680 codices.
1478 1649 1558 1681 Nec
1574 1652 1709 1681 tamen
1724 1659 1822 1690 prae—

177 1701 412 1733 tereundum
433 1704 502 1739 est,
525 1702 641 1733 libelli
660 1702 816 1734 titulum
832 1704 870 1734 et
885 1702 1151 1742 colophonem
1167 1702 1247 1742 (qui
1262 1702 1398 1733 similis
1414 1704 1472 1733 est
1487 1702 1550 1740 illi,
1573 1703 1638 1742 qui
1653 1703 1691 1734 in
1706 1703 1821 1744 hujus

176 1754 276 1787 tomi
297 1764 333 1795 p.
357 1755 422 1786 378
443 1755 651 1795 invenitur)
676 1764 723 1787 ac
746 1755 858 1787 diarii
879 1764 1059 1787 mensem
1078 1755 1098 1793 J
1103 1756 1310 1787 anuarium
1335 1755 1387 1796 (in
1410 1755 1564 1787 duabus
1586 1756 1734 1796 paginis
1758 1765 1822 1797 op-

178 1808 326 1850 positis)
342 1808 439 1840 lucis
455 1817 529 1849 ope
545 1817 754 1849 expressos
769 1808 934 1840 inveniri
948 1809 985 1840 in
996 1808 1248 1840 Neudrucke
1262 1816 1339 1840 von
1353 1807 1559 1841 Schriften
1574 1809 1655 1841 und
1666 1809 1821 1841 Katten

181 1861 579 1901 iiberMeteorologie
593 1862 675 1893 und
686 1861 1015 1901 Erdmagnetism
1023 1870 1082 1900 us,
1094 1861 1194 1893 hera
1201 1861 1434 1902 usgegeben
1448 1869 1526 1893 von
1539 1862 1582 1894 G.
1598 1862 1820 1894 Heumann.

179 1914 252 1947 No.
273 1915 327 1946 12:
348 1914 727 1955 Wetterprognosen
746 1915 827 1947 und
846 1914 1175 1947 Wetterberichte
1188 1916 1264 1947 des
1276 1915 1357 1946 XV
1367 1924 1401 1947 u.
1416 1915 1515 1946 XVI
1521 1915 1822 1956 Jahrhunclerts

178 1968 359 2010 (Berolini
379 1968 472 2006 1899,
489 1968 529 2000 in
542 1968 608 2011 4⁰).

233 2022 284 2053 ad
298 2031 334 2062 p.
352 2021 461 2064 399,4)
475 2022 737 2054 Adumbratio
754 2030 905 2060 eorum,
923 2031 1012 2062 quae
1029 2025 1246 2062 sequuntur
1261 2022 1310 2053 ab
1327 2022 1404 2054 hoc
1421 2023 1509 2054 loco
1521 2030 1645 2062 usque
1657 2022 1707 2053 ad
1719 2030 1755 2053 v.
1768 2022 1822 2059 32,

178 2074 373 2106 invenitur
387 2075 426 2106 in
442 2076 581 2107 codice
592 2075 888 2107 Vindobonensi
900 2076 965 2107 lat.
982 2075 1119 2107 10689³0
1130 2075 1195 2107 fol.
1207 2076 1240 2113 2,
1257 2085 1379 2106 manu
1390 2075 1598 2115 Tychonis.
1617 2075 1823 2107 Cometam

178 2128 331 2160 viderat
347 2129 526 2160 Cassellis
542 2129 814 2161 Rothmannus
829 2129 914 2169 jam
935 2130 971 2160 d.
988 2128 1008 2160 8
1027 2128 1118 2170 (vid.
1136 2131 1232 2160 tom.
1249 2128 1300 2159 VI
1322 2138 1357 2168 p.
1375 2129 1482 2170 3l‚32),
1504 2131 1541 2160 et
1561 2128 1661 2159 Elias
1680 2128 1824 2159 vidisse

179 2181 333 2213 videtur
348 2182 384 2214 d.
405 2182 455 2220 10,
477 2191 570 2214 cum
586 2182 624 2214 in
640 2182 765 2214 diario
782 2182 1091 2222 meteorologico
1108 2182 1158 2213 ad
1174 2182 1278 2213 hunc
1295 2182 1399 2213 diem
1421 2181 1687 2222 adscripserit:
1714 2181 1824 2212 »Stel-

178 2235 259 2266 lam
279 2234 454 2275 ignotam
475 2235 592 2273 vidi«;
614 2236 779 2276 legimus
798 2237 993 2276 praeterea
1013 2235 1113 2267 inter
1133 2235 1431 2267 observationes
1447 2238 1714 2267 cometarum:
1740 2235 1824 2266 »Re-

178 2287 264 2319 tulit
283 2288 445 2328 quidam
467 2298 488 2320 e
508 2289 692 2321 studiosis
713 2289 822 2327 meis,
846 2288 980 2320 Helias
1000 2289 1172 2326 nomine,
1194 2297 1235 2320 se
1257 2288 1583 2320 animaduertisse
1603 2288 1712 2319 illum
1733 2290 1823 2318 ante

179 2349 328 2381 paucas
344 2342 565 2382 praeteritas
581 2345 729 2381 noctes,
746 2343 815 2374 sed
831 2344 940 2374 certo
953 2350 1031 2374 non
1042 2342 1359 2379 sibiconstitisse‚
1377 2341 1564 2381 quidnam
1576 2343 1689 2378 esset,
1707 2340 1823 2380 idque

180 2403 203 2425 a
219 2394 281 2426 die
300 2394 338 2426 13
353 2395 470 2427 huius
486 2395 593 2427 circa
609 2396 779 2428 eundem
796 2395 908 2436 quasi
923 2396 1090 2427 locum«.

233 2448 283 2480 ad
299 2456 335 2488 p.
353 2448 461 2491 400‚2]
482 2448 581 2487 Quae
601 2451 819 2489 sequuntur
839 2449 889 2481 ab
910 2448 987 2481 hoc
1008 2449 1097 2481 loco
1115 2449 1151 2489 (i.
1169 2457 1201 2480 e.
1220 2458 1243 2479 a
1258 2448 1382 2480 verbo
1401 2447 1618 2488 »dimidia«)
1634 2454 1757 2486 usque
1773 2446 1822 2477 ad

285 2511 318 2536 65
