2209 3213
127 706 192 738 309

149 818 178 843 10

147 1085 176 1109 15

143 1350 176 1375 20

142 1619 175 1643 25

141 1888 174 1912 30

140 2154 173 2178 35

121 2413 186 2445 310

538 222 1058 261 RECENTIORIBUS
1079 222 1537 261 PHAENOMENIS
1783 222 1859 260 253

219 329 382 375 datum,
403 329 554 368 frustra
571 328 743 368 iac‘titet:
765 335 808 368 vt
824 330 998 377 singulis
1014 341 1126 377 pene
1143 329 1295 368 diebus
1310 329 1457 367 videre
1475 330 1542 374 est,
1563 330 1592 367 fi
1613 329 1742 377 ipsius
1763 330 1860 368 loca

219 395 319 421 cum
329 383 482 421 nostris
492 384 705 422 accuratis
717 382 1105 421 Obseruationibus
1115 382 1406 421 conferantur.
1420 383 1527 428 Imo,
1540 385 1653 421 circa
1664 383 1859 421 medium

219 436 413 475 Ianuarii
437 449 529 475 non
553 437 720 475 dubitat
745 436 1039 474 Latitudinem
1065 436 1264 474 Cometae
1289 437 1506 484 assignare,
1536 437 1653 484 grad.
1679 437 1733 478 31,
1759 448 1859 483 quae

218 494 366 528 tamen
387 490 537 528 saltem
559 495 667 538 part.
691 489 776 531 29⁷3.
801 489 838 527 &
861 491 983 527 iuxta
1006 489 1215 527 Moestlini
1238 489 1398 536 placita
1420 489 1565 528 adhuc
1587 492 1732 528 minor
1756 495 1858 527 erat.

218 543 464 591 Longitudo
479 555 596 586 vero,
618 555 753 590 quam
769 543 969 582 Cometae
986 543 1055 581 die
1071 542 1194 580 XIIII
1211 543 1414 585 attribuit,
1430 543 1477 582 4}
1493 543 1696 590 gradibus
1713 555 1739 581 a
1754 555 1860 581 vero

217 596 371 640 deficit,
392 602 435 634 vt
454 609 507 635 ex
523 597 674 635 nostris
690 598 882 634 inuentis
897 600 1025 643 patet.
1047 596 1141 633 Nec
1157 598 1304 634 minus
1320 598 1365 633 in
1382 596 1703 640 Declinatione,
1725 608 1860 644 quam

217 652 256 687 ei
273 662 299 688 a
313 650 502 698 Tropico
522 656 547 691 z
567 652 752 699 assignat,
770 661 905 697 quam
921 651 967 686 in
983 649 1244 692 Latitudine‚
1261 661 1287 687 a
1303 649 1445 696 Scopo
1461 649 1620 687 deuiat.

269 704 389 741 Hinc
404 709 532 751 patet,
550 704 708 751 quibus
722 703 1019 742 fundamentis
1030 704 1225 741 nitantur
1237 714 1301 746 ea,
1319 714 1419 749 quae
1431 703 1575 750 postea
1587 703 1666 747 his,
1680 700 1694 753 ΙΙ
1707 705 1751 741 in
1763 715 1859 750 pro-

215 759 416 804 portione
432 762 578 796 motus
594 758 887 800 Geometrica,
910 756 947 794 &
968 755 1149 798 Mufica,
1171 760 1261 793 tam
1278 755 1485 793 subtiliter
1501 756 1701 803 inquisita
1717 757 1858 803 super-

216 810 343 848 struit.
368 811 488 848 Nam
508 823 588 849 nec
609 811 869 849 Latitudinis
892 811 1077 848 mutatio
1098 809 1153 847 ad
1174 809 1512 856 Longitudinem
1535 821 1634 847 eam
1656 810 1858 852 seruauit,

216 876 350 911 quam
373 865 550 908 assumit,
574 865 884 908 Harmoniam,
908 875 989 901 nec
1008 862 1098 910 ipsa
1119 862 1365 909 Longitudo
1385 862 1469 899 istis
1490 863 1675 910 Legibus
1695 863 1859 901 inclusa

216 922 318 955 erat.
335 917 438 955 Vult
454 919 572 955 enim
589 917 822 956 Cometam
843 917 1026 964 duplum
1046 917 1254 963 temporis
1275 917 1320 953 in
1341 916 1613 953 antecedenti
1629 916 1774 964 Signo,
1795 928 1858 954 re-

215 969 358 1017 spectu
366 973 564 1018 proxime
574 971 802 1018 sequentis,
812 971 972 1017 vbique
983 968 1207 1007 emensum
1217 967 1345 1006 fuisse.
1359 968 1491 1015 Quod
1500 981 1558 1007 an
1568 970 1858 1017 Experientiae

215 1023 457 1062 consonum
473 1024 530 1067 fit,
547 1024 804 1062 videbimus.

268 1077 474 1125 Ingressus
495 1077 550 1115 est
574 1083 599 1118 z
624 1078 724 1116 DIE
744 1078 805 1116 XI
826 1076 1108 1119 Nouembris,
1131 1075 1301 1113 seruata
1321 1080 1467 1113 motus
1487 1075 1550 1113 sui
1570 1076 1858 1123 regularitate,

215 1130 253 1167 &
269 1130 560 1169 consentiente
577 1131 933 1179 Landtgrauiana
950 1129 1279 1168 Obseruatione.
1301 1128 1371 1166 Ab
1391 1128 1476 1166 hoc
1493 1130 1672 1176 egressus
1689 1129 1743 1166 est
1759 1129 1859 1167 DIE

214 1183 319 1221 XXI
335 1184 615 1223 Nouembris.
633 1184 794 1222 Manfit
810 1186 957 1231 itaque
973 1185 1019 1221 in
1035 1182 1110 1220 illo
1127 1182 1260 1228 Signo
1276 1181 1429 1220 diebus
1445 1184 1621 1229 integris
1638 1183 1690 1220 10.
1712 1183 1860 1220 Postea

214 1237 314 1275 DIE
325 1237 407 1275 XV
419 1237 674 1276 Decembris
686 1238 869 1286 Signum
891 1239 928 1282 )(
951 1238 1141 1274 intrauit.
1160 1235 1310 1281 Quare
1326 1237 1371 1272 in
1387 1245 1429 1272 κα
1445 1236 1495 1273 24
1512 1236 1604 1273 dies
1620 1236 1858 1279 consumsit,

214 1292 289 1337 qui
306 1296 495 1337 quatuor
510 1291 662 1330 diebus
679 1291 864 1338 duplum
880 1292 974 1328 eius
992 1291 1212 1336 temporis,
1235 1300 1323 1336 quo
1339 1290 1385 1326 in
1405 1295 1430 1329 z
1449 1289 1716 1333 morabatur,
1738 1301 1859 1327 exce-

213 1343 333 1381 dunt.
355 1344 492 1382 Haud
509 1344 634 1382 aliter
648 1347 695 1382 in
710 1345 751 1382 21
768 1344 973 1392 gradibus
995 1345 1032 1387 )(
1056 1343 1252 1389 (vlterius
1269 1344 1387 1380 enim
1403 1342 1604 1390 progredi
1624 1343 1751 1380 nobis
1769 1355 1859 1381 non

214 1396 269 1434 est
284 1397 415 1443 visus)
432 1397 721 1442 absoluendis‚
739 1398 870 1445 vsque
882 1397 937 1435 ad
949 1396 1095 1435 XXVI
1107 1396 1301 1434 Ianuarii
1318 1395 1409 1433 dies
1425 1396 1466 1433 41
1484 1396 1723 1434 consumsit.
1741 1397 1798 1434 At
1814 1399 1859 1434 in

213 1450 392 1488 totidem
408 1451 699 1489 anterioribus
714 1451 919 1499 gradibus
939 1460 981 1487 w
1002 1450 1101 1497 (hos
1117 1451 1236 1487 enim
1253 1454 1469 1496 oporteret
1485 1449 1559 1487 fibi
1575 1451 1766 1487 inuicem
1783 1451 1859 1487 esse

213 1504 575 1551 proportionales,
593 1507 714 1543 iuxta
726 1504 909 1543 Roeslini
922 1502 1210 1551 Opinionem)
1225 1502 1266 1540 14
1278 1502 1427 1540 saltem
1438 1502 1591 1540 diebus
1603 1502 1858 1545 inhaerebat,

214 1559 337 1595 cuius
349 1557 534 1604 duplum
545 1558 640 1596 sunt
651 1558 702 1596 28
714 1558 818 1601 dies,
835 1569 926 1595 non
938 1557 992 1601 41,
1009 1556 1310 1595 deficientibus
1322 1556 1474 1594 diebus
1486 1556 1527 1594 13
1539 1568 1565 1594 a
1577 1558 1859 1603 proportione

213 1610 359 1658 dupla.
381 1611 537 1648 Videat
557 1613 685 1659 igitur
706 1611 939 1655 Roeshnus,
964 1621 1099 1658 quarn
1120 1611 1434 1648 conuenienter
1453 1608 1534 1647 has
1555 1612 1859 1657 proportiones

213 1663 412 1702 Cometae
428 1666 568 1702 motui
584 1664 836 1703 attribuerit.

265 1716 334 1755 Sic
350 1719 482 1755 etiam
499 1730 552 1756 ea
568 1730 668 1765 quae
685 1720 799 1756 circa
815 1717 1097 1765 Epicyclium‚
1119 1716 1237 1763 quod
1254 1716 1316 1753 illi
1333 1715 1511 1763 affingit,
1528 1721 1571 1754 vt
1588 1716 1804 1754 Stationes
1821 1716 1859 1754 8(

212 1770 620 1818 Retrogradationes
633 1774 726 1810 eius
741 1771 869 1818 (quas
881 1770 1026 1808 nullas
1037 1769 1210 1818 prorsus
1222 1769 1391 1815 habuit)
1405 1769 1551 1813 saluet,
1568 1769 1605 1807 &
1623 1781 1723 1807 cum
1734 1771 1858 1807 moti-

211 1823 292 1861 bus
314 1825 355 1867 Ψ,
382 1826 426 1861 in
452 1826 577 1862 cuius
602 1825 798 1872 Sphaera,
821 1823 1100 1862 Authoritate
1122 1823 1316 1870 Cornelij
1341 1822 1558 1864 Gemmae.
1583 1834 1684 1860 eum
1707 1823 1859 1861 frustra

211 1876 363 1919 statuit,
394 1877 545 1924 aliquo
570 1878 704 1916 modo
730 1877 1001 1916 conformem
1027 1876 1189 1918 reddat.
1219 1875 1350 1923 plane
1380 1878 1500 1913 irrita
1525 1875 1563 1913 8(
1588 1876 1724 1914 otiosa
1750 1876 1857 1920 sunt,

212 1930 589 1977 quemadmodum
605 1931 814 1978 pleraque
831 1930 930 1973 alia,
948 1942 1049 1977 quae
1065 1929 1286 1967 Roeslinus
1303 1929 1405 1967 huic
1422 1929 1621 1967 Cometae
1637 1931 1857 1976 incompe-

211 1987 349 2021 tenter
365 1984 568 2022 attribuit.
587 1985 885 2031 Nequaquam
902 1985 1020 2021 enim
1037 1995 1090 2021 ex
1106 1982 1235 2030 ipfius
1247 1983 1541 2030 Apparentijs,
1559 1994 1670 2029 quas
1687 1982 1857 2020 coelitus

211 2035 373 2074 habere
394 2037 813 2084 deprehendebatur,
835 2037 913 2075 nisi
934 2036 1093 2075 alicubi
1114 2035 1356 2074 admodum
1377 2035 1522 2074 coacte
1544 2035 1582 2073 8(
1602 2036 1690 2074 lato
1709 2037 1855 2079 modo,

210 2089 315 2127 talia
331 2090 522 2128 deriuari
538 2096 750 2138 poterant.

264 2143 429 2180 Verum
445 2143 513 2181 his
529 2144 813 2186 recensendis.
834 2145 993 2191 partim
1009 2142 1127 2190 quod
1143 2154 1236 2180 rem
1251 2141 1387 2189 ipsam
1404 2142 1742 2190 intelligentibus
1758 2142 1856 2180 satis

211 2195 412 2239 constent,
424 2199 583 2244 partim
593 2209 647 2235 ne
658 2199 788 2235 nimis
799 2196 1041 2243 scrupulose
1052 2198 1203 2234 omnia
1213 2195 1480 2239 trutinando,
1494 2196 1700 2243 carpendi
1711 2198 1856 2243 potius

210 2248 359 2291 studio,
376 2261 511 2297 quam
527 2250 730 2288 Veritatis
746 2249 1074 2288 manifestandae
1091 2248 1231 2292 causa,
1248 2248 1344 2286 haec
1361 2260 1593 2296 congerere
1610 2249 1772 2291 videar,
1792 2249 1855 2286 su-

209 2302 526 2349 persedendum
542 2304 667 2342 duco.
690 2304 848 2351 Neque
865 2305 984 2340 enim
1000 2302 1095 2340 haec
1112 2302 1213 2349 ipsa,
1233 2313 1333 2349 quae
1350 2313 1468 2340 nunc
1484 2302 1608 2340 aliter
1624 2302 1663 2340 se
1680 2302 1855 2344 habere.

210 2367 345 2402 quam
360 2368 387 2394 a
403 2356 600 2395 Roeslino
620 2357 791 2404 prolata
811 2356 918 2399 sunt,
940 2355 1145 2399 indicaui,
1166 2355 1255 2393 vlla
1275 2356 1369 2393 eius
1390 2354 1624 2394 insed’tandi
1643 2355 1713 2393 vel
1733 2355 1854 2403 sugil-

210 2408 330 2446 landi
346 2409 475 2447 causa
490 2422 517 2448 a
532 2421 603 2448 me
619 2409 807 2448 adducta
823 2406 837 2459 ΙΙ
853 2409 960 2453 sunt,
982 2408 1052 2447 sed
1068 2408 1217 2446 saltem
1232 2413 1275 2445 vt
1291 2413 1384 2446 tum
1401 2408 1488 2456 ipsi,
1510 2414 1603 2446 tum
1621 2408 1718 2456 alijs
1738 2414 1854 2456 pate-

209 2460 410 2506 facerem,
432 2461 528 2501 haec
549 2475 649 2501 cum
671 2463 768 2511 ipfis
786 2464 1067 2510 Apparentiis
1089 2473 1179 2499 non
1201 2473 1312 2504 earn,
1334 2473 1469 2508 quam
1490 2461 1760 2505 existimauit,
1783 2462 1854 2499 ob-

209 2515 373 2552 tinuisse
383 2519 726 2563 congruentiam.
738 2516 832 2554 Nec
842 2515 1004 2558 dubito,
1015 2517 1122 2562 quin
1132 2514 1308 2562 ipsemet
1318 2515 1577 2552 iamdudum
1587 2517 1633 2552 in
1641 2514 1855 2561 plerisque

1599 2568 1854 2605 sententiam
