2209 3213
131 836 161 861 10

129 1102 158 1126 15

138 1252 158 1284 .,

125 1368 158 1393 20

107 1521 172 1553 368

125 1635 158 1660 25

126 1902 159 1927 30

125 2168 158 2193 35

127 2434 161 2459 40

518 232 1040 274 RECENTIORIBUS
1060 230 1521 271 PHAENOMENIS
1767 228 1844 267 295

200 343 254 381 est
271 343 521 381 Hominum
537 341 713 379 infirma
730 342 914 384 Natura,
930 346 974 378 vt
990 351 1102 377 vnus
1120 339 1157 377 &
1174 339 1302 381 idem,
1325 339 1400 385 qui
1416 336 1657 384 aliquando
1674 347 1767 373 rem
1783 337 1845 383 ip-

198 396 289 434 sam
308 408 392 434 acu
413 396 473 442 (vt
493 395 577 433 dici
596 395 717 441 solet)
737 396 931 441 tetigerit,
953 393 1109 441 postea,
1132 395 1263 430 etiam
1284 391 1479 429 adhibita
1497 392 1592 437 pari
1608 389 1844 437 diligentia,

199 452 245 487 in
261 448 471 487 consimili
486 450 661 496 negotio
678 447 918 494 plurimum
934 458 961 484 a
977 446 1118 493 Scopo
1139 445 1318 483 deuiare
1339 444 1628 482 nihilominus
1649 443 1778 490 possit.
1801 441 1845 480 Si

198 508 347 541 tamen
369 502 441 540 ille
465 504 540 549 qui
561 501 751 539 Scientia
771 500 809 538 &
831 500 997 537 Iudicio
1017 499 1144 542 valet,
1166 497 1452 544 Veritatisque
1473 498 1639 534 Amore
1662 500 1844 539 tenetur,

198 556 358 594 alicubi
380 566 457 602 per
478 556 695 592 incuriam
716 553 952 595 deflexerit,
975 555 1021 589 in
1041 554 1160 589 viam
1180 552 1249 589 vel
1272 563 1348 598 per
1368 549 1653 597 semetipsum,
1677 548 1747 586 vel
1769 559 1845 595 per

198 609 308 647 alios
319 609 584 651 admonitus,
600 606 726 645 facile
738 610 987 648 reuocatum
1005 605 1122 652 quod
1138 606 1190 653 ijs
1207 606 1283 651 qui
1298 604 1366 642 his
1383 603 1680 646 destituuntur,
1698 602 1844 640 rarissi-

198 673 268 700 me
285 663 503 709 contingit.

252 715 369 753 Cum
388 716 536 762 itaque
557 714 721 752 videret
740 712 994 750 Thaddaeus
1014 713 1060 749 in
1081 711 1268 749 Cometa
1284 711 1405 748 Anni
1425 710 1488 753 80,
1510 721 1533 747 e
1555 710 1741 757 proprijs
1758 708 1844 746 Ob-

198 768 516 806 seruationibus
527 773 630 805 tunc
642 766 776 814 paulo
789 765 1049 813 diligentius,
1067 764 1105 802 8(
1121 764 1209 802 alia
1221 763 1437 801 Methodo
1451 762 1660 806 institutis,
1677 766 1845 799 tantam

198 834 289 860 non
305 823 539 869 prouenire
556 820 819 863 Parallaxin,
836 824 879 856 vt
896 818 1141 856 sublunaris
1157 817 1229 854 ille
1246 817 1464 860 euaderet,
1486 817 1612 863 caepit
1631 815 1731 852 inde
1747 826 1844 861 pro-

196 875 402 913 culdubio
425 874 555 912 altius
578 885 672 911 rem
695 883 874 910 omnem
897 871 1179 919 perpendere,
1203 870 1435 916 secumque
1459 869 1727 911 constituere,
1754 879 1845 905 non

195 928 334 966 solum
351 928 532 966 Nouam
549 926 741 970 Stellam,
761 925 830 963 sed
848 925 1056 963 Cometas
1073 925 1205 961 etiam
1221 925 1267 960 in
1282 923 1462 960 AEthere
1478 924 1689 970 generari,
1707 921 1745 958 &
1760 923 1843 968 pri-

196 993 293 1020 ores
318 980 722 1019 animaduersiones
744 981 790 1016 in
814 978 1000 1016 Cometa
1023 978 1144 1014 Anni
1169 977 1220 1015 77
1245 976 1320 1014 sub
1346 974 1611 1013 exactiorem
1635 976 1845 1013 trutinam

196 1046 424 1078 reuocans,
441 1033 726 1081 deprehendit
742 1031 940 1079 idipsum,
958 1031 1076 1078 quod
1093 1042 1119 1068 a
1135 1029 1262 1067 nobis
1277 1029 1473 1076 superius
1488 1027 1845 1066 Demonstratum

196 1088 263 1133 est,
285 1100 376 1126 non
392 1088 493 1125 inde
509 1087 641 1134 sequi,
659 1097 762 1124 eum
777 1085 892 1123 fuisse
909 1084 1023 1122 infra
1040 1084 1225 1126 Lunam,
1243 1083 1280 1120 8(
1297 1087 1387 1120 tam
1404 1082 1665 1123 euidentem,
1683 1086 1726 1118 vt
1741 1086 1843 1118 tunc

196 1141 471 1189 opinabatur,
488 1139 693 1178 admisisse
710 1138 973 1177 Parallaxin.

249 1195 345 1233 Fuit
363 1196 494 1232 etiam
510 1205 563 1231 eo
579 1194 760 1231 nomine
773 1203 799 1230 a
810 1203 880 1229 me
892 1203 969 1239 per
980 1191 1126 1228 literas
1138 1189 1269 1228 semel
1280 1194 1411 1236 atque
1423 1190 1580 1226 iterum
1593 1198 1843 1225 commone-

195 1247 344 1287 factus
366 1247 646 1294 Quapropter
661 1245 909 1293 diligentius
925 1244 1202 1282 consideratis
1219 1243 1437 1286 omnibus,
1455 1241 1492 1279 8(
1508 1253 1553 1279 re
1570 1241 1728 1279 melius
1748 1252 1841 1287 per—

195 1300 348 1349 speaa,
370 1302 658 1349 pertinaciter,
681 1304 725 1337 vt
747 1298 874 1336 multi
896 1298 1006 1336 alias
1028 1297 1205 1340 faciunt,
1229 1296 1328 1334 suos
1350 1295 1494 1343 lapsus
1516 1306 1607 1332 non
1627 1293 1841 1337 tuebatur,

195 1355 265 1393 sed
288 1354 443 1393 lubens
467 1353 505 1391 8(
526 1353 680 1391 volens
702 1353 885 1390 Veritati
907 1353 1066 1399 agnitae
1089 1350 1237 1388 locum
1259 1349 1386 1387 dedit.
1411 1348 1514 1395 Quo
1537 1348 1638 1386 sane
1662 1349 1842 1385 nomine

196 1410 318 1445 omni
337 1407 468 1446 laude
489 1407 727 1455 dignissima
746 1405 856 1443 mihi
877 1404 1072 1443 censetur
1091 1404 1185 1441 Viri
1204 1403 1338 1441 huius
1360 1402 1525 1440 fincera
1546 1403 1780 1448 integritas,
1804 1399 1842 1437 8(

196 1461 360 1500 candor
370 1460 578 1504 liberalis;
591 1471 614 1498 e
626 1459 784 1507 quibus
796 1458 894 1497 satis
905 1457 1127 1496 manifeste
1139 1461 1332 1504 apparet,
1346 1467 1448 1494 eum
1460 1466 1551 1493 non
1563 1454 1815 1496 ostentandi,
1828 1450 1842 1503 ΙΙ

196 1514 235 1552 8(
250 1514 542 1553 contendendi
558 1513 708 1557 studio,
725 1515 906 1550 inanem
917 1511 1102 1559 gloriam
1114 1522 1136 1548 e
1149 1510 1278 1548 rebus
1289 1509 1439 1547 saltem
1450 1508 1560 1552 scite,
1577 1507 1606 1545 fi
1622 1519 1714 1545 non
1730 1512 1842 1544 certe

195 1567 421 1616 propofitis
442 1567 502 1615 (vt
522 1578 684 1614 magna
703 1566 831 1604 turba
850 1564 1178 1612 Philosophiam
1201 1562 1500 1611 profitentium
1523 1573 1641 1599 nunc
1664 1558 1842 1606 faelitat)

195 1623 348 1660 venari
359 1621 550 1665 voluisse;
567 1624 698 1667 atque
710 1624 754 1657 vt
769 1618 853 1656 hoc
868 1620 962 1656 eius
979 1617 1231 1665 exemplum
1247 1618 1408 1654 imitari
1424 1627 1515 1653 non
1532 1613 1842 1657 erubescerent,

196 1677 271 1722 qui
287 1675 525 1712 Veritatem
541 1673 628 1711 siue
644 1673 836 1716 scientes,
857 1672 944 1709 siue
960 1683 1037 1719 per
1053 1671 1364 1719 Ignorantiam,
1385 1680 1476 1707 non
1492 1668 1632 1706 solum
1648 1669 1694 1705 in
1709 1666 1843 1704 Mun-

195 1728 312 1766 dana
337 1726 629 1775 Philosophia,
659 1726 730 1764 sed
760 1728 892 1764 etiarn
921 1727 967 1762 in
997 1725 1268 1762 Diuinorum
1293 1723 1564 1770 Dogmatum
1593 1720 1844 1768 expositrice

195 1781 451 1829 Theologia,
467 1786 557 1818 tam
573 1781 849 1828 pertinaciter
860 1780 1083 1826 captiuam
1094 1782 1254 1820 tenent,
1272 1775 1515 1824 optandum
1526 1774 1652 1818 foret;
1669 1785 1727 1812 an
1739 1784 1844 1811 vero

196 1834 459 1882 sperandum
475 1834 533 1879 sit,
550 1833 751 1871 nondum
767 1837 960 1880 apparet.

250 1888 367 1926 Cum
388 1890 535 1935 itaque
555 1898 674 1924 nunc
690 1886 868 1924 tandem
883 1885 982 1923 satis
997 1884 1211 1932 superque
1228 1895 1254 1922 a
1270 1882 1396 1920 nobis
1413 1881 1769 1920 Demonstratum
1786 1879 1844 1924 fit,

196 1953 249 1980 ea
272 1953 372 1989 quae
395 1939 670 1979 Doctissimus
693 1939 764 1977 ille
787 1938 1041 1976 Thaddaeus
1064 1937 1170 1975 olim
1193 1936 1324 1975 semel
1347 1941 1478 1983 atque
1503 1937 1661 1972 iterum
1685 1934 1737 1971 de
1760 1932 1844 1971 hoc

197 1994 384 2033 Cometa
399 1996 445 2032 in
461 1993 687 2041 publicum
699 1992 909 2036 emiserat,
926 2003 1018 2029 non
1028 1990 1224 2029 sufficere
1237 1990 1292 2028 ad
1303 1989 1595 2036 probandum,
1612 1987 1738 2025 illum
1751 1986 1844 2024 Ele-

196 2053 440 2086 mentarem
456 2047 585 2090 fuisse,
606 2046 676 2084 sed
692 2046 825 2083 huius
842 2046 1111 2083 contrarium
1127 2045 1272 2091 potius
1288 2043 1389 2081 inde
1405 2042 1541 2089 sequi;
1562 2043 1653 2079 imo
1671 2039 1846 2087 insuper

197 2113 250 2139 ex
262 2101 419 2139 eodem
429 2100 644 2143 Authore,
660 2100 797 2137 citatis
810 2100 903 2136 eius
915 2097 1057 2136 verbis
1070 2109 1092 2135 e
1104 2097 1327 2144 posteriori
1339 2095 1534 2143 quodam
1546 2094 1725 2142 Scripto‚
1743 2104 1845 2131 eum

198 2157 244 2192 in
263 2154 332 2192 his
353 2165 546 2192 errorem
564 2154 791 2201 proprium
807 2152 1036 2199 agnouisse,
1053 2151 1091 2188 &
1108 2151 1379 2189 Sententiam
1394 2151 1586 2196 priorem
1602 2147 1845 2185 inficiatum

197 2209 285 2251 esse,
311 2219 400 2246 vna
424 2207 638 2245 ostensum
663 2205 721 2249 fit,
747 2205 1008 2243 sufficienter
1031 2203 1069 2241 8(
1092 2204 1236 2242 debita
1261 2203 1485 2251 diligentia
1510 2200 1845 2248 comprobatum

196 2261 393 2305 arbitror,
416 2260 547 2308 ipsius
567 2259 894 2297 Authoritatem
918 2257 956 2295 8(
979 2257 1207 2301 Iudicium,
1232 2257 1445 2304 Opinioni
1468 2255 1521 2293 de
1545 2255 1744 2293 Cometae
1767 2253 1845 2291 situ

197 2314 474 2358 Elementari‚
485 2324 771 2360 nequaquam
781 2311 970 2359 amplius
980 2312 1256 2358 patrocinari.
1271 2310 1429 2357 Neque
1438 2308 1541 2346 hinc
1551 2307 1718 2355 aliquid
1727 2317 1845 2344 nunc

197 2368 376 2406 demum
389 2367 594 2405 obstaculi
605 2366 741 2410 restat,
754 2377 842 2412 quo
853 2367 1001 2402 minus
1013 2363 1309 2402 indubitanter
1318 2362 1579 2401 concludere
1591 2361 1730 2404 liceat,
1743 2371 1845 2397 eum

198 2421 325 2469 longe
341 2421 470 2468 supra
485 2420 659 2458 Lunam
675 2421 721 2456 in
737 2418 827 2466 ipso
843 2418 1053 2455 Altissimo
1069 2417 1261 2461 AEthere,
1283 2415 1661 2464 quemadmodum
1677 2425 1704 2451 a
1719 2413 1845 2451 nobis

198 2474 352 2522 Capite
363 2474 493 2512 Sexto
503 2472 872 2515 Demonstratum,
883 2471 921 2508 8(
930 2482 1007 2518 per
1016 2470 1207 2509 aliorum
1217 2469 1499 2517 quorundam
1506 2468 1846 2506 Obseruationes

197 2527 402 2575 deinceps
423 2526 733 2565 confirmatum
757 2525 824 2568 est,
849 2524 995 2562 cursus
1018 2524 1080 2562 sui
1101 2535 1305 2561 normam
1327 2522 1571 2560 exhibuisse.
1596 2521 1696 2559 Hoc
1719 2522 1846 2610 iggur

1732 2584 1757 2610 a
1791 2583 1843 2609 eo
