2209 3213
87 605 151 636 423

108 875 138 901 10

108 1142 137 1166 15

105 1407 139 1432 20

105 1673 138 1698 25

105 1938 138 1963 30

86 2092 151 2123 424

104 2204 137 2229 35

104 2469 138 2494 40

496 228 1019 268 RECENTIORIBUS
1039 229 1497 269 PHAENOMENIS
1743 230 1819 269 337

177 333 474 371 conclusiones
483 335 720 372 asseuerant
729 346 737 378 ;
747 335 982 382 praesertim
993 347 1093 373 cum
1102 338 1138 373 is
1148 338 1298 373 omnia
1308 348 1384 383 per
1390 336 1651 384 Triangulos
1660 348 1820 384 magna

177 386 410 434 diligentia,
432 387 470 425 &
489 386 758 425 subtilissimis
779 391 986 432 numeris,
1011 389 1324 427 Mathematice
1346 389 1616 433 demonstret,
1641 395 1680 427 vt
1701 389 1756 427 ob
1777 390 1819 427 id

176 440 294 486 apud
318 451 405 483 eos,
429 442 504 486 qui
527 451 615 487 qua
638 442 682 477 in
705 446 838 487 parte,
863 441 1228 479 Dedomenorum
1250 444 1367 486 vitio,
1392 454 1512 480 error
1534 443 1676 485 lateat,
1700 442 1819 481 haud

176 497 344 540 promte
367 492 632 540 dignoscunt,
656 492 788 530 fidem
811 500 951 532 ratam
972 506 1063 532 non
1084 494 1313 533 difficulter
1336 497 1575 542 promereri
1597 496 1726 542 possit.
1751 496 1820 533 Ne

176 547 304 593 igitur
318 547 505 592 penitior
520 546 690 583 Veritas
706 546 808 584 hinc
825 548 942 593 apud
958 548 1323 595 imprudentiores
1340 548 1619 596 naufragium
1637 545 1820 599 patere-u

175 603 256 643 tur,
278 610 369 636 non
385 599 462 636 abs
478 610 524 636 re
539 610 609 636 me
626 598 842 637 faeturum
863 600 1020 644 censui,
1041 600 1070 637 si
1090 600 1158 637 his
1175 601 1350 638 Sculteti
1367 602 1533 648 placitis
1551 602 1820 639 enucleatius

175 651 436 689 trutinandis
456 651 782 699 aliquantulum
803 654 1073 691 immorarer.
1096 653 1145 690 In
1161 653 1437 701 sequentibus
1452 654 1654 692 breuitati
1671 655 1819 692 consu-

175 703 275 749 lere,
293 707 552 752 oportunius
570 706 660 742 erit.

350 795 412 839 D.
435 795 764 839 ANDREAS
787 796 1145 840 NOLTHIVS
1167 797 1643 842 EIMBECENSIS.

269 863 413 901 ENIO
430 875 548 901 nunc
564 864 618 901 ad
636 862 869 902 Doetissimi
887 864 1191 902 Mathematici
1213 865 1267 902 D.
1285 866 1550 903 ANDREAE
1567 866 1819 904 NOLTHII

269 916 647 964 Libellum‚‘quem
659 917 901 955 Teutonico
919 917 956 955 &
972 918 1210 955 vernaculo
1228 918 1450 963 Idiomate‚
1468 919 1520 956 de
1537 919 1620 956 1100
1633 919 1819 958 Cometa

176 969 349 1016 Septem
366 969 594 1017 Capitibus
611 970 866 1018 complexus
883 970 948 1008 est.
972 971 1020 1008 In
1042 983 1231 1017 quorum
1248 971 1414 1017 Primo,
1437 972 1675 1018 quaestioni,
1699 973 1819 1020 quid-

175 1033 281 1060 nam
305 1022 383 1060 fint
406 1023 616 1067 Cometae‚
642 1023 718 1061 suo
744 1024 939 1070 quodam
961 1024 1095 1061 modo
1118 1024 1357 1071 respondet,
1381 1025 1452 1062 vbi
1475 1025 1755 1070 Aristoteleae,
1782 1025 1820 1063 8(

175 1077 465 1113 0011111111111101·
480 1081 665 1123 receptae
682 1078 893 1123 opinioni,
911 1077 964 1114 de
981 1088 1135 1114 eorum
1148 1089 1170 1115 e
1182 1077 1329 1115 Terrae
1342 1077 1457 1115 siccis
1470 1077 1507 1115 8(
1519 1079 1820 1126 pinguioribus

175 1128 541 1173 exhalationibus,
554 1131 600 1167 in
611 1129 862 1177 supremum
873 1131 1037 1167 Aerem
1048 1130 1234 1173 sublatis,
1247 1131 1496 1178 ibidemque
1509 1134 1820 1179 coagmentatis

176 1181 214 1219 8(
225 1181 424 1226 300011113,
440 1184 733 1230 generatione,
750 1184 968 1221 immerito
980 1183 1208 1221 subscribit,
1224 1185 1277 1221 In
1291 1183 1518 1229 Secundo,
1536 1184 1686 1222 causas
1698 1185 1819 1232 quas-

175 1235 277 1273 dam
293 1235 594 1283 Astrologicas,
617 1247 669 1273 ex
691 1236 926 1283 Eclipfibus
947 1236 985 1273 8(
1003 1236 1384 1275 coniunctionibus
1400 1237 1681 1275 Planetarum
1702 1244 1819 1275 ante-

176 1288 438 1332 cedentibus,
457 1288 746 1327 Generationi
761 1288 894 1327 huius
906 1289 1104 1327 Cometae
1120 1290 1361 1337 praetendit.
1378 1291 1430 1327 In
1449 1290 1610 1335 Tertio,
1628 1292 1679 1328 de
1691 1291 1820 1338 ipsius

176 1341 312 1385 cursu,
335 1341 547 1380 Generali
567 1342 772 1390 indagine
791 1343 846 1380 ad
865 1343 972 1380 Fixa
988 1342 1139 1381 Sidera
1160 1343 1310 1387 relato,
1331 1342 1498 1381 tradat:
1520 1344 1591 1381 vbi
1608 1344 1820 1382 Obserua-

175 1396 316 1432 tiones
339 1395 549 1442 quasdam
572 1395 701 1439 addit,
726 1407 748 1433 e
772 1395 930 1442 quibus
953 1395 1227 1443 postmodum
1251 1396 1448 1434 Cometae
1471 1397 1734 1441 Parallaxes,
1760 1398 1819 1435 di-

175 1447 373 1485 stantiam
389 1459 416 1485 a
431 1447 578 1492 Terra,
596 1448 634 1486 &
650 1448 1017 1496 Magnitudinem,
1039 1460 1191 1487 eruere
1210 1449 1442 1496 praesumit.
1465 1450 1577 1487 Haec
1593 1452 1711 1487 enim
1726 1452 1819 1495 tria,

175 1500 452 1548 sequentibus
472 1503 605 1539 ternis
626 1501 855 1549 Capitibus
875 1502 1121 1550 singulatim
1141 1505 1335 1550 exponit;
1357 1503 1622 1550 tandemque
1645 1505 1689 1540 in
1709 1503 1820 1552 Sep-

178 1553 288 1592 timo
303 1553 350 1592 ἇῑ
368 1554 547 1599 Vltimo,
564 1555 616 1592 de
633 1555 751 1592 illius
767 1554 989 1593 effectibus
1005 1555 1319 1603 Astrologicam
1334 1555 1661 1602 praedictionem
1678 1556 1819 1603 super-

175 1606 303 1645 struit.
329 1607 398 1645 De
421 1608 592 1646 duobus
615 1610 778 1655 primis,
804 1607 915 1646 nihil
938 1608 1021 1646 hoc
1044 1608 1142 1646 loco
1165 1607 1340 1646 301111113
1363 1609 1467 1651 111111,
1495 1621 1547 1646 00
1571 1610 1688 1656 quod
1711 1610 1820 1647 alias

175 1659 287 1707 saepe
299 1672 325 1698 a
336 1661 462 1699 nobis
474 1660 732 1706 ostendatur,
750 1673 802 1699 ea
818 1673 918 1709 quae
935 1661 1021 1699 illic
1037 1662 1297 1706 astruuntur,
1315 1662 1441 1710 longe
1459 1662 1582 1700 aliter
1593 1662 1633 1700 se
1645 1662 1819 1707 habere,

176 1713 214 1751 8(
226 1713 516 1761 Experientiae
528 1716 776 1762 rationique
788 1715 1052 1762 exquisitiori
1064 1727 1155 1753 non
1168 1727 1417 1763 congruere.
1434 1715 1502 1752 De
1514 1716 1677 1753 Vltimo
1690 1718 1821 1753 etiam

176 1766 343 1814 Capite,
361 1778 414 1805 eo
431 1768 549 1814 quod
560 1767 836 1815 Astrologicis
849 1779 920 1806 me
936 1768 1175 1806 immiscere
1188 1769 1338 1812 nolim,
1356 1781 1410 1806 ne
1422 1769 1653 1806 verbulum
1666 1769 1819 1807 dicam.

175 1819 244 1857 De
260 1821 312 1868 iJ’s
328 1826 476 1858 autem
492 1821 752 1868 potissimum
768 1821 1105 1868 disquisitionem
1121 1822 1351 1865 instituam,
1371 1833 1471 1868 quae
1488 1828 1676 1869 quatuor
1692 1824 1819 1860 inter-

174 1873 330 1921 medijs
347 1873 575 1921 Capitibus
592 1874 938 1922 comprehendit;
959 1875 1196 1922 praesertim
1211 1887 1328 1918 vero,
1348 1887 1448 1922 quae
1466 1875 1620 1922 Capite
1638 1875 1819 1921 Quarto,

176 1937 264 1973 quo
285 1927 340 1964 ad
361 1927 611 1965 Parallaxin
632 1929 726 1965 eius
746 1927 1114 1974 perscrutandam,
1135 1928 1309 1975 profert,
1330 1930 1376 1965 in
1398 1940 1485 1975 qua
1504 1928 1669 1975 Scopus
1690 1930 1820 1966 totius

175 1981 236 2016 rei
250 1981 450 2027 tangitur,
469 1980 507 2017 8(
523 1982 592 2018 0111
604 1980 785 2028 reliqua,
802 1986 1015 2028 tanquam
1027 1981 1328 2025 fundamento,
1345 1983 1602 2019 innituntur.
1621 1982 1732 2019 Haec
1744 1983 1819 2019 ita-

175 2044 259 2079 que
276 2044 393 2071 nunc
410 2033 554 2071 debito
571 2034 723 2071 ordine
741 2033 779 2071 &
794 2034 940 2078 modo,
959 2037 1243 2072 excutiamus.
1262 2031 1276 2084 ΙΙ

228 2085 458 2133 Postquam
474 2086 676 2124 Secundo
694 2087 848 2134 Capite
864 2089 1014 2135 pingui
1027 2088 1237 2125 Minerua
1248 2087 1303 2125 ad
1316 2088 1470 2125 Stellas
1482 2087 1610 2125 Fixas
1623 2087 1820 2125 Cometae

175 2138 346 2176 cursum
369 2140 647 2187 comparasset
671 2140 776 2187 (qua
798 2142 844 2178 in
866 2146 1000 2187 parte,
1025 2139 1289 2179 exacliorem
1311 2140 1348 2178 8(
1369 2140 1634 2178 subtiliorem
1656 2152 1733 2187 per
1754 2141 1819 2178 In-

174 2191 408 2230 strumenta
423 2193 584 2231 idonea
602 2194 1042 2237 animaduersionem,
1064 2206 1091 2231 a
1112 2194 1428 2232 Mathematico
1446 2196 1543 2241 quis
1559 2206 1649 2231 non
1666 2196 1820 2231 merito

174 2245 438 2292 requireret?
455 2257 555 2284 cum
571 2246 666 2284 haec
678 2248 866 2284 nimium
878 2247 1068 2295 vulgaris
1080 2247 1138 2291 sit,
1156 2247 1193 2284 8(
1210 2249 1350 2285 01111113
1362 2247 1601 2293 aliqualem
1613 2247 1820 2284 Fixarum

174 2300 375 2336 notitiam
395 2298 586 2343 habenti,
610 2299 772 2347 pateat)
794 2300 1013 2347 duplicem
1034 2312 1060 2338 a
1081 2300 1121 2338 se
1141 2299 1299 2338 factam
1322 2300 1683 2338 obseruationem
1705 2311 1819 2337 com-

174 2356 401 2395 memorat,
417 2364 552 2390 vnam
568 2354 614 2390 in
629 2355 843 2400 principio
860 2353 1127 2396 Decembris,
1145 2365 1221 2400 per
1238 2353 1437 2397 Radium,
1455 2364 1543 2400 quo
1560 2355 1653 2390 eius
1666 2353 1819 2400 Longi-

174 2404 372 2442 tudinem
387 2405 523 2443 visam
540 2406 769 2443 demensus
787 2406 853 2449 est,
875 2418 927 2444 ea
946 2406 1050 2454 lege,
1072 2412 1115 2443 vt
1132 2406 1489 2444 transuersarium
1505 2412 1611 2452 part.
1630 2406 1718 2448 204,
1741 2406 1819 2443 Ra-

175 2457 297 2495 dium
317 2459 363 2495 in
383 2459 605 2505 particulis
626 2459 703 2497 597
725 2461 958 2506 occuparit,
981 2471 1081 2497 cum
1097 2459 1251 2497 oculus
1269 2459 1466 2497 Cometae
1484 2459 1819 2506 Longitudinem

175 2512 406 2558 exciperet:
428 2511 670 2549 Altitudine
691 2512 821 2559 ipfius
841 2512 969 2559 supra
985 2512 1278 2550 Horizontem
1298 2518 1400 2550 tunc
1420 2512 1621 2549 existente
1638 2517 1743 2600 plart.
1761 2512 1818 2553 41;

279 2572 312 2597 43
1623 2565 1662 2601 A
1682 2570 1819 2601 teram
