2209 3213
346 224 421 260 208
839 219 921 255 DE
944 217 1168 255 MUNDI
1189 215 1491 253 AETHEREI

345 330 493 375 primis
515 324 861 363 commendabile
882 322 991 359 mihi
1013 321 1218 359 censetur.
1241 321 1280 358 Is
1296 323 1443 368 itaque
1460 321 1512 359 de
1529 321 1612 359 hoc
1629 322 1816 360 Cometa
1834 322 1984 361 Obser-

345 383 543 417 uationes
561 378 597 414 8(
616 376 1016 414 Demonstrationes
1037 374 1134 412 suas
1155 374 1414 411 iamdudum
1435 375 1685 421 publicauit,
1708 387 1817 422 quas
1834 375 1984 413 decem

345 432 570 479 Capitibus
594 430 847 476 complexus
871 428 937 465 est.
961 428 1125 464 Eorum
1147 438 1264 469 vero,
1289 438 1388 473 quae
1410 429 1455 464 in
1475 427 1542 464 his
1564 430 1852 472 continentur,
1876 440 1983 476 prae-

344 488 470 531 cipua
488 483 703 530 quaedam,
722 482 759 519 &
776 482 1033 528 potissimum
1046 480 1100 517 ad
1113 491 1205 517 rem
1217 479 1352 526 ipsam
1364 479 1579 523 facientia,
1596 486 1689 518 turn
1700 483 1811 519 inter
1822 482 1874 526 se,
1891 488 1984 519 tum

344 541 473 575 etiam
499 548 598 574 cum
624 535 773 572 nostris
798 532 1186 572 Obseruationibus
1211 532 1447 575 conferam,
1474 533 1511 570 8(
1533 533 1735 572 Veritatis
1760 537 1984 581 penitioris

343 589 626 627 enucleandae
643 590 790 634 gratia,
808 586 942 634 paulo
959 586 1205 633 diligentius
1222 586 1480 632 expendam.

396 642 604 680 CAPITE
621 640 818 681 PRIMO,
837 639 1077 677 Generalia
1093 639 1298 685 quaedam
1315 639 1367 676 de
1384 639 1462 676 fitu
1474 639 1511 676 8(
1523 640 1736 687 progressu
1752 639 1884 677 huius
1899 641 1982 678 Co-

342 702 480 738 metae,
504 700 596 731 tum
614 696 743 731 etiam
761 693 812 730 de
830 693 989 729 Forma
1005 691 1043 729 &
1059 692 1233 735 Colore,
1252 692 1493 739 caudaeque
1511 694 1604 729 eius
1621 691 1751 731 ductu
1766 696 1982 740 proponit,

342 749 489 795 qualia
513 759 565 784 ex
589 747 753 784 oculari
778 743 961 793 aspectu,
988 747 1128 791 prima
1151 744 1292 782 fronte
1315 745 1596 789 intuentibus,
1623 745 1661 782 8(
1684 745 1884 783 Siderum
1907 747 1982 784 ali-

341 802 517 848 qualem
538 800 758 837 Noticiam
782 798 1088 841 obtinentibus,
1112 798 1408 841 occurrebant,
1433 809 1621 845 quaeque
1642 811 1668 836 a
1689 799 1815 837 nobis
1838 801 1981 843 etiarn,

341 853 622 901 plurimisque
639 852 747 899 alijs,
765 852 804 889 se
820 854 878 889 ita
892 851 1054 889 habere
1067 851 1373 888 animaduersa
1385 851 1491 889 sunt.
1510 852 1556 889 Id
1567 851 1715 889 saltem
1729 863 1781 889 ex
1793 852 1983 890 aliorum

340 906 630 949 Authoritate‚
657 905 694 943 8(
720 907 840 942 iuxta
866 905 1252 951 Peripateticorum
1279 904 1560 951 Opinionem,
1590 905 1687 952 plus
1713 917 1847 952 quam
1872 917 1983 952 opus

341 966 442 1001 erat,
455 959 692 997 concedere
705 955 719 1007 ΙΙ
731 958 912 1000 videtur,
925 957 1036 995 alios
1046 957 1266 1000 Cometas,
1280 959 1354 1004 qui
1366 957 1658 1005 superioribus
1670 958 1870 996 aetatibus
1882 970 1982 996 con-

340 1012 465 1059 specti
481 1012 587 1055 sunt,
607 1012 661 1049 ab
679 1011 1010 1049 exhalationum
1027 1012 1210 1048 materia
1226 1010 1390 1048 sursum
1406 1016 1541 1058 rapta,
1563 1011 1601 1048 8(
1621 1010 1896 1049 inflammata
1912 1023 1982 1049 ex-

338 1067 466 1107 titisse,
480 1065 516 1102 8(
526 1077 637 1112 vago
649 1067 901 1111 incertoque
914 1069 1036 1101 motu
1048 1063 1290 1107 discurrisse,
1308 1064 1514 1110 quodque
1526 1064 1624 1102 ideo
1637 1064 1691 1102 ab
1703 1064 1786 1102 hoc
1797 1065 1983 1103 Cometa

338 1119 577 1166 plurimum
594 1117 849 1156 diuerfitatis
866 1117 1143 1154 obtinuerint.
1161 1117 1218 1154 At
1236 1128 1327 1164 ego,
1345 1128 1436 1154 non
1452 1117 1591 1154 solum
1607 1117 1725 1155 hunc
1742 1117 1811 1155 sed
1828 1129 1982 1156 omnes

338 1172 447 1209 alios
469 1172 688 1212 Cometas,
711 1172 785 1217 qui
806 1172 925 1217 prius
947 1170 1053 1208 Orbi
1076 1170 1325 1212 illuxerunt,
1350 1181 1634 1217 nequaquam
1656 1170 1924 1209 Sublunares
1946 1171 1983 1208 &

339 1225 635 1262 Elementares
649 1224 819 1261 extitisse
834 1223 991 1265 iudico,
1008 1222 1078 1260 sed
1090 1225 1135 1260 in
1147 1223 1236 1270 ipso
1249 1223 1524 1261 remotissimo
1537 1223 1712 1267 aethere,
1729 1235 1821 1261 non
1836 1226 1982 1262 minus

339 1290 472 1325 quam
484 1277 614 1320 hunc,
628 1277 798 1314 cursum
810 1276 883 1314 fibi
896 1276 1152 1314 naturaliter
1163 1276 1364 1319 inditum,
1377 1277 1596 1314 ordinarie
1610 1278 1850 1315 exercuisse.
1868 1277 1982 1324 Quae

338 1333 455 1368 enim
477 1343 529 1368 ex
551 1330 763 1377 Historijs‚
786 1330 837 1367 de
860 1330 1055 1367 Cometis
1075 1329 1348 1376 superiorum
1370 1329 1615 1367 seculorum
1638 1329 1906 1375 adferuntur,
1930 1342 1982 1368 ea

337 1396 427 1421 non
447 1384 542 1421 sunt
564 1383 786 1427 eiusmodi,
807 1388 850 1420 vt
872 1383 972 1420 inde
995 1383 1270 1429 comprobari
1291 1383 1420 1430 possit,
1445 1394 1503 1420 an
1523 1385 1569 1420 in
1591 1383 1776 1427 Coelesti,
1798 1383 1868 1421 vel
1890 1384 1982 1421 Ele-

336 1439 521 1475 mentari
539 1436 712 1474 Mundo
730 1437 957 1480 extiterint,
979 1435 1056 1473 nifi
1073 1435 1180 1473 forte
1198 1447 1298 1473 cum
1319 1436 1586 1483 praeiudicio,
1608 1436 1875 1474 Aristoteleae
1891 1438 1982 1474 Au—

336 1490 527 1527 thoritati
552 1489 711 1536 vbique
737 1488 994 1527 subscribere
1020 1489 1218 1527 velimus.
1250 1489 1407 1536 Neque
1433 1491 1551 1526 enim
1577 1491 1674 1536 quis
1699 1501 1752 1527 ex
1777 1489 1867 1537 ipsa
1892 1495 1983 1528 arte

336 1549 538 1590 certaque
561 1542 889 1585 Obseruatione,
913 1541 1015 1579 huic
1038 1541 1237 1589 pofitioni
1259 1544 1527 1580 contrarium
1551 1543 1655 1589 quid
1680 1542 1881 1587 ostendet,
1906 1543 1983 1580 nifi

336 1596 443 1634 forte
466 1596 621 1633 summi
645 1595 761 1633 illius
785 1594 1090 1633 Mathematici
1114 1595 1413 1633 IOHANNIS
1437 1595 1920 1640 REGIOMONTANI,
1945 1596 1982 1634 8(

335 1652 380 1686 in
391 1650 496 1687 Arte
508 1649 603 1693 hac,
621 1650 752 1686 etiam
765 1648 1015 1686 excellentis
1026 1648 1130 1692 Viri,
1149 1648 1448 1686 IOHANNIS
1459 1648 1748 1687 VOGELINI
1760 1649 1980 1687 Viennen-

335 1702 385 1739 fis
409 1702 712 1740 Mathematici
737 1701 1088 1745 Obseruationes,
1112 1702 1238 1739 nobis
1261 1713 1484 1749 opponere
1507 1702 1622 1745 velit,
1649 1713 1748 1749 quae
1772 1714 1860 1749 quo
1884 1702 1980 1740 loco

335 1755 550 1793 habendae
570 1757 761 1797 veniant,
786 1754 823 1792 8(
847 1760 1061 1802 quantum
1084 1754 1168 1792 illis
1189 1755 1470 1793 tribuendum
1490 1754 1548 1799 fit,
1572 1755 1676 1793 alibi
1697 1757 1980 1802 oportuniore

335 1808 431 1845 loco
448 1809 622 1846 vberius
639 1808 882 1846 declarabo.
901 1808 947 1845 Id
963 1807 1113 1846 saltem
1129 1807 1200 1846 hic
1216 1808 1405 1846 breuiter
1420 1808 1635 1852 indicabo,
1648 1808 1849 1856 Vogelini
1866 1809 1978 1853 data,

336 1873 358 1898 e
372 1861 529 1908 quibus
541 1861 790 1899 Parallaxin
807 1872 958 1899 eruere
975 1861 1228 1905 conabatur,
1246 1873 1337 1899 non
1353 1861 1468 1899 fuisse
1485 1860 1647 1905 exacta,
1666 1861 1703 1899 8(
1720 1861 1978 1909 Regiomon-

336 1920 501 1957 tanum,
518 1916 661 1961 potius
673 1914 929 1952 Aristotelea
940 1914 1217 1952 Authoritate
1234 1913 1473 1958 inductum,
1490 1914 1740 1952 Parallaxin
1752 1914 1776 1952 6
1789 1917 1979 1962 partium

336 1967 533 2005 Cometae
546 1968 666 2004 Anni
679 1968 772 2005 1475
783 1967 1005 2014 assignasse,
1019 1979 1153 2014 quam
1165 1968 1283 2015 quod
1296 1979 1318 2005 e
1331 1969 1455 2005 certis
1466 1967 1866 2012 obseruationibus,
1880 1979 1979 2005 earn

336 2020 450 2057 fuisse
466 2026 645 2064 tantam,
663 2022 767 2058 citra
783 2031 914 2057 omne
931 2021 1114 2058 dubium
1126 2025 1329 2068 expertus
1340 2020 1397 2058 fit.
1415 2020 1509 2058 Nec
1521 2023 1639 2058 enirn
1652 2020 1978 2065 Mathematice,

337 2084 358 2110 e
376 2075 500 2110 certis
517 2072 916 2116 obseruationibus,
934 2085 1026 2111 rem
1043 2085 1234 2117 ornnem,
1250 2079 1293 2111 vt
1310 2074 1464 2117 decuit,
1482 2073 1803 2111 demonstrauit.
1826 2073 1909 2112 Sed
1926 2074 1978 2112 de

336 2125 403 2163 his
429 2126 489 2172 (vt
515 2126 619 2171 dixi)
646 2126 733 2163 alio
758 2126 855 2163 loco
882 2127 1156 2164 commodius
1179 2127 1283 2174 quid
1306 2126 1499 2170 sentiam,
1525 2126 1737 2173 latiusque
1762 2127 1977 2165 indicabo.

336 2178 539 2216 Aliorum
568 2180 714 2226 itaque
739 2181 883 2226 potius
908 2179 1177 2218 Authoritati
1202 2182 1381 2217 innixus
1406 2180 1469 2217 M.
1495 2179 1691 2217 Michael
1718 2179 1977 2223 Moestlinus,

336 2231 546 2278 quosdam
563 2232 782 2275 Cometas,
800 2232 906 2269 olim
922 2232 1220 2271 Elementares
1236 2233 1420 2276 extitisse‚
1438 2232 1475 2270 &
1492 2232 1636 2270 adhuc
1652 2232 1746 2270 fieri
1762 2233 1884 2280 posse,
1905 2234 1977 2271 ad-

336 2284 456 2328 misit,
474 2296 607 2331 quam
625 2285 741 2331 quod
759 2290 920 2322 certam
936 2285 1144 2332 aliquam,
1167 2285 1204 2323 8(
1225 2285 1527 2328 indubitatam,
1549 2286 1601 2323 de
1617 2285 1685 2323 his
1703 2285 1977 2323 Obseruatio-

336 2349 449 2381 nem,
468 2337 505 2374 &
522 2337 623 2374 huic
639 2339 837 2375 innixam
854 2338 1293 2383 Demonstrationem,
1310 2339 1516 2376 assecutus
1532 2338 1671 2376 fuerit.

388 2390 616 2436 Quantum
627 2390 681 2427 ad
693 2391 844 2427 caudae
855 2390 986 2428 huius
997 2391 1194 2429 Cometae
1205 2390 1382 2430 duc‘tum
1392 2393 1554 2433 attinet,
1565 2403 1666 2429 eum
1676 2390 1833 2429 rectius
1843 2403 1978 2439 quam

334 2443 530 2490 plerique
548 2443 618 2490 alij
638 2443 752 2480 hanc
769 2455 860 2480 non
876 2443 986 2481 redte
1003 2446 1048 2481 in
1063 2445 1278 2492 Oppofitas
1290 2444 1381 2483 Soli
1392 2449 1534 2492 partes
1548 2444 1607 2490 (vt
1619 2446 1664 2481 in
1676 2445 1881 2482 omnibus
1894 2445 1977 2483 Co-

334 2498 460 2533 metis
480 2495 587 2539 fieri,
609 2496 708 2533 inde
725 2496 779 2533 ab
796 2496 1023 2535 APIANO
1041 2497 1078 2535 8(
1096 2497 1327 2535 GEMMA
1344 2494 1358 2547 ΙΙ
1375 2497 1558 2535 FRISIO
1576 2503 1797 2545 receptum
1814 2497 1893 2588 estc)1
1907 2509 1976 2588 {x-

1792 2556 1864 2588 ten
1897 2553 1909 2588 i
1941 2562 1976 2595 e,

2025 812 2054 836 10

2007 965 2070 996 247

2024 1078 2054 1102 15

2020 1343 2054 1367 20

2021 1609 2054 1633 25

2019 1652 2039 1683 †

2017 1874 2050 1898 30

2016 1971 2036 2001 ἦ·

2016 2140 2050 2164 35

2015 2404 2049 2429 40

2002 2504 2066 2535 248
