2209 3213
481 195 1003 235 RECENTIORIBUS
1024 192 1483 234 PHAENOMENIS
1738 190 1805 228 103

77 313 137 344 117
161 304 272 343 PRO
300 302 684 349 INQUIRENDA
712 302 1105 341 DIFFERENTIA
1132 297 1588 339 DISTANTIARUM
1615 295 1806 335 COME-

221 365 310 403 TAE
330 365 408 403 AB
430 364 544 403 ORE
564 364 787 409 PEGASI,
808 364 894 402 AD
915 362 1204 403 DIUERSAS
1225 361 1410 400 DATAS
1431 358 1645 403 HORAS,
1667 357 1746 396 EX

356 426 783 465 PARALLAXEOS
804 426 1158 465 MUTATIONE
1178 421 1611 463 PROUENIENTE.

164 496 600 590 PERUENIMUS
624 509 742 536 nunc
766 497 993 536 successiuo
1019 496 1150 536 dudtu
1173 501 1387 543 tanquam
1409 492 1563 531 Thesei
1588 491 1663 529 filo
1688 493 1807 528 viam

109 566 125 591 5
247 550 511 598 pedetentim
530 552 642 588 inter
661 550 881 589 anfradlus
902 552 1058 589 obuios
1077 549 1394 597 inuestigantes,
1416 546 1471 585 ad
1489 545 1691 583 Vltimum
1707 544 1806 582 Sco-

161 615 268 652 pum
292 602 559 651 propofitum
584 606 662 642 rite
687 604 1000 652 attingendum,
1024 603 1234 646 videlicet,
1257 607 1301 639 vt
1323 606 1506 647 vtraque
1532 598 1730 636 distantia
1752 597 1807 634 ad

162 656 332 695 diuersa
352 661 552 703 tempora
574 657 628 695 ab
650 657 738 696 Ore
759 657 904 705 Pegasi
924 657 1216 705 cognoscatur,
1240 665 1375 702 quam
1395 651 1676 691 Parallaxeos
1696 652 1807 688 ratio

162 712 208 748 in
219 711 492 748 concauitate
505 709 701 756 Sphaerae
713 711 901 749 Lunaris
911 712 1107 758 ingerere
1118 713 1298 756 poterat.
1316 707 1377 745 Sit
1388 708 1535 752 itaque
1546 706 1592 742 in
1605 704 1808 751 assignata

162 763 453 811 Figuratione‚
474 762 616 804 Arcus
637 763 802 802 Circuli
819 764 1018 802 Cometae
1038 762 1217 806 BEFG,
1239 763 1363 799 cuius
1382 758 1515 797 Polus
1530 756 1741 795 Australis
1761 755 1808 793 fit

98 1908 129 1934 lo
164 1897 211 1933 in
226 1895 286 1940 H,
303 1894 341 1933 &
357 1891 601 1932 Intersedtio
618 1891 748 1939 ipfius
764 1902 865 1929 cum
881 1890 1089 1938 Ecliptica
1103 1890 1150 1929 fit
1165 1892 1211 1928 in
1228 1890 1283 1935 G,
1305 1892 1350 1928 in
1369 1902 1457 1937 quo
1474 1890 1596 1928 locus
1612 1889 1811 1928 Cometae

165 1948 220 1987 ad
231 1950 419 1996 primam
432 1946 797 1986 obseruationem
808 1947 854 1982 in
866 1944 910 1989 F,
926 1944 982 1982 ad
993 1943 1273 1991 posteriorem
1287 1945 1332 1981 in
1345 1943 1391 1987 E,
1403 1955 1492 1991 quo
1504 1943 1559 1982 ad
1571 1945 1810 1986 veritatem,

164 2001 235 2040 sed
250 2001 374 2039 locus
389 2000 504 2038 visus
521 2011 574 2037 ex
591 1998 808 2037 Parallaxi
825 1999 943 2045 prior
960 1997 1323 2045 praesupponatur
1338 1998 1385 2034 in
1401 1997 1456 2041 D,
1477 1996 1683 2045 posterior
1699 1998 1745 2034 in
1761 1996 1811 2040 C,

82 2061 142 2093 118
166 2055 308 2093 Locus
332 2054 432 2093 Oris
455 2052 600 2100 Pegafi
622 2050 813 2099 respeelu
835 2052 920 2089 viae
944 2050 1143 2088 Cometae
1164 2047 1178 2100 ΙΙ
1199 2050 1246 2088 fit
1268 2052 1313 2088 in
1331 2050 1385 2095 A,
1408 2050 1713 2097 ducanturque
1736 2060 1813 2096 per

165 2107 262 2146 haec
281 2109 364 2146 tria
383 2107 481 2145 loca
501 2105 781 2152 Quadrantes
802 2103 967 2142 Circuli
987 2104 1042 2142 ad
1063 2106 1182 2142 viam
1203 2103 1415 2148 Cometae,
1439 2108 1568 2151 prout
1588 2105 1634 2140 in
1655 2103 1813 2150 Figura

100 2173 129 2199 1⁵
166 2165 298 2209 patet;
323 2160 469 2208 Cupio
491 2159 594 2197 scire
614 2158 782 2196 Arcum
804 2157 892 2195 AD
914 2156 953 2194 &
972 2156 1054 2195 AC
1075 2157 1295 2195 distantias
1314 2156 1514 2204 Vtrasque
1536 2156 1735 2195 Cometae
1758 2155 1812 2193 ab

167 2214 255 2253 Ore
271 2213 429 2262 Pegafi,
447 2223 688 2259 earumque
705 2210 984 2249 differentias.

220 2267 337 2306 Cum
352 2269 499 2314 itaque
515 2268 561 2304 in
576 2264 817 2312 Triangulo
834 2263 991 2308 HAD,
1008 2263 1210 2311 Angulus
1227 2263 1283 2301 ad
1299 2263 1345 2301 H
1362 2263 1532 2307 constet,
1549 2263 1592 2301 P.
1604 2262 1659 2300 21.
1672 2262 1735 2299 M.
1749 2261 1812 2299 20.

167 2320 208 2359 S.
224 2320 275 2358 42
298 2320 371 2367 (est
392 2321 510 2357 enim
530 2318 776 2357 differentia
796 2317 1099 2365 Longitudinis
1119 2316 1221 2355 visae
1243 2317 1454 2361 Cometae,
1476 2328 1502 2355 a
1523 2315 1813 2363 Longitudine

169 2373 269 2412 Oris
288 2373 446 2421 PegaH,
467 2370 659 2420 resped'tu
678 2373 763 2409 viae
781 2371 992 2413 Cometae,
1014 2381 1202 2417 cumque
1224 2370 1470 2418 Longitudo
1487 2369 1588 2408 Oris
1603 2368 1748 2416 Pegafi
1768 2367 1814 2405 fit

100 2438 132 2464 20
168 2428 287 2474 prius
307 2426 421 2470 data,
442 2426 485 2464 P.
502 2425 565 2464 67.
586 2425 650 2463 Μ.
667 2425 704 2469 4,
726 2423 764 2462 8(
785 2423 1032 2472 Longitudo
1053 2423 1252 2462 Cometae
1272 2423 1374 2468 visa,
1395 2423 1438 2461 P.
1454 2423 1518 2461 45.
1540 2422 1604 2460 M.
1620 2422 1683 2459 43.
1701 2421 1741 2459 S.
1759 2421 1812 2463 18,

167 2481 371 2527 prouenit
390 2481 438 2523 is,
460 2490 594 2526 quem
609 2478 812 2522 diximus,
833 2476 1053 2525 Angulus)
1075 2476 1280 2524 Cumque
1297 2477 1430 2515 Latus
1446 2476 1542 2514 HD
1563 2475 1610 2513 fit
1625 2474 1813 2521 comple-

1615 2532 1813 2565 mentum
