<?xml version="1.0" encoding="UTF-8"?>
<!DOCTYPE html PUBLIC "-//W3C//DTD XHTML 1.0 Transitional//EN"
    "http://www.w3.org/TR/xhtml1/DTD/xhtml1-transitional.dtd">
<html xmlns="http://www.w3.org/1999/xhtml" xml:lang="en" lang="en">
 <head>
  <title>
</title>
<meta http-equiv="Content-Type" content="text/html;charset=utf-8" />
  <meta name='ocr-system' content='tesseract 3.04.00' />
  <meta name='ocr-capabilities' content='ocr_page ocr_carea ocr_par ocr_line ocrx_word'/>
</head>
<body>
  <div class='ocr_page' id='page_1' title='image "./operaomniaedidit04brahuoft_0328.png"; bbox 0 0 2209 3213; ppageno 0'>
   <div class='ocr_carea' id='block_1_1' title="bbox 362 224 1501 269">
    <p class='ocr_par' dir='ltr' id='par_1_1' title="bbox 362 224 1501 269">
     <span class='ocr_line' id='line_1_1' title="bbox 362 224 1501 269; baseline -0.007 -1"><span class='ocrx_word' id='word_1_1' title='bbox 362 234 427 269; x_wconf 80' lang='lat'>310</span> <span class='ocrx_word' id='word_1_2' title='bbox 851 227 932 263; x_wconf 89' lang='lat' dir='ltr'>DE</span> <span class='ocrx_word' id='word_1_3' title='bbox 955 225 1179 263; x_wconf 91' lang='lat' dir='ltr'><strong>MUNDI</strong></span> <span class='ocrx_word' id='word_1_4' title='bbox 1201 224 1501 261; x_wconf 90' lang='lat' dir='ltr'><strong>AETHEREI</strong></span> 
     </span>
    </p>
   </div>
   <div class='ocr_carea' id='block_1_2' title="bbox 353 329 1997 2452">
    <p class='ocr_par' dir='ltr' id='par_1_2' title="bbox 356 329 1997 962">
     <span class='ocr_line' id='line_1_2' title="bbox 360 329 1995 383; baseline -0.004 -10"><span class='ocrx_word' id='word_1_5' title='bbox 360 350 441 383; x_wconf 69' lang='lat' dir='ltr'>quc</span> <span class='ocrx_word' id='word_1_6' title='bbox 466 336 611 372; x_wconf 85' lang='lat' dir='ltr'>saltem</span> <span class='ocrx_word' id='word_1_7' title='bbox 636 333 814 371; x_wconf 89' lang='lat' dir='ltr'>dimidio</span> <span class='ocrx_word' id='word_1_8' title='bbox 838 331 1037 378; x_wconf 90' lang='lat' dir='ltr'>scrupulo</span> <span class='ocrx_word' id='word_1_9' title='bbox 1061 331 1182 368; x_wconf 88' lang='lat' dir='ltr'>suam</span> <span class='ocrx_word' id='word_1_10' title='bbox 1208 330 1333 368; x_wconf 90' lang='lat' dir='ltr'>facile</span> <span class='ocrx_word' id='word_1_11' title='bbox 1358 335 1632 376; x_wconf 85' lang='lat' dir='ltr'>promerente</span> <span class='ocrx_word' id='word_1_12' title='bbox 1659 329 1995 374; x_wconf 89' lang='lat' dir='ltr'>excusationem,</span> 
     </span>
     <span class='ocr_line' id='line_1_3' title="bbox 359 381 1995 432; baseline -0.004 -6"><span class='ocrx_word' id='word_1_13' title='bbox 359 390 410 426; x_wconf 89' lang='lat' dir='ltr'>ab</span> <span class='ocrx_word' id='word_1_14' title='bbox 439 401 489 425; x_wconf 87' lang='lat' dir='ltr'>ea</span> <span class='ocrx_word' id='word_1_15' title='bbox 515 386 847 432; x_wconf 78' lang='lat' dir='ltr'>intercapedine,</span> <span class='ocrx_word' id='word_1_16' title='bbox 872 396 1005 431; x_wconf 92' lang='lat' dir='ltr'>quam</span> <span class='ocrx_word' id='word_1_17' title='bbox 1031 396 1106 431; x_wconf 90' lang='lat' dir='ltr'>per</span> <span class='ocrx_word' id='word_1_18' title='bbox 1130 383 1492 421; x_wconf 90' lang='lat' dir='ltr'>Obseruationem</span> <span class='ocrx_word' id='word_1_19' title='bbox 1517 381 1630 421; x_wconf 75' lang='lat' dir='ltr'>nac&#39;ti</span> <span class='ocrx_word' id='word_1_20' title='bbox 1654 382 1814 426; x_wconf 90' lang='lat' dir='ltr'>sumus,</span> <span class='ocrx_word' id='word_1_21' title='bbox 1841 382 1995 421; x_wconf 88' lang='lat' dir='ltr'>deficit.</span> 
     </span>
     <span class='ocr_line' id='line_1_4' title="bbox 359 436 1996 485; baseline -0.003 -7"><span class='ocrx_word' id='word_1_22' title='bbox 359 442 480 478; x_wconf 78' lang='lat' dir='ltr'>Vnde</span> <span class='ocrx_word' id='word_1_23' title='bbox 498 441 593 477; x_wconf 86' lang='lat' dir='ltr'>satis</span> <span class='ocrx_word' id='word_1_24' title='bbox 610 440 821 485; x_wconf 86' lang='lat' dir='ltr'>superque</span> <span class='ocrx_word' id='word_1_25' title='bbox 838 438 984 484; x_wconf 89' lang='lat' dir='ltr'>liquet,</span> <span class='ocrx_word' id='word_1_26' title='bbox 1002 448 1092 474; x_wconf 92' lang='lat' dir='ltr'>non</span> <span class='ocrx_word' id='word_1_27' title='bbox 1108 436 1247 474; x_wconf 90' lang='lat' dir='ltr'>solum</span> <span class='ocrx_word' id='word_1_28' title='bbox 1263 436 1507 474; x_wconf 86' lang='lat' dir='ltr'>distantiam</span> <span class='ocrx_word' id='word_1_29' title='bbox 1519 448 1545 474; x_wconf 94' lang='lat' dir='ltr'>a</span> <span class='ocrx_word' id='word_1_30' title='bbox 1557 436 1682 474; x_wconf 91' lang='lat' dir='ltr'>nobis</span> <span class='ocrx_word' id='word_1_31' title='bbox 1696 436 1996 479; x_wconf 89' lang='lat' dir='ltr'>adinuentam‚</span> 
     </span>
     <span class='ocr_line' id='line_1_5' title="bbox 358 488 1995 537; baseline -0.003 -6"><span class='ocrx_word' id='word_1_32' title='bbox 358 494 571 531; x_wconf 67' lang='lat' dir='ltr'>rec‘tissime</span> <span class='ocrx_word' id='word_1_33' title='bbox 589 493 627 529; x_wconf 93' lang='lat' dir='ltr'>se</span> <span class='ocrx_word' id='word_1_34' title='bbox 645 492 817 533; x_wconf 88' lang='lat' dir='ltr'>habere,</span> <span class='ocrx_word' id='word_1_35' title='bbox 838 491 907 528; x_wconf 91' lang='lat' dir='ltr'>sed</span> <span class='ocrx_word' id='word_1_36' title='bbox 928 492 1058 527; x_wconf 91' lang='lat' dir='ltr'>etiam</span> <span class='ocrx_word' id='word_1_37' title='bbox 1076 489 1388 536; x_wconf 86' lang='lat' dir='ltr'>Longitudines</span> <span class='ocrx_word' id='word_1_38' title='bbox 1405 489 1442 526; x_wconf 99' lang='grc'>8(</span> <span class='ocrx_word' id='word_1_39' title='bbox 1459 489 1728 527; x_wconf 87' lang='lat' dir='ltr'>Latitudines</span> <span class='ocrx_word' id='word_1_40' title='bbox 1748 488 1995 537; x_wconf 87' lang='lat' dir='ltr'>praesuppo-</span> 
     </span>
     <span class='ocr_line' id='line_1_6' title="bbox 358 542 1996 588; baseline -0.002 -5"><span class='ocrx_word' id='word_1_41' title='bbox 358 548 463 587; x_wconf 79' lang='lat' dir='ltr'>sitas.</span> <span class='ocrx_word' id='word_1_42' title='bbox 487 548 530 582; x_wconf 89' lang='lat' dir='ltr'>in</span> <span class='ocrx_word' id='word_1_43' title='bbox 552 545 663 582; x_wconf 87' lang='lat' dir='ltr'>hisce</span> <span class='ocrx_word' id='word_1_44' title='bbox 684 544 853 581; x_wconf 90' lang='lat' dir='ltr'>duabus</span> <span class='ocrx_word' id='word_1_45' title='bbox 871 544 1023 585; x_wconf 89' lang='lat' dir='ltr'>Stellis,</span> <span class='ocrx_word' id='word_1_46' title='bbox 1045 554 1145 585; x_wconf 86' lang='lat' dir='ltr'>vna,</span> <span class='ocrx_word' id='word_1_47' title='bbox 1167 544 1288 579; x_wconf 93' lang='lat' dir='ltr'>omni</span> <span class='ocrx_word' id='word_1_48' title='bbox 1309 553 1456 580; x_wconf 87' lang='lat' dir='ltr'>carere</span> <span class='ocrx_word' id='word_1_49' title='bbox 1472 544 1588 580; x_wconf 89' lang='lat' dir='ltr'>vitio.</span> <span class='ocrx_word' id='word_1_50' title='bbox 1611 542 1759 588; x_wconf 89' lang='lat' dir='ltr'>Quam</span> <span class='ocrx_word' id='word_1_51' title='bbox 1775 554 1879 580; x_wconf 86' lang='lat' dir='ltr'>vero</span> <span class='ocrx_word' id='word_1_52' title='bbox 1900 542 1996 580; x_wconf 86' lang='lat' dir='ltr'>haec</span> 
     </span>
     <span class='ocr_line' id='line_1_7' title="bbox 357 595 1996 643; baseline -0.002 -6"><span class='ocrx_word' id='word_1_53' title='bbox 357 600 530 637; x_wconf 84' lang='lat' dir='ltr'>Sculteti</span> <span class='ocrx_word' id='word_1_54' title='bbox 549 596 935 636; x_wconf 89' lang='lat' dir='ltr'>Obseruationibus</span> <span class='ocrx_word' id='word_1_55' title='bbox 956 607 1239 643; x_wconf 83' lang='lat' dir='ltr'>nequaquam</span> <span class='ocrx_word' id='word_1_56' title='bbox 1257 601 1510 643; x_wconf 86' lang='lat' dir='ltr'>congruant,</span> <span class='ocrx_word' id='word_1_57' title='bbox 1533 595 1570 633; x_wconf 86' lang='lat'>&amp;</span> <span class='ocrx_word' id='word_1_58' title='bbox 1591 607 1726 642; x_wconf 90' lang='lat' dir='ltr'>quam</span> <span class='ocrx_word' id='word_1_59' title='bbox 1746 600 1893 642; x_wconf 91' lang='lat' dir='ltr'>aperte</span> <span class='ocrx_word' id='word_1_60' title='bbox 1910 595 1996 633; x_wconf 94' lang='lat' dir='ltr'>De-</span> 
     </span>
     <span class='ocr_line' id='line_1_8' title="bbox 356 647 1997 693; baseline -0.002 -4"><span class='ocrx_word' id='word_1_61' title='bbox 356 652 600 693; x_wconf 88' lang='lat' dir='ltr'>monstrent,</span> <span class='ocrx_word' id='word_1_62' title='bbox 620 656 711 687; x_wconf 90' lang='lat' dir='ltr'>tum</span> <span class='ocrx_word' id='word_1_63' title='bbox 728 650 946 687; x_wconf 85' lang='lat' dir='ltr'>distantias</span> <span class='ocrx_word' id='word_1_64' title='bbox 964 649 1161 687; x_wconf 86' lang='lat' dir='ltr'>Cometae</span> <span class='ocrx_word' id='word_1_65' title='bbox 1178 660 1204 686; x_wconf 92' lang='lat' dir='ltr'>a</span> <span class='ocrx_word' id='word_1_66' title='bbox 1220 647 1341 687; x_wconf 66' lang='lat' dir='ltr'>dietis</span> <span class='ocrx_word' id='word_1_67' title='bbox 1357 648 1510 691; x_wconf 90' lang='lat' dir='ltr'>Stellis,</span> <span class='ocrx_word' id='word_1_68' title='bbox 1532 654 1625 686; x_wconf 91' lang='lat' dir='ltr'>tum</span> <span class='ocrx_word' id='word_1_69' title='bbox 1641 650 1773 686; x_wconf 90' lang='lat' dir='ltr'>etiam</span> <span class='ocrx_word' id='word_1_70' title='bbox 1789 648 1997 686; x_wconf 84' lang='lat' dir='ltr'>Fixarum</span> 
     </span>
     <span class='ocr_line' id='line_1_9' title="bbox 357 701 1997 750; baseline -0.002 -7"><span class='ocrx_word' id='word_1_71' title='bbox 357 709 464 743; x_wconf 87' lang='lat' dir='ltr'>inter</span> <span class='ocrx_word' id='word_1_72' title='bbox 481 705 532 747; x_wconf 85' lang='lat' dir='ltr'>se,</span> <span class='ocrx_word' id='word_1_73' title='bbox 550 704 706 750; x_wconf 90' lang='lat' dir='ltr'>quibus</span> <span class='ocrx_word' id='word_1_74' title='bbox 723 709 837 740; x_wconf 90' lang='lat' dir='ltr'>totus</span> <span class='ocrx_word' id='word_1_75' title='bbox 854 704 946 740; x_wconf 90' lang='lat' dir='ltr'>eius</span> <span class='ocrx_word' id='word_1_76' title='bbox 959 702 1163 745; x_wconf 90' lang='lat' dir='ltr'>calculus,</span> <span class='ocrx_word' id='word_1_77' title='bbox 1181 703 1226 739; x_wconf 91' lang='lat' dir='ltr'>in</span> <span class='ocrx_word' id='word_1_78' title='bbox 1238 701 1539 739; x_wconf 87' lang='lat' dir='ltr'>Parallaxibus</span> <span class='ocrx_word' id='word_1_79' title='bbox 1551 702 1766 745; x_wconf 90' lang='lat' dir='ltr'>eruendis,</span> <span class='ocrx_word' id='word_1_80' title='bbox 1783 706 1997 749; x_wconf 89' lang='lat' dir='ltr'>tanquam</span> 
     </span>
     <span class='ocr_line' id='line_1_10' title="bbox 356 754 1996 802; baseline -0.002 -7"><span class='ocrx_word' id='word_1_81' title='bbox 356 759 641 795; x_wconf 85' lang='lat' dir='ltr'>fundamento</span> <span class='ocrx_word' id='word_1_82' title='bbox 658 758 817 799; x_wconf 90' lang='lat' dir='ltr'>nititur,</span> <span class='ocrx_word' id='word_1_83' title='bbox 835 756 1086 793; x_wconf 91' lang='lat' dir='ltr'>nullatenus</span> <span class='ocrx_word' id='word_1_84' title='bbox 1103 754 1176 793; x_wconf 88' lang='lat' dir='ltr'>fibi</span> <span class='ocrx_word' id='word_1_85' title='bbox 1194 755 1397 798; x_wconf 78' lang='lat' dir='ltr'>constare,</span> <span class='ocrx_word' id='word_1_86' title='bbox 1415 754 1546 802; x_wconf 90' lang='lat' dir='ltr'>idque</span> <span class='ocrx_word' id='word_1_87' title='bbox 1563 754 1806 792; x_wconf 84' lang='lat' dir='ltr'>discrimine</span> <span class='ocrx_word' id='word_1_88' title='bbox 1820 766 1911 792; x_wconf 93' lang='lat' dir='ltr'>non</span> <span class='ocrx_word' id='word_1_89' title='bbox 1926 766 1996 793; x_wconf 86' lang='lat' dir='ltr'>ex-</span> 
     </span>
     <span class='ocr_line' id='line_1_11' title="bbox 356 807 1997 859; baseline -0.002 -11"><span class='ocrx_word' id='word_1_90' title='bbox 356 814 467 859; x_wconf 80' lang='lat' dir='ltr'>iguo.</span> <span class='ocrx_word' id='word_1_91' title='bbox 486 812 629 857; x_wconf 90' lang='lat' dir='ltr'>quiuis</span> <span class='ocrx_word' id='word_1_92' title='bbox 642 809 801 847; x_wconf 90' lang='lat' dir='ltr'>harum</span> <span class='ocrx_word' id='word_1_93' title='bbox 813 821 959 846; x_wconf 92' lang='lat' dir='ltr'>rerum</span> <span class='ocrx_word' id='word_1_94' title='bbox 971 820 1131 856; x_wconf 88' lang='lat' dir='ltr'>gnarus</span> <span class='ocrx_word' id='word_1_95' title='bbox 1143 808 1268 846; x_wconf 84' lang='lat' dir='ltr'>facile</span> <span class='ocrx_word' id='word_1_96' title='bbox 1280 807 1493 855; x_wconf 90' lang='lat' dir='ltr'>intelligit;</span> <span class='ocrx_word' id='word_1_97' title='bbox 1511 808 1656 854; x_wconf 84' lang='lat' dir='ltr'>Atque</span> <span class='ocrx_word' id='word_1_98' title='bbox 1668 807 1737 846; x_wconf 94' lang='lat' dir='ltr'>vel</span> <span class='ocrx_word' id='word_1_99' title='bbox 1749 819 1802 845; x_wconf 85' lang='lat' dir='ltr'>ex</span> <span class='ocrx_word' id='word_1_100' title='bbox 1813 807 1896 846; x_wconf 90' lang='lat' dir='ltr'>hac</span> <span class='ocrx_word' id='word_1_101' title='bbox 1908 807 1997 846; x_wconf 92' lang='lat' dir='ltr'>sola</span> 
     </span>
     <span class='ocr_line' id='line_1_12' title="bbox 356 860 1996 908; baseline -0.002 -7"><span class='ocrx_word' id='word_1_102' title='bbox 356 864 650 902; x_wconf 86' lang='lat' dir='ltr'>distantiarum</span> <span class='ocrx_word' id='word_1_103' title='bbox 671 863 814 900; x_wconf 87' lang='lat' dir='ltr'>fallaci</span> <span class='ocrx_word' id='word_1_104' title='bbox 835 863 1086 900; x_wconf 89' lang='lat' dir='ltr'>assumtione</span> <span class='ocrx_word' id='word_1_105' title='bbox 1107 867 1196 899; x_wconf 89' lang='lat' dir='ltr'>tota</span> <span class='ocrx_word' id='word_1_106' title='bbox 1212 860 1509 899; x_wconf 83' lang='lat' dir='ltr'>Parallaxium</span> <span class='ocrx_word' id='word_1_107' title='bbox 1529 860 1658 908; x_wconf 83' lang='lat' dir='ltr'>ipsius</span> <span class='ocrx_word' id='word_1_108' title='bbox 1675 860 1996 899; x_wconf 84' lang='lat' dir='ltr'>Demonstratio</span> 
     </span>
     <span class='ocr_line' id='line_1_13' title="bbox 356 916 936 962; baseline -0.003 -8"><span class='ocrx_word' id='word_1_109' title='bbox 356 920 473 954; x_wconf 89' lang='lat' dir='ltr'>irrita</span> <span class='ocrx_word' id='word_1_110' title='bbox 491 927 761 962; x_wconf 90' lang='lat' dir='ltr'>erroneaque</span> <span class='ocrx_word' id='word_1_111' title='bbox 779 916 936 953; x_wconf 90' lang='lat' dir='ltr'>euadit.</span> 
     </span>
    </p>

    <p class='ocr_par' dir='ltr' id='par_1_3' title="bbox 354 966 1997 1485">
     <span class='ocr_line' id='line_1_14' title="bbox 409 966 1997 1015; baseline -0.002 -7"><span class='ocrx_word' id='word_1_112' title='bbox 409 970 515 1008; x_wconf 88' lang='lat' dir='ltr'>Sunt</span> <span class='ocrx_word' id='word_1_113' title='bbox 540 976 688 1007; x_wconf 90' lang='lat' dir='ltr'>tamen</span> <span class='ocrx_word' id='word_1_114' title='bbox 714 969 750 1006; x_wconf 87' lang='lat'>&amp;</span> <span class='ocrx_word' id='word_1_115' title='bbox 776 969 864 1006; x_wconf 91' lang='lat' dir='ltr'>alia</span> <span class='ocrx_word' id='word_1_116' title='bbox 888 968 1093 1015; x_wconf 84' lang='lat' dir='ltr'>quaedam</span> <span class='ocrx_word' id='word_1_117' title='bbox 1119 968 1186 1005; x_wconf 89' lang='lat' dir='ltr'>his</span> <span class='ocrx_word' id='word_1_118' title='bbox 1212 979 1303 1005; x_wconf 93' lang='lat' dir='ltr'>non</span> <span class='ocrx_word' id='word_1_119' title='bbox 1328 969 1513 1011; x_wconf 90' lang='lat' dir='ltr'>minora,</span> <span class='ocrx_word' id='word_1_120' title='bbox 1539 979 1640 1014; x_wconf 87' lang='lat' dir='ltr'>quae</span> <span class='ocrx_word' id='word_1_121' title='bbox 1663 978 1841 1005; x_wconf 89' lang='lat' dir='ltr'>omnem</span> <span class='ocrx_word' id='word_1_122' title='bbox 1864 966 1997 1005; x_wconf 90' lang='lat' dir='ltr'>fidem</span> 
     </span>
     <span class='ocr_line' id='line_1_15' title="bbox 355 1020 1995 1069; baseline -0.002 -8"><span class='ocrx_word' id='word_1_123' title='bbox 355 1023 529 1062; x_wconf 90' lang='lat' dir='ltr'>Sculteti</span> <span class='ocrx_word' id='word_1_124' title='bbox 552 1022 821 1060; x_wconf 91' lang='lat' dir='ltr'>Dedomenis</span> <span class='ocrx_word' id='word_1_125' title='bbox 842 1022 1062 1069; x_wconf 88' lang='lat' dir='ltr'>derogant.</span> <span class='ocrx_word' id='word_1_126' title='bbox 1087 1021 1205 1059; x_wconf 90' lang='lat' dir='ltr'>Nam</span> <span class='ocrx_word' id='word_1_127' title='bbox 1226 1033 1278 1059; x_wconf 95' lang='lat' dir='ltr'>eo</span> <span class='ocrx_word' id='word_1_128' title='bbox 1299 1021 1381 1064; x_wconf 90' lang='lat' dir='ltr'>die,</span> <span class='ocrx_word' id='word_1_129' title='bbox 1405 1020 1604 1059; x_wconf 90' lang='lat' dir='ltr'>videlicet</span> <span class='ocrx_word' id='word_1_130' title='bbox 1626 1022 1768 1068; x_wconf 91' lang='lat' dir='ltr'>primo</span> <span class='ocrx_word' id='word_1_131' title='bbox 1790 1020 1995 1069; x_wconf 88' lang='lat' dir='ltr'>Ianuarij,</span> 
     </span>
     <span class='ocr_line' id='line_1_16' title="bbox 356 1073 1996 1123; baseline -0.001 -9"><span class='ocrx_word' id='word_1_132' title='bbox 356 1088 442 1123; x_wconf 94' lang='lat' dir='ltr'>quo</span> <span class='ocrx_word' id='word_1_133' title='bbox 455 1076 494 1113; x_wconf 92' lang='lat' dir='ltr'>se</span> <span class='ocrx_word' id='word_1_134' title='bbox 506 1076 586 1113; x_wconf 89' lang='lat' dir='ltr'>has</span> <span class='ocrx_word' id='word_1_135' title='bbox 599 1075 935 1113; x_wconf 87' lang='lat' dir='ltr'>Obseruationes</span> <span class='ocrx_word' id='word_1_136' title='bbox 947 1075 1154 1121; x_wconf 90' lang='lat' dir='ltr'>adeptum</span> <span class='ocrx_word' id='word_1_137' title='bbox 1168 1075 1314 1117; x_wconf 88' lang='lat' dir='ltr'>asserit,</span> <span class='ocrx_word' id='word_1_138' title='bbox 1333 1086 1424 1112; x_wconf 91' lang='lat' dir='ltr'>non</span> <span class='ocrx_word' id='word_1_139' title='bbox 1439 1073 1627 1121; x_wconf 89' lang='lat' dir='ltr'>possibile</span> <span class='ocrx_word' id='word_1_140' title='bbox 1644 1079 1746 1118; x_wconf 90' lang='lat' dir='ltr'>erat,</span> <span class='ocrx_word' id='word_1_141' title='bbox 1764 1073 1996 1112; x_wconf 90' lang='lat' dir='ltr'>Cometam</span> 
     </span>
     <span class='ocr_line' id='line_1_17' title="bbox 354 1126 1996 1176; baseline -0.001 -9"><span class='ocrx_word' id='word_1_142' title='bbox 354 1130 481 1176; x_wconf 90' lang='lat' dir='ltr'>supra</span> <span class='ocrx_word' id='word_1_143' title='bbox 502 1129 793 1166; x_wconf 88' lang='lat' dir='ltr'>Horizontem</span> <span class='ocrx_word' id='word_1_144' title='bbox 814 1130 859 1165; x_wconf 92' lang='lat' dir='ltr'>in</span> <span class='ocrx_word' id='word_1_145' title='bbox 879 1140 966 1165; x_wconf 91' lang='lat' dir='ltr'>vno</span> <span class='ocrx_word' id='word_1_146' title='bbox 988 1127 1166 1166; x_wconf 88' lang='lat' dir='ltr'>Circulo</span> <span class='ocrx_word' id='word_1_147' title='bbox 1186 1127 1379 1165; x_wconf 90' lang='lat' dir='ltr'>verticali</span> <span class='ocrx_word' id='word_1_148' title='bbox 1401 1139 1502 1165; x_wconf 92' lang='lat' dir='ltr'>cum</span> <span class='ocrx_word' id='word_1_149' title='bbox 1522 1126 1643 1166; x_wconf 61' lang='lat' dir='ltr'>dictis</span> <span class='ocrx_word' id='word_1_150' title='bbox 1663 1127 1834 1165; x_wconf 84' lang='lat' dir='ltr'>duabus</span> <span class='ocrx_word' id='word_1_151' title='bbox 1855 1127 1996 1166; x_wconf 90' lang='lat' dir='ltr'>Stellis</span> 
     </span>
     <span class='ocr_line' id='line_1_18' title="bbox 357 1180 1995 1230; baseline -0.001 -10"><span class='ocrx_word' id='word_1_152' title='bbox 357 1183 553 1230; x_wconf 82' lang='lat' dir='ltr'>conspici,</span> <span class='ocrx_word' id='word_1_153' title='bbox 564 1194 642 1219; x_wconf 91' lang='lat' dir='ltr'>nec</span> <span class='ocrx_word' id='word_1_154' title='bbox 653 1182 915 1219; x_wconf 85' lang='lat' dir='ltr'>Altitudines</span> <span class='ocrx_word' id='word_1_155' title='bbox 926 1181 1123 1219; x_wconf 86' lang='lat' dir='ltr'>Cometae</span> <span class='ocrx_word' id='word_1_156' title='bbox 1134 1181 1171 1218; x_wconf 92' lang='grc'>8(</span> <span class='ocrx_word' id='word_1_157' title='bbox 1181 1181 1385 1228; x_wconf 84' lang='lat' dir='ltr'>Septimae</span> <span class='ocrx_word' id='word_1_158' title='bbox 1395 1180 1706 1225; x_wconf 86' lang='lat' dir='ltr'>Andromedae,</span> <span class='ocrx_word' id='word_1_159' title='bbox 1716 1182 1762 1218; x_wconf 91' lang='lat' dir='ltr'>in</span> <span class='ocrx_word' id='word_1_160' title='bbox 1771 1180 1995 1218; x_wconf 83' lang='lat' dir='ltr'>Posteriori</span> 
     </span>
     <span class='ocr_line' id='line_1_19' title="bbox 357 1233 1994 1282; baseline -0.002 -8"><span class='ocrx_word' id='word_1_161' title='bbox 357 1236 682 1278; x_wconf 89' lang='lat' dir='ltr'>Obseruatione‚</span> <span class='ocrx_word' id='word_1_162' title='bbox 699 1246 787 1272; x_wconf 91' lang='lat' dir='ltr'>vno</span> <span class='ocrx_word' id='word_1_163' title='bbox 805 1235 1047 1281; x_wconf 91' lang='lat' dir='ltr'>eodemque</span> <span class='ocrx_word' id='word_1_164' title='bbox 1064 1240 1258 1281; x_wconf 88' lang='lat' dir='ltr'>tempore</span> <span class='ocrx_word' id='word_1_165' title='bbox 1275 1236 1320 1272; x_wconf 94' lang='lat' dir='ltr'>in</span> <span class='ocrx_word' id='word_1_166' title='bbox 1337 1246 1439 1272; x_wconf 92' lang='lat' dir='ltr'>eum</span> <span class='ocrx_word' id='word_1_167' title='bbox 1454 1233 1637 1272; x_wconf 89' lang='lat' dir='ltr'>modum</span> <span class='ocrx_word' id='word_1_168' title='bbox 1650 1233 1691 1271; x_wconf 87' lang='lat' dir='ltr'>se</span> <span class='ocrx_word' id='word_1_169' title='bbox 1703 1233 1908 1272; x_wconf 84' lang='lat' dir='ltr'>exhibere</span> <span class='ocrx_word' id='word_1_170' title='bbox 1920 1245 1994 1282; x_wconf 92' lang='lat' dir='ltr'>po-</span> 
     </span>
     <span class='ocr_line' id='line_1_20' title="bbox 355 1287 1994 1335; baseline -0.001 -9"><span class='ocrx_word' id='word_1_171' title='bbox 355 1294 506 1333; x_wconf 89' lang='lat' dir='ltr'>terant,</span> <span class='ocrx_word' id='word_1_172' title='bbox 518 1295 646 1335; x_wconf 87' lang='lat' dir='ltr'>prout</span> <span class='ocrx_word' id='word_1_173' title='bbox 659 1299 732 1325; x_wconf 88' lang='lat' dir='ltr'>eas</span> <span class='ocrx_word' id='word_1_174' title='bbox 744 1289 975 1335; x_wconf 87' lang='lat' dir='ltr'>assignauit.</span> <span class='ocrx_word' id='word_1_175' title='bbox 994 1288 1219 1331; x_wconf 83' lang='lat' dir='ltr'>Praeterea,</span> <span class='ocrx_word' id='word_1_176' title='bbox 1232 1287 1261 1325; x_wconf 87' lang='lat' dir='ltr'>fi</span> <span class='ocrx_word' id='word_1_177' title='bbox 1272 1287 1372 1325; x_wconf 88' lang='lat' dir='ltr'>fitus</span> <span class='ocrx_word' id='word_1_178' title='bbox 1384 1287 1497 1325; x_wconf 90' lang='lat' dir='ltr'>visus</span> <span class='ocrx_word' id='word_1_179' title='bbox 1509 1287 1720 1331; x_wconf 84' lang='lat' dir='ltr'>Cometae,</span> <span class='ocrx_word' id='word_1_180' title='bbox 1733 1298 1866 1334; x_wconf 91' lang='lat' dir='ltr'>quem</span> <span class='ocrx_word' id='word_1_181' title='bbox 1877 1287 1994 1325; x_wconf 88' lang='lat' dir='ltr'>Scul-</span> 
     </span>
     <span class='ocr_line' id='line_1_21' title="bbox 355 1340 1994 1388; baseline -0.001 -8"><span class='ocrx_word' id='word_1_182' title='bbox 355 1348 464 1380; x_wconf 90' lang='lat' dir='ltr'>tetus</span> <span class='ocrx_word' id='word_1_183' title='bbox 482 1344 520 1379; x_wconf 91' lang='lat' dir='ltr'>ei</span> <span class='ocrx_word' id='word_1_184' title='bbox 536 1341 692 1385; x_wconf 91' lang='lat' dir='ltr'>tribuit,</span> <span class='ocrx_word' id='word_1_185' title='bbox 710 1353 809 1378; x_wconf 92' lang='lat' dir='ltr'>cum</span> <span class='ocrx_word' id='word_1_186' title='bbox 826 1341 931 1378; x_wconf 92' lang='lat' dir='ltr'>locis</span> <span class='ocrx_word' id='word_1_187' title='bbox 942 1341 1204 1385; x_wconf 87' lang='lat' dir='ltr'>Affixarum,</span> <span class='ocrx_word' id='word_1_188' title='bbox 1222 1341 1380 1388; x_wconf 91' lang='lat' dir='ltr'>quibus</span> <span class='ocrx_word' id='word_1_189' title='bbox 1397 1342 1510 1379; x_wconf 89' lang='lat' dir='ltr'>circa</span> <span class='ocrx_word' id='word_1_190' title='bbox 1520 1340 1771 1378; x_wconf 86' lang='lat' dir='ltr'>Parallaxes</span> <span class='ocrx_word' id='word_1_191' title='bbox 1786 1340 1994 1388; x_wconf 89' lang='lat' dir='ltr'>indagan-</span> 
     </span>
     <span class='ocr_line' id='line_1_22' title="bbox 356 1393 1994 1442; baseline -0.001 -10"><span class='ocrx_word' id='word_1_192' title='bbox 356 1396 432 1433; x_wconf 88' lang='lat' dir='ltr'>das</span> <span class='ocrx_word' id='word_1_193' title='bbox 452 1397 593 1438; x_wconf 89' lang='lat' dir='ltr'>vtitur,</span> <span class='ocrx_word' id='word_1_194' title='bbox 617 1394 875 1437; x_wconf 87' lang='lat' dir='ltr'>conferatur,</span> <span class='ocrx_word' id='word_1_195' title='bbox 899 1394 1107 1432; x_wconf 87' lang='lat' dir='ltr'>distantiae</span> <span class='ocrx_word' id='word_1_196' title='bbox 1131 1405 1240 1441; x_wconf 90' lang='lat' dir='ltr'>quas</span> <span class='ocrx_word' id='word_1_197' title='bbox 1262 1394 1569 1442; x_wconf 87' lang='lat' dir='ltr'>praesupponit,</span> <span class='ocrx_word' id='word_1_198' title='bbox 1592 1393 1715 1432; x_wconf 89' lang='lat' dir='ltr'>nullo</span> <span class='ocrx_word' id='word_1_199' title='bbox 1737 1394 1871 1432; x_wconf 89' lang='lat' dir='ltr'>modo</span> <span class='ocrx_word' id='word_1_200' title='bbox 1895 1405 1994 1432; x_wconf 89' lang='lat' dir='ltr'>con-</span> 
     </span>
     <span class='ocr_line' id='line_1_23' title="bbox 356 1450 544 1485; baseline 0 0"><span class='ocrx_word' id='word_1_201' title='bbox 356 1450 544 1485; x_wconf 91' lang='lat' dir='ltr'>uenient.</span> 
     </span>
    </p>

    <p class='ocr_par' dir='ltr' id='par_1_4' title="bbox 353 1499 1995 1969">
     <span class='ocr_line' id='line_1_24' title="bbox 408 1499 1994 1548; baseline 0 -10"><span class='ocrx_word' id='word_1_202' title='bbox 408 1501 476 1538; x_wconf 96' lang='lat' dir='ltr'>Ne</span> <span class='ocrx_word' id='word_1_203' title='bbox 492 1512 596 1538; x_wconf 89' lang='lat' dir='ltr'>vero</span> <span class='ocrx_word' id='word_1_204' title='bbox 613 1500 707 1538; x_wconf 86' lang='lat' dir='ltr'>haec</span> <span class='ocrx_word' id='word_1_205' title='bbox 725 1503 829 1538; x_wconf 91' lang='lat' dir='ltr'>citra</span> <span class='ocrx_word' id='word_1_206' title='bbox 844 1503 1059 1538; x_wconf 89' lang='lat' dir='ltr'>rationem</span> <span class='ocrx_word' id='word_1_207' title='bbox 1078 1503 1368 1548; x_wconf 91' lang='lat' dir='ltr'>pronunciata</span> <span class='ocrx_word' id='word_1_208' title='bbox 1385 1500 1598 1548; x_wconf 84' lang='lat' dir='ltr'>quispiam</span> <span class='ocrx_word' id='word_1_209' title='bbox 1614 1499 1856 1547; x_wconf 90' lang='lat' dir='ltr'>suspicetur,</span> <span class='ocrx_word' id='word_1_210' title='bbox 1878 1500 1994 1539; x_wconf 90' lang='lat' dir='ltr'>lubet</span> 
     </span>
     <span class='ocr_line' id='line_1_25' title="bbox 354 1553 1995 1602; baseline 0 -11"><span class='ocrx_word' id='word_1_211' title='bbox 354 1555 487 1601; x_wconf 91' lang='lat' dir='ltr'>paulo</span> <span class='ocrx_word' id='word_1_212' title='bbox 508 1554 636 1592; x_wconf 90' lang='lat' dir='ltr'>altius</span> <span class='ocrx_word' id='word_1_213' title='bbox 655 1554 809 1591; x_wconf 89' lang='lat' dir='ltr'>eadem</span> <span class='ocrx_word' id='word_1_214' title='bbox 825 1559 1037 1596; x_wconf 83' lang='lat' dir='ltr'>excutere,</span> <span class='ocrx_word' id='word_1_215' title='bbox 1060 1553 1097 1591; x_wconf 90' lang='grc'>8(</span> <span class='ocrx_word' id='word_1_216' title='bbox 1117 1566 1193 1602; x_wconf 91' lang='lat' dir='ltr'>per</span> <span class='ocrx_word' id='word_1_217' title='bbox 1209 1554 1643 1592; x_wconf 88' lang='lat' dir='ltr'>Demonstrationum</span> <span class='ocrx_word' id='word_1_218' title='bbox 1658 1553 1995 1591; x_wconf 86' lang='lat' dir='ltr'>stabilimentum</span> 
     </span>
     <span class='ocr_line' id='line_1_26' title="bbox 355 1605 1992 1651; baseline 0 -7"><span class='ocrx_word' id='word_1_219' title='bbox 355 1610 399 1645; x_wconf 91' lang='lat' dir='ltr'>in</span> <span class='ocrx_word' id='word_1_220' title='bbox 420 1618 627 1645; x_wconf 91' lang='lat' dir='ltr'>numeros</span> <span class='ocrx_word' id='word_1_221' title='bbox 648 1605 832 1651; x_wconf 63' lang='lat' dir='ltr'>reda6m,</span> <span class='ocrx_word' id='word_1_222' title='bbox 853 1607 1019 1645; x_wconf 89' lang='lat' dir='ltr'>sublata</span> <span class='ocrx_word' id='word_1_223' title='bbox 1035 1610 1156 1645; x_wconf 90' lang='lat' dir='ltr'>omni</span> <span class='ocrx_word' id='word_1_224' title='bbox 1173 1607 1399 1646; x_wconf 88' lang='lat' dir='ltr'>dubitandi</span> <span class='ocrx_word' id='word_1_225' title='bbox 1416 1607 1652 1651; x_wconf 70' lang='lat' dir='ltr'>occasione,</span> <span class='ocrx_word' id='word_1_226' title='bbox 1672 1607 1884 1644; x_wconf 88' lang='lat' dir='ltr'>verissima</span> <span class='ocrx_word' id='word_1_227' title='bbox 1904 1607 1992 1651; x_wconf 87' lang='lat' dir='ltr'>esse,</span> 
     </span>
     <span class='ocr_line' id='line_1_27' title="bbox 355 1660 1993 1708; baseline 0.001 -11"><span class='ocrx_word' id='word_1_228' title='bbox 355 1661 649 1707; x_wconf 89' lang='lat' dir='ltr'>comprobare.</span> <span class='ocrx_word' id='word_1_229' title='bbox 680 1660 748 1698; x_wconf 88' lang='lat' dir='ltr'>Sic</span> <span class='ocrx_word' id='word_1_230' title='bbox 774 1662 891 1697; x_wconf 91' lang='lat' dir='ltr'>enim</span> <span class='ocrx_word' id='word_1_231' title='bbox 917 1666 1022 1707; x_wconf 91' lang='lat' dir='ltr'>quot</span> <span class='ocrx_word' id='word_1_232' title='bbox 1047 1660 1084 1698; x_wconf 90' lang='lat'>&amp;</span> <span class='ocrx_word' id='word_1_233' title='bbox 1110 1666 1287 1708; x_wconf 87' lang='lat' dir='ltr'>quantae</span> <span class='ocrx_word' id='word_1_234' title='bbox 1312 1672 1339 1699; x_wconf 89' lang='lat' dir='ltr'>a</span> <span class='ocrx_word' id='word_1_235' title='bbox 1363 1660 1504 1708; x_wconf 91' lang='lat' dir='ltr'>Scopo</span> <span class='ocrx_word' id='word_1_236' title='bbox 1534 1660 1623 1707; x_wconf 91' lang='lat' dir='ltr'>ipso</span> <span class='ocrx_word' id='word_1_237' title='bbox 1651 1660 1923 1698; x_wconf 90' lang='lat' dir='ltr'>deuiationes</span> <span class='ocrx_word' id='word_1_238' title='bbox 1947 1662 1993 1698; x_wconf 89' lang='lat' dir='ltr'>in</span> 
     </span>
     <span class='ocr_line' id='line_1_28' title="bbox 355 1713 1993 1757; baseline 0.001 -7"><span class='ocrx_word' id='word_1_239' title='bbox 355 1713 529 1751; x_wconf 90' lang='lat' dir='ltr'>Sculteti</span> <span class='ocrx_word' id='word_1_240' title='bbox 548 1713 818 1751; x_wconf 92' lang='lat' dir='ltr'>Dedomenis</span> <span class='ocrx_word' id='word_1_241' title='bbox 838 1713 1012 1757; x_wconf 90' lang='lat' dir='ltr'>lateant,</span> <span class='ocrx_word' id='word_1_242' title='bbox 1034 1714 1277 1752; x_wconf 91' lang='lat' dir='ltr'>indubitata</span> <span class='ocrx_word' id='word_1_243' title='bbox 1297 1714 1552 1752; x_wconf 89' lang='lat' dir='ltr'>certitudine</span> <span class='ocrx_word' id='word_1_244' title='bbox 1572 1713 1929 1757; x_wconf 84' lang='lat' dir='ltr'>manifestabitur;</span> <span class='ocrx_word' id='word_1_245' title='bbox 1950 1713 1993 1751; x_wconf 91' lang='lat' dir='ltr'>id</span> 
     </span>
     <span class='ocr_line' id='line_1_29' title="bbox 356 1766 1992 1814; baseline 0 -10"><span class='ocrx_word' id='word_1_246' title='bbox 356 1767 472 1813; x_wconf 90' lang='lat' dir='ltr'>quod</span> <span class='ocrx_word' id='word_1_247' title='bbox 485 1767 686 1804; x_wconf 86' lang='lat' dir='ltr'>Veritatis</span> <span class='ocrx_word' id='word_1_248' title='bbox 702 1766 1015 1813; x_wconf 79' lang='lat' dir='ltr'>patefaciendae</span> <span class='ocrx_word' id='word_1_249' title='bbox 1032 1767 1160 1805; x_wconf 88' lang='lat' dir='ltr'>causa</span> <span class='ocrx_word' id='word_1_250' title='bbox 1175 1767 1269 1805; x_wconf 88' lang='lat' dir='ltr'>fieri</span> <span class='ocrx_word' id='word_1_251' title='bbox 1287 1772 1555 1814; x_wconf 93' lang='lat' dir='ltr'>oportunum</span> <span class='ocrx_word' id='word_1_252' title='bbox 1572 1769 1661 1811; x_wconf 92' lang='lat' dir='ltr'>erit,</span> <span class='ocrx_word' id='word_1_253' title='bbox 1678 1778 1734 1804; x_wconf 90' lang='lat' dir='ltr'>ne</span> <span class='ocrx_word' id='word_1_254' title='bbox 1749 1772 1839 1804; x_wconf 90' lang='lat' dir='ltr'>tam</span> <span class='ocrx_word' id='word_1_255' title='bbox 1855 1766 1992 1804; x_wconf 88' lang='lat' dir='ltr'>excel-</span> 
     </span>
     <span class='ocr_line' id='line_1_30' title="bbox 353 1818 1993 1867; baseline 0.001 -11"><span class='ocrx_word' id='word_1_256' title='bbox 353 1820 479 1857; x_wconf 90' lang='lat' dir='ltr'>lentis</span> <span class='ocrx_word' id='word_1_257' title='bbox 491 1819 793 1857; x_wconf 87' lang='lat' dir='ltr'>Mathematici</span> <span class='ocrx_word' id='word_1_258' title='bbox 808 1820 1130 1867; x_wconf 86' lang='lat' dir='ltr'>exquifitissimis</span> <span class='ocrx_word' id='word_1_259' title='bbox 1143 1820 1609 1865; x_wconf 81' lang='lat' dir='ltr'>Demonstrationibus,</span> <span class='ocrx_word' id='word_1_260' title='bbox 1626 1820 1859 1858; x_wconf 88' lang='lat' dir='ltr'>Cometam</span> <span class='ocrx_word' id='word_1_261' title='bbox 1874 1818 1993 1858; x_wconf 88' lang='lat' dir='ltr'>hunc</span> 
     </span>
     <span class='ocr_line' id='line_1_31' title="bbox 354 1869 1993 1922; baseline 0.001 -13"><span class='ocrx_word' id='word_1_262' title='bbox 354 1872 631 1910; x_wconf 90' lang='lat' dir='ltr'>sublunarem</span> <span class='ocrx_word' id='word_1_263' title='bbox 648 1869 662 1922; x_wconf 78' lang='grc' dir='ltr'>ΙΙ</span> <span class='ocrx_word' id='word_1_264' title='bbox 678 1872 805 1914; x_wconf 87' lang='lat' dir='ltr'>fuisse,</span> <span class='ocrx_word' id='word_1_265' title='bbox 826 1874 878 1919; x_wconf 86' lang='lat' dir='ltr'>ijs</span> <span class='ocrx_word' id='word_1_266' title='bbox 898 1873 1219 1919; x_wconf 88' lang='lat' dir='ltr'>persuadeatur,</span> <span class='ocrx_word' id='word_1_267' title='bbox 1241 1875 1316 1921; x_wconf 92' lang='lat' dir='ltr'>qui</span> <span class='ocrx_word' id='word_1_268' title='bbox 1337 1874 1438 1912; x_wconf 89' lang='lat' dir='ltr'>data</span> <span class='ocrx_word' id='word_1_269' title='bbox 1458 1873 1559 1920; x_wconf 90' lang='lat' dir='ltr'>ipsa,</span> <span class='ocrx_word' id='word_1_270' title='bbox 1582 1873 1740 1920; x_wconf 87' lang='lat' dir='ltr'>quibus</span> <span class='ocrx_word' id='word_1_271' title='bbox 1760 1872 1831 1911; x_wconf 86' lang='lat' dir='ltr'>hae</span> <span class='ocrx_word' id='word_1_272' title='bbox 1852 1872 1993 1920; x_wconf 92' lang='lat' dir='ltr'>super-</span> 
     </span>
     <span class='ocr_line' id='line_1_32' title="bbox 354 1925 1617 1969; baseline 0.002 -7"><span class='ocrx_word' id='word_1_273' title='bbox 354 1925 582 1969; x_wconf 86' lang='lat' dir='ltr'>struuntur,</span> <span class='ocrx_word' id='word_1_274' title='bbox 600 1926 710 1963; x_wconf 91' lang='lat' dir='ltr'>adeo</span> <span class='ocrx_word' id='word_1_275' title='bbox 727 1926 877 1963; x_wconf 90' lang='lat' dir='ltr'>vitiosa</span> <span class='ocrx_word' id='word_1_276' title='bbox 894 1927 981 1969; x_wconf 91' lang='lat' dir='ltr'>esse,</span> <span class='ocrx_word' id='word_1_277' title='bbox 999 1938 1090 1964; x_wconf 92' lang='lat' dir='ltr'>non</span> <span class='ocrx_word' id='word_1_278' title='bbox 1105 1926 1231 1964; x_wconf 89' lang='lat' dir='ltr'>facile</span> <span class='ocrx_word' id='word_1_279' title='bbox 1248 1927 1617 1965; x_wconf 91' lang='lat' dir='ltr'>animaduertunt.</span> 
     </span>
    </p>

    <p class='ocr_par' dir='ltr' id='par_1_5' title="bbox 354 1978 1993 2131">
     <span class='ocr_line' id='line_1_33' title="bbox 407 1978 1993 2025; baseline 0.001 -10"><span class='ocrx_word' id='word_1_280' title='bbox 407 1978 599 2015; x_wconf 86' lang='lat' dir='ltr'>Primum</span> <span class='ocrx_word' id='word_1_281' title='bbox 616 1980 761 2025; x_wconf 90' lang='lat' dir='ltr'>itaque</span> <span class='ocrx_word' id='word_1_282' title='bbox 776 1979 893 2025; x_wconf 91' lang='lat' dir='ltr'>quod</span> <span class='ocrx_word' id='word_1_283' title='bbox 908 1980 1171 2023; x_wconf 88' lang='lat' dir='ltr'>asseruimus,</span> <span class='ocrx_word' id='word_1_284' title='bbox 1189 1980 1421 2018; x_wconf 88' lang='lat' dir='ltr'>Cometam</span> <span class='ocrx_word' id='word_1_285' title='bbox 1433 1991 1525 2018; x_wconf 93' lang='lat' dir='ltr'>non</span> <span class='ocrx_word' id='word_1_286' title='bbox 1535 1979 1650 2017; x_wconf 89' lang='lat' dir='ltr'>fuisse</span> <span class='ocrx_word' id='word_1_287' title='bbox 1662 1981 1709 2017; x_wconf 92' lang='lat' dir='ltr'>in</span> <span class='ocrx_word' id='word_1_288' title='bbox 1719 1990 1808 2017; x_wconf 93' lang='lat' dir='ltr'>vno</span> <span class='ocrx_word' id='word_1_289' title='bbox 1820 1979 1993 2017; x_wconf 91' lang='lat' dir='ltr'>eodem-</span> 
     </span>
     <span class='ocr_line' id='line_1_34' title="bbox 355 2031 1993 2080; baseline 0.002 -13"><span class='ocrx_word' id='word_1_290' title='bbox 355 2042 438 2077; x_wconf 91' lang='lat' dir='ltr'>que</span> <span class='ocrx_word' id='word_1_291' title='bbox 460 2031 636 2068; x_wconf 92' lang='lat' dir='ltr'>Circulo</span> <span class='ocrx_word' id='word_1_292' title='bbox 657 2032 849 2069; x_wconf 89' lang='lat' dir='ltr'>verticali</span> <span class='ocrx_word' id='word_1_293' title='bbox 870 2044 969 2070; x_wconf 90' lang='lat' dir='ltr'>cum</span> <span class='ocrx_word' id='word_1_294' title='bbox 993 2031 1113 2070; x_wconf 61' lang='lat' dir='ltr'>dietis</span> <span class='ocrx_word' id='word_1_295' title='bbox 1135 2033 1288 2078; x_wconf 90' lang='lat' dir='ltr'>Stellis,</span> <span class='ocrx_word' id='word_1_296' title='bbox 1313 2033 1689 2080; x_wconf 91' lang='lat' dir='ltr'>quemadmodum</span> <span class='ocrx_word' id='word_1_297' title='bbox 1710 2032 1886 2071; x_wconf 92' lang='lat' dir='ltr'>Sculteti</span> <span class='ocrx_word' id='word_1_298' title='bbox 1907 2031 1993 2070; x_wconf 93' lang='lat' dir='ltr'>Ob-</span> 
     </span>
     <span class='ocr_line' id='line_1_35' title="bbox 354 2083 1241 2131; baseline 0.005 -11"><span class='ocrx_word' id='word_1_299' title='bbox 354 2083 537 2121; x_wconf 90' lang='lat' dir='ltr'>seruatio</span> <span class='ocrx_word' id='word_1_300' title='bbox 554 2083 695 2126; x_wconf 88' lang='lat' dir='ltr'>habet,</span> <span class='ocrx_word' id='word_1_301' title='bbox 713 2084 765 2121; x_wconf 86' lang='lat' dir='ltr'>fic</span> <span class='ocrx_word' id='word_1_302' title='bbox 782 2090 980 2131; x_wconf 89' lang='lat' dir='ltr'>apertum</span> <span class='ocrx_word' id='word_1_303' title='bbox 997 2086 1241 2124; x_wconf 88' lang='lat' dir='ltr'>reddemus.</span> 
     </span>
    </p>

    <p class='ocr_par' dir='ltr' id='par_1_6' title="bbox 353 2136 1994 2452">
     <span class='ocr_line' id='line_1_36' title="bbox 408 2136 1994 2187; baseline 0.002 -14"><span class='ocrx_word' id='word_1_304' title='bbox 408 2136 456 2173; x_wconf 94' lang='lat' dir='ltr'>In</span> <span class='ocrx_word' id='word_1_305' title='bbox 479 2136 669 2183; x_wconf 88' lang='lat' dir='ltr'>ascriptae</span> <span class='ocrx_word' id='word_1_306' title='bbox 694 2137 862 2184; x_wconf 85' lang='lat' dir='ltr'>Figurae</span> <span class='ocrx_word' id='word_1_307' title='bbox 886 2138 1177 2177; x_wconf 88' lang='lat' dir='ltr'>delineatione</span> <span class='ocrx_word' id='word_1_308' title='bbox 1200 2139 1246 2177; x_wconf 91' lang='lat' dir='ltr'>fit</span> <span class='ocrx_word' id='word_1_309' title='bbox 1269 2139 1403 2177; x_wconf 90' lang='lat' dir='ltr'>LBM</span> <span class='ocrx_word' id='word_1_310' title='bbox 1427 2141 1568 2187; x_wconf 90' lang='lat' dir='ltr'>portio</span> <span class='ocrx_word' id='word_1_311' title='bbox 1590 2138 1842 2182; x_wconf 88' lang='lat' dir='ltr'>Meridiani‚</span> <span class='ocrx_word' id='word_1_312' title='bbox 1865 2138 1994 2186; x_wconf 90' lang='lat' dir='ltr'>supra</span> 
     </span>
     <span class='ocr_line' id='line_1_37' title="bbox 355 2189 1993 2236; baseline 0.002 -11"><span class='ocrx_word' id='word_1_313' title='bbox 355 2189 645 2227; x_wconf 88' lang='lat' dir='ltr'>Horizontem</span> <span class='ocrx_word' id='word_1_314' title='bbox 670 2195 833 2234; x_wconf 85' lang='lat' dir='ltr'>extans,</span> <span class='ocrx_word' id='word_1_315' title='bbox 860 2191 997 2228; x_wconf 90' lang='lat' dir='ltr'>LKM</span> <span class='ocrx_word' id='word_1_316' title='bbox 1024 2192 1280 2230; x_wconf 90' lang='lat' dir='ltr'>Horizontis</span> <span class='ocrx_word' id='word_1_317' title='bbox 1305 2192 1516 2230; x_wconf 90' lang='lat' dir='ltr'>medietas</span> <span class='ocrx_word' id='word_1_318' title='bbox 1540 2191 1843 2236; x_wconf 87' lang='lat' dir='ltr'>Occidentalis,</span> <span class='ocrx_word' id='word_1_319' title='bbox 1870 2193 1993 2229; x_wconf 91' lang='lat' dir='ltr'>cuius</span> 
     </span>
     <span class='ocr_line' id='line_1_38' title="bbox 354 2242 1992 2293; baseline 0.003 -15"><span class='ocrx_word' id='word_1_320' title='bbox 354 2242 483 2279; x_wconf 90' lang='lat' dir='ltr'>Polus</span> <span class='ocrx_word' id='word_1_321' title='bbox 498 2244 543 2279; x_wconf 90' lang='lat' dir='ltr'>in</span> <span class='ocrx_word' id='word_1_322' title='bbox 557 2243 603 2285; x_wconf 89' lang='lat' dir='ltr'>B,</span> <span class='ocrx_word' id='word_1_323' title='bbox 621 2242 659 2279; x_wconf 92' lang='lat' dir='ltr'><strong>K</strong></span> <span class='ocrx_word' id='word_1_324' title='bbox 668 2242 701 2279; x_wconf 92' lang='lat' dir='ltr'>E</span> <span class='ocrx_word' id='word_1_325' title='bbox 712 2242 965 2290; x_wconf 83' lang='lat' dir='ltr'>AEquatoris</span> <span class='ocrx_word' id='word_1_326' title='bbox 978 2244 1280 2290; x_wconf 90' lang='lat' dir='ltr'>Quadrantem</span> <span class='ocrx_word' id='word_1_327' title='bbox 1296 2245 1582 2293; x_wconf 82' lang='lat' dir='ltr'>repraesentet,</span> <span class='ocrx_word' id='word_1_328' title='bbox 1600 2247 1724 2283; x_wconf 92' lang='lat' dir='ltr'>cuius</span> <span class='ocrx_word' id='word_1_329' title='bbox 1735 2244 1866 2282; x_wconf 86' lang='lat' dir='ltr'>Polus</span> <span class='ocrx_word' id='word_1_330' title='bbox 1882 2247 1927 2282; x_wconf 93' lang='lat' dir='ltr'>in</span> <span class='ocrx_word' id='word_1_331' title='bbox 1939 2244 1992 2282; x_wconf 89' lang='lat' dir='ltr'>A.</span> 
     </span>
     <span class='ocr_line' id='line_1_39' title="bbox 355 2294 1992 2346; baseline 0.002 -15"><span class='ocrx_word' id='word_1_332' title='bbox 355 2294 438 2332; x_wconf 91' lang='lat' dir='ltr'>His</span> <span class='ocrx_word' id='word_1_333' title='bbox 459 2296 517 2332; x_wconf 90' lang='lat' dir='ltr'>ita</span> <span class='ocrx_word' id='word_1_334' title='bbox 538 2295 802 2341; x_wconf 68' lang='lat' dir='ltr'>praestrudfis,</span> <span class='ocrx_word' id='word_1_335' title='bbox 824 2297 1086 2344; x_wconf 88' lang='lat' dir='ltr'>intelligatur</span> <span class='ocrx_word' id='word_1_336' title='bbox 1104 2298 1288 2337; x_wconf 91' lang='lat' dir='ltr'>Cometa</span> <span class='ocrx_word' id='word_1_337' title='bbox 1308 2298 1424 2336; x_wconf 89' lang='lat' dir='ltr'>fuisse</span> <span class='ocrx_word' id='word_1_338' title='bbox 1444 2300 1489 2336; x_wconf 92' lang='lat' dir='ltr'>in</span> <span class='ocrx_word' id='word_1_339' title='bbox 1507 2299 1551 2343; x_wconf 90' lang='lat' dir='ltr'>F,</span> <span class='ocrx_word' id='word_1_340' title='bbox 1573 2298 1766 2346; x_wconf 89' lang='lat' dir='ltr'>Septima</span> <span class='ocrx_word' id='word_1_341' title='bbox 1781 2309 1886 2335; x_wconf 90' lang='lat' dir='ltr'>vero</span> <span class='ocrx_word' id='word_1_342' title='bbox 1902 2297 1992 2335; x_wconf 90' lang='lat' dir='ltr'>An-</span> 
     </span>
     <span class='ocr_line' id='line_1_40' title="bbox 354 2347 1992 2399; baseline 0.002 -15"><span class='ocrx_word' id='word_1_343' title='bbox 354 2347 575 2385; x_wconf 85' lang='lat' dir='ltr'>dromedae</span> <span class='ocrx_word' id='word_1_344' title='bbox 587 2350 631 2385; x_wconf 91' lang='lat' dir='ltr'>in</span> <span class='ocrx_word' id='word_1_345' title='bbox 645 2348 692 2386; x_wconf 89' lang='lat' dir='ltr'>C.</span> <span class='ocrx_word' id='word_1_346' title='bbox 711 2349 834 2393; x_wconf 91' lang='lat' dir='ltr'>Dico,</span> <span class='ocrx_word' id='word_1_347' title='bbox 851 2350 968 2396; x_wconf 88' lang='lat' dir='ltr'>quod</span> <span class='ocrx_word' id='word_1_348' title='bbox 984 2356 1086 2388; x_wconf 88' lang='lat' dir='ltr'>tunc</span> <span class='ocrx_word' id='word_1_349' title='bbox 1102 2363 1386 2399; x_wconf 87' lang='lat' dir='ltr'>nequaquam</span> <span class='ocrx_word' id='word_1_350' title='bbox 1403 2352 1684 2389; x_wconf 91' lang='lat' dir='ltr'>coinciderint</span> <span class='ocrx_word' id='word_1_351' title='bbox 1696 2353 1741 2388; x_wconf 92' lang='lat' dir='ltr'>in</span> <span class='ocrx_word' id='word_1_352' title='bbox 1752 2362 1890 2388; x_wconf 89' lang='lat' dir='ltr'>vnum</span> <span class='ocrx_word' id='word_1_353' title='bbox 1901 2361 1992 2388; x_wconf 90' lang='lat' dir='ltr'>ver-</span> 
     </span>
     <span class='ocr_line' id='line_1_41' title="bbox 353 2400 1993 2452; baseline 0.003 -16"><span class='ocrx_word' id='word_1_354' title='bbox 353 2400 536 2443; x_wconf 87' lang='lat' dir='ltr'>ticalem,</span> <span class='ocrx_word' id='word_1_355' title='bbox 553 2400 621 2438; x_wconf 91' lang='lat' dir='ltr'>sed</span> <span class='ocrx_word' id='word_1_356' title='bbox 639 2403 683 2438; x_wconf 95' lang='lat' dir='ltr'>in</span> <span class='ocrx_word' id='word_1_357' title='bbox 700 2402 809 2439; x_wconf 92' lang='lat' dir='ltr'>duos</span> <span class='ocrx_word' id='word_1_358' title='bbox 826 2402 1028 2447; x_wconf 88' lang='lat' dir='ltr'>diuersos,</span> <span class='ocrx_word' id='word_1_359' title='bbox 1046 2409 1190 2451; x_wconf 92' lang='lat' dir='ltr'>vtpote</span> <span class='ocrx_word' id='word_1_360' title='bbox 1207 2404 1340 2443; x_wconf 90' lang='lat' dir='ltr'>BCH</span> <span class='ocrx_word' id='word_1_361' title='bbox 1357 2404 1395 2442; x_wconf 91' lang='grc'>8(</span> <span class='ocrx_word' id='word_1_362' title='bbox 1412 2405 1522 2449; x_wconf 90' lang='lat' dir='ltr'>BFI,</span> <span class='ocrx_word' id='word_1_363' title='bbox 1544 2409 1849 2452; x_wconf 87' lang='lat' dir='ltr'>quantumque</span> <span class='ocrx_word' id='word_1_364' title='bbox 1864 2403 1993 2441; x_wconf 84' lang='lat' dir='ltr'>fuerit</span> 
     </span>
    </p>
   </div>
   <div class='ocr_carea' id='block_1_3' title="bbox 354 2452 1992 2607">
    <p class='ocr_par' dir='ltr' id='par_1_7' title="bbox 354 2452 1992 2607">
     <span class='ocr_line' id='line_1_42' title="bbox 354 2452 1992 2505; baseline 0.003 -16"><span class='ocrx_word' id='word_1_365' title='bbox 354 2455 463 2490; x_wconf 89' lang='lat' dir='ltr'>inter</span> <span class='ocrx_word' id='word_1_366' title='bbox 484 2452 564 2490; x_wconf 93' lang='lat' dir='ltr'>hos</span> <span class='ocrx_word' id='word_1_367' title='bbox 580 2455 625 2490; x_wconf 90' lang='lat' dir='ltr'>in</span> <span class='ocrx_word' id='word_1_368' title='bbox 642 2454 884 2492; x_wconf 88' lang='lat' dir='ltr'>Horizonte</span> <span class='ocrx_word' id='word_1_369' title='bbox 905 2456 1123 2505; x_wconf 85' lang='lat' dir='ltr'>interstitij.</span> <span class='ocrx_word' id='word_1_370' title='bbox 1145 2457 1343 2496; x_wconf 90' lang='lat' dir='ltr'>videlicet</span> <span class='ocrx_word' id='word_1_371' title='bbox 1359 2458 1443 2502; x_wconf 90' lang='lat' dir='ltr'>HI,</span> <span class='ocrx_word' id='word_1_372' title='bbox 1465 2458 1582 2505; x_wconf 92' lang='lat' dir='ltr'>quod</span> <span class='ocrx_word' id='word_1_373' title='bbox 1600 2459 1775 2495; x_wconf 91' lang='lat' dir='ltr'>metitur</span> <span class='ocrx_word' id='word_1_374' title='bbox 1790 2456 1992 2504; x_wconf 90' lang='lat' dir='ltr'>Angulus</span> 
     </span>
     <span class='ocr_line' id='line_1_43' title="bbox 354 2505 735 2553; baseline 0.003 -10"><span class='ocrx_word' id='word_1_375' title='bbox 354 2505 479 2549; x_wconf 89' lang='lat' dir='ltr'>HBI,</span> <span class='ocrx_word' id='word_1_376' title='bbox 496 2505 548 2543; x_wconf 85' lang='lat' dir='ltr'>fic</span> <span class='ocrx_word' id='word_1_377' title='bbox 564 2507 735 2553; x_wconf 88' lang='lat' dir='ltr'>patebit.</span> 
     </span>
     <span class='ocr_line' id='line_1_44' title="bbox 1783 2562 1990 2607; baseline 0 -7"><span class='ocrx_word' id='word_1_378' title='bbox 1783 2562 1990 2607; x_wconf 88' lang='lat' dir='ltr'>Primum,</span> 
     </span>
    </p>
   </div>
   <div class='ocr_carea' id='block_1_4' title="bbox 2034 555 2049 580">
    <p class='ocr_par' dir='ltr' id='par_1_8' title="bbox 2034 555 2049 580">
     <span class='ocr_line' id='line_1_45' title="bbox 2034 555 2049 580; baseline 0 0"><span class='ocrx_word' id='word_1_379' title='bbox 2034 555 2049 580; x_wconf 89' lang='lat'>5</span> 
     </span>
    </p>
   </div>
   <div class='ocr_carea' id='block_1_5' title="bbox 2038 820 2068 846">
    <p class='ocr_par' dir='ltr' id='par_1_9' title="bbox 2038 820 2068 846">
     <span class='ocr_line' id='line_1_46' title="bbox 2038 820 2068 846; baseline 0.033 -1"><span class='ocrx_word' id='word_1_380' title='bbox 2038 820 2068 846; x_wconf 88' lang='lat'>10</span> 
     </span>
    </p>
   </div>
   <div class='ocr_carea' id='block_1_6' title="bbox 2038 1086 2068 1111">
    <p class='ocr_par' dir='ltr' id='par_1_10' title="bbox 2038 1086 2068 1111">
     <span class='ocr_line' id='line_1_47' title="bbox 2038 1086 2068 1111; baseline 0 0"><span class='ocrx_word' id='word_1_381' title='bbox 2038 1086 2068 1111; x_wconf 89' lang='grc'><strong>15</strong></span> 
     </span>
    </p>
   </div>
   <div class='ocr_carea' id='block_1_7' title="bbox 2032 1352 2066 1378">
    <p class='ocr_par' dir='ltr' id='par_1_11' title="bbox 2032 1352 2066 1378">
     <span class='ocr_line' id='line_1_48' title="bbox 2032 1352 2066 1378; baseline 0.029 -1"><span class='ocrx_word' id='word_1_382' title='bbox 2032 1352 2066 1378; x_wconf 90' lang='grc'>20</span> 
     </span>
    </p>
   </div>
   <div class='ocr_carea' id='block_1_8' title="bbox 2031 1619 2064 1644">
    <p class='ocr_par' dir='ltr' id='par_1_12' title="bbox 2031 1619 2064 1644">
     <span class='ocr_line' id='line_1_49' title="bbox 2031 1619 2064 1644; baseline 0 0"><span class='ocrx_word' id='word_1_383' title='bbox 2031 1619 2064 1644; x_wconf 86' lang='grc'>25</span> 
     </span>
    </p>
   </div>
   <div class='ocr_carea' id='block_1_9' title="bbox 2019 1879 2083 1911">
    <p class='ocr_par' dir='ltr' id='par_1_13' title="bbox 2019 1879 2083 1911">
     <span class='ocr_line' id='line_1_50' title="bbox 2019 1879 2083 1911; baseline -0.016 0"><span class='ocrx_word' id='word_1_384' title='bbox 2019 1879 2083 1911; x_wconf 87' lang='grc'>389</span> 
     </span>
    </p>
   </div>
   <div class='ocr_carea' id='block_1_10' title="bbox 2031 2150 2064 2175">
    <p class='ocr_par' dir='ltr' id='par_1_14' title="bbox 2031 2150 2064 2175">
     <span class='ocr_line' id='line_1_51' title="bbox 2031 2150 2064 2175; baseline 0 0"><span class='ocrx_word' id='word_1_385' title='bbox 2031 2150 2064 2175; x_wconf 84' lang='grc'>35</span> 
     </span>
    </p>
   </div>
   <div class='ocr_carea' id='block_1_11' title="bbox 2029 2415 2063 2441">
    <p class='ocr_par' dir='ltr' id='par_1_15' title="bbox 2029 2415 2063 2441">
     <span class='ocr_line' id='line_1_52' title="bbox 2029 2415 2063 2441; baseline 0 0"><span class='ocrx_word' id='word_1_386' title='bbox 2029 2415 2063 2441; x_wconf 83' lang='lat'>40</span> 
     </span>
    </p>
   </div>
  </div>
 </body>
</html>
