2209 3213
133 835 164 860 10

134 1102 164 1126 15

130 1371 163 1395 20

111 1471 170 1502 211

128 1637 161 1662 25

123 1904 156 1928 30

121 2170 154 2195 35

119 2436 152 2461 40

501 241 585 279 DE
606 241 831 278 MUNDI
853 240 1016 278 AET1-1.
1040 238 1305 277 RECENT.
1328 236 1537 275 PHAEN.
1783 234 1839 272 181

200 347 420 395 derogare,
442 360 468 386 a
488 359 715 395 quoquam
731 350 806 395 qui
822 347 944 385 sensu
960 349 1161 385 omnium
1177 346 1410 383 hominum
1427 345 1651 381 communi
1667 342 1841 389 polleat,

200 400 452 439 nullatenus
465 401 668 448 praesumi
682 401 830 448 potest;
848 401 1162 443 Nihilominus,
1180 401 1284 446 quia
1301 410 1353 436 ea
1369 409 1468 444 quae
1484 399 1530 434 in
1546 396 1629 434 hac
1645 397 1841 438 materia,

201 453 491 492 Geometricis
520 455 761 492 rationibus
790 454 1072 492 infallibiliter
1102 453 1279 500 quidem
1307 449 1682 491 Demonstrantur,
1713 448 1842 486 dedo-

200 518 332 545 mena
351 513 499 546 tamen
520 507 749 551 nonnulla,
773 519 850 555 per
870 507 1209 546 Obseruationes
1229 505 1430 543 sensuum
1450 503 1682 541 visualium
1704 502 1741 539 &
1764 502 1842 540 Or-

199 571 416 608 ganorum
432 562 695 600 idoneorum
711 561 980 599 adminiculo
1001 560 1146 603 saetas,
1168 561 1407 606 requirunt,
1429 559 1474 595 in
1495 557 1653 604 quibus
1674 555 1751 593 nifi
1773 567 1842 593 ex-

200 611 403 652 actissima
431 614 691 653 adhibeatur
719 614 925 662 praecifio,
956 614 1093 652 facilis
1123 616 1167 651 in
1195 614 1388 650 minimis
1414 610 1671 658 quibusdam
1701 609 1844 656 lapsus

200 666 399 715 subrepit,
421 670 496 715 qui
516 668 672 716 postea,
695 668 767 705 vbi
783 668 838 706 ad
855 668 1014 706 Praxin
1032 667 1359 705 Geometricam
1380 665 1619 702 deuentum
1639 662 1778 704 fuerit,
1800 664 1845 699 in

200 719 521 759 intolerabilem
537 722 749 759 excrescat
766 722 1080 762 deuiationem:
1103 720 1294 766 Ideoque
1311 717 1714 756 Demonstrationes
1730 716 1844 763 ipsae,

200 777 292 810 vtut
314 774 591 813 Geometrice
612 775 790 822 quidem
814 773 924 812 recte
947 774 987 811 se
1010 774 1214 814 habeant,
1238 782 1523 818 nequaquam
1546 775 1694 807 tamen
1715 772 1760 806 in
1781 771 1845 816 ijs,

201 837 302 873 quae
323 828 528 872 astruunt,
549 840 629 876 pro
650 830 752 866 ratis
773 827 1035 875 recipiendae
1051 828 1242 869 veniant,
1264 825 1341 863 nifi
1361 824 1462 872 ipsae
1484 826 1614 861 etiam
1633 822 1844 860 Obserua-

201 880 353 926 tiones,
376 882 534 928 quibus
554 881 806 925 fundantur,
828 883 950 918 omni
970 880 1152 918 senfibili
1172 881 1277 917 vitio
1294 883 1491 919 careant:
1514 877 1677 915 Idcirco
1698 876 1780 914 hac
1802 878 1845 913 in

201 939 334 979 parte,
356 935 545 972 aliorum
562 937 694 973 etiam
709 935 953 972 Peritorum
969 932 1385 973 animaduerfiones,
1403 933 1477 977 qui
1494 929 1757 968 Mechanice
1774 941 1847 966 ne-

200 989 366 1033 gotium
383 988 601 1035 exquifitis
616 988 911 1026 Instrumentis
927 985 1122 1029 tractare,
1140 987 1309 1025 diutina
1325 985 1562 1030 crebraque
1580 984 1846 1029 experientia

201 1039 341 1079 edocti
361 1041 468 1085 sunt,
490 1053 581 1079 non
602 1041 909 1089 negligendum
931 1040 1176 1078 certitudini
1193 1037 1509 1077 confirmandae
1526 1036 1757 1074 subfidium
1774 1036 1846 1073 ad-

202 1091 357 1132 ferunt.
380 1094 670 1142 Quapropter,
692 1094 776 1132 hoc
796 1094 948 1132 vltimo
970 1093 1138 1140 Capite,
1159 1098 1251 1130 tum
1274 1103 1428 1129 eorum
1450 1090 1789 1128 Obseruationes
1811 1089 1848 1126 &

202 1149 570 1191 ratiocinationes,
587 1150 662 1195 qui
679 1147 903 1185 nobiscum
920 1147 1152 1185 Cometam
1168 1146 1287 1183 hunc
1304 1144 1546 1183 aethereum
1562 1143 1690 1183 fuisse,
1713 1142 1750 1179 &
1771 1143 1847 1180 Pa-

201 1200 388 1238 rallaxin
400 1201 528 1248 longe
539 1203 757 1239 minorem
770 1200 1004 1242 obtinuisse,
1015 1211 1149 1247 quarn
1160 1199 1278 1246 quod
1290 1197 1403 1236 infra
1413 1198 1586 1234 Lunam
1597 1198 1690 1233 eius
1703 1195 1849 1233 cursus

201 1254 380 1292 concedi
401 1255 529 1302 possit,
551 1253 771 1292 rectissime
787 1253 1017 1296 senserunt,
1039 1258 1132 1291 tum
1149 1254 1281 1290 etiam
1298 1262 1465 1291 eorum,
1488 1252 1562 1296 qui
1579 1251 1846 1286 contrarium

201 1306 303 1345 huic
323 1308 535 1345 assertioni
556 1308 762 1346 inducere
783 1319 873 1345 non
894 1307 1159 1349 dubitarunt,
1184 1308 1228 1343 in
1249 1305 1444 1343 medium
1465 1303 1671 1351 proferre,
1694 1302 1731 1340 8(
1752 1305 1845 1350 pari

200 1360 382 1404 bilance,
399 1361 455 1399 ad
466 1361 704 1399 Veritatem
720 1360 794 1399 fibi
805 1361 964 1407 vbique
982 1360 1231 1403 consonam,
1248 1364 1461 1405 tanquam
1474 1357 1529 1395 ad
1541 1357 1728 1404 Lydium
1740 1356 1845 1403 lapi-

200 1413 299 1451 dem
316 1414 512 1452 conferre
529 1414 803 1461 probareque
819 1414 1107 1457 decreuimuS,
1125 1412 1256 1460 idque
1271 1412 1430 1458 absque
1443 1412 1564 1448 omni
1576 1409 1844 1457 praeiudicio,

200 1466 238 1504 &
254 1467 510 1514 cuiusquam
527 1464 541 1518 ΙΙ
558 1467 813 1505 immodesta
828 1467 897 1505 vel
915 1472 1145 1514 arrogante
1166 1464 1514 1513 reprehensione,
1536 1463 1666 1501 ficubi
1686 1463 1740 1500 ab
1761 1463 1845 1500 illis

199 1531 226 1558 a
242 1519 383 1568 Scopo
399 1523 532 1568 petito
549 1521 799 1559 aberratum
815 1520 954 1558 fuerit.
972 1520 1130 1566 Neque
1147 1522 1278 1557 etiam
1295 1517 1564 1556 Authoritati
1580 1517 1649 1554 vel
1665 1516 1844 1554 aestima-

199 1575 307 1611 tioni
330 1574 528 1618 alicuius,
552 1574 635 1612 hac
658 1576 703 1611 in
726 1579 858 1622 parte,
883 1574 1110 1621 quidpiam
1133 1573 1354 1620 derogare,
1378 1571 1447 1609 sed
1470 1570 1619 1608 saltem
1642 1570 1844 1607 Veritatis

199 1626 340 1673 ipfius,
362 1627 549 1675 sepositis
570 1627 775 1665 omnibus
796 1627 938 1675 dubijs
959 1626 997 1664 &
1017 1628 1257 1674 contrarijs,
1280 1627 1469 1672 penitius
1491 1623 1529 1661 &
1549 1625 1706 1661 certius
1727 1628 1843 1669 pate-

198 1679 411 1719 faciendae
434 1683 583 1728 gratia,
609 1681 724 1719 hanc
747 1680 1028 1718 collationem
1051 1680 1267 1717 instituere
1292 1679 1572 1716 necessarium
1594 1677 1711 1714 duxi.
1738 1677 1843 1714 Non

197 1738 345 1771 tamen
362 1736 525 1778 omnia,
547 1746 647 1781 quae
668 1736 713 1772 in
734 1734 923 1771 aliorum
940 1733 1128 1780 Scriptis,
1149 1745 1228 1780 pro
1244 1732 1313 1770 vel
1330 1737 1481 1769 contra
1498 1733 1542 1768 in
1557 1730 1752 1768 medium
1769 1730 1842 1768 ad-

196 1785 297 1824 ferri
313 1788 490 1834 possunt,
507 1787 812 1835 particularius
825 1787 862 1824 8(
873 1789 1078 1825 minutim
1091 1786 1336 1833 expendere
1353 1787 1528 1823 animus
1545 1786 1641 1826 erit:
1658 1783 1700 1821 id
1717 1783 1841 1830 fiqui-

196 1840 308 1884 dem,
325 1842 462 1878 nimia
474 1841 512 1878 &
524 1841 731 1888 perplexa
744 1840 1003 1887 prolixitate,
1020 1840 1261 1878 admodum
1277 1838 1504 1877 taediosum
1521 1838 1642 1881 foret,
1660 1836 1697 1874 8(
1713 1848 1840 1884 pecu-

194 1893 301 1931 liare
314 1905 393 1931 nec
406 1896 613 1942 exiguum
625 1894 847 1938 volumen,
865 1905 941 1940 per
957 1893 996 1931 se
1014 1895 1263 1940 requireret,
1280 1892 1350 1930 sed
1367 1892 1515 1929 saltem
1531 1890 1842 1938 principaliora

194 1946 232 1983 &
247 1948 535 1994 generaliora,
557 1949 839 1994 maximeque
856 1947 911 1985 ad
928 1958 1019 1984 rem
1036 1946 1251 1989 facientia,
1269 1945 1504 1993 praesertim
1521 1946 1566 1981 in
1583 1946 1647 1991 iJ's,
1669 1956 1769 1990 quae
1786 1944 1841 1981 ad

193 1999 444 2038 Parallaxes
466 2001 664 2039 Cometae
686 2000 982 2038 enucleandas
1004 2000 1066 2045 (in
1087 1999 1246 2046 quibus
1265 2001 1398 2037 totius
1419 1998 1507 2036 sere
1528 1999 1688 2045 negotii
1710 1997 1841 2035 cardo

192 2053 389 2100 vertitur)
406 2056 700 2101 requiruntur,
718 2053 979 2101 expendam,
997 2053 1034 2090 &
1050 2053 1254 2090 Veritatis
1270 2052 1443 2090 latentis
1460 2051 1714 2099 penetralia,
1736 2062 1841 2097 qua-

191 2111 319 2144 tenus
335 2108 394 2145 ita
410 2107 450 2145 se
467 2107 671 2150 habeant,
688 2106 758 2144 vel
774 2109 933 2149 minus,
950 2118 1029 2153 pro
1041 2106 1154 2143 virili
1171 2108 1362 2153 apertius
1379 2104 1589 2142 reserabo.
1608 2104 1726 2150 Quia
1737 2116 1842 2141 vero

192 2158 276 2197 hoc
285 2164 425 2198 totum
435 2160 592 2208 Caput,
605 2172 682 2207 per
692 2172 846 2198 eorum
857 2171 957 2207 quae
967 2160 1203 2197 continebit
1213 2161 1399 2206 copiam,
1410 2160 1455 2196 in
1465 2157 1603 2195 multo
1614 2159 1841 2199 maiorem,

192 2224 326 2260 quarn
342 2213 480 2251 vllurn
502 2225 555 2251 ex
576 2213 933 2252 antecedentibus
955 2212 1165 2250 excrescet
1181 2212 1542 2260 magnitudinem,
1560 2216 1602 2248 vt
1620 2211 1674 2249 ob
1692 2211 1733 2248 id
1751 2222 1842 2248 non

192 2267 409 2304 immerito
426 2267 610 2305 alteram
626 2267 758 2305 huius
775 2266 872 2304 libri
888 2271 1057 2313 partem
1073 2266 1180 2303 illud
1197 2267 1508 2312 nuncupatim:
1526 2264 1687 2302 idcirco
1700 2276 1754 2301 ne
1767 2264 1842 2301 sua

190 2319 437 2366 prolixitate
452 2322 640 2358 nimium
656 2322 797 2367 pariat
813 2319 1041 2363 fastidium,
1058 2319 1334 2357 commodius
1350 2319 1556 2361 indicaui,
1574 2317 1681 2355 illud
1697 2317 1841 2355 bifari-

190 2384 263 2410 am
275 2372 544 2421 distinguere,
559 2375 619 2411 ita
630 2378 674 2411 vt
685 2375 731 2410 in
742 2374 877 2420 priori
888 2373 1088 2410 membro
1100 2384 1254 2410 eorum
1268 2372 1608 2410 Obseruationes
1621 2370 1658 2408 &
1670 2370 1841 2417 placita,

190 2437 213 2463 e
230 2425 388 2472 quibus
405 2426 631 2474 colligitur,
650 2426 883 2465 Cometam
899 2425 1017 2463 hunc
1033 2425 1366 2473 supralunarem
1384 2425 1568 2467 extitisse,
1586 2426 1750 2470 quique
1766 2435 1841 2461 no-

189 2477 278 2516 stris
299 2480 595 2518 assertionibus
616 2479 699 2518 hac
720 2481 765 2517 in
786 2484 907 2526 parte
928 2478 1224 2525 astipulantur,
1248 2481 1293 2516 in
1317 2478 1513 2516 medium
1534 2477 1771 2524 proferam;
1796 2478 1840 2513 in

188 2531 433 2578 posteriore,
451 2533 504 2570 de
520 2535 584 2577 iis,
602 2535 677 2580 qui
693 2532 982 2570 diuerfimode
998 2532 1214 2575 senserint,
1231 2534 1392 2578 pariter
1405 2543 1457 2569 ea
1469 2542 1568 2578 quae
1580 2532 1773 2568 maxime
1786 2530 1840 2567 ad

191 2586 260 2622 rei
278 2585 515 2624 Veritatem
531 2586 837 2629 excutiendam
853 2585 1029 2629 faciunt,
1045 2585 1354 2632 propositurus.
