2209 3213
322 225 398 263 256
815 217 897 255 DE
919 216 1144 254 MUNDI
1165 214 1465 252 AETHEREI

322 330 465 369 existit,
484 328 641 364 videbit
657 326 770 367 sane,
787 324 826 361 se
844 335 933 360 non
951 328 1112 360 certam
1129 321 1359 368 Sphaeram
1376 332 1476 358 cum
1488 320 1602 357 Polis
1615 319 1652 356 &
1664 319 1834 357 Axibus
1850 330 1958 365 prae-

321 381 518 421 definitis.
532 379 735 417 omnibus
748 381 1065 423 competentem
1075 375 1280 421 assignare
1292 374 1414 420 posse.
1428 373 1478 410 In
1486 378 1575 411 tota
1585 375 1703 410 enim
1713 372 1829 410 Coeli
1838 371 1958 409 vasti-

321 440 404 472 tate
426 433 583 479 vbique
605 435 866 478 generantur
884 429 1094 470 Cometae,
1117 427 1155 464 8(
1176 426 1347 464 cursum
1367 425 1601 463 sortiuntur
1621 426 1675 463 ab
1692 437 1779 462 vno
1800 425 1897 462 loco
1914 426 1959 461 in

321 487 468 527 alium,
482 495 788 531 quemcunque
801 482 984 523 libuerit,
998 482 1072 527 qui
1084 486 1232 518 tamen
1241 480 1295 517 ab
1306 480 1425 516 Arcu
1434 478 1599 517 Circuli
1610 480 1791 516 maximi
1805 478 1958 524 (quan-

320 547 411 577 tum
437 537 646 575 haetenus
671 537 797 573 nobis
819 534 1061 572 Obseruare
1087 532 1222 578 licuit)
1248 531 1465 578 nusquam
1490 530 1702 574 deflectat:
1728 543 1808 568 nec
1830 532 1960 568 vnius

322 593 517 629 Cometae
534 587 703 639 laneus,
725 590 799 635 qui
816 588 983 634 aliquot
999 588 1127 624 annis
1142 585 1356 632 praecessit,
1378 587 1424 622 in
1441 584 1718 631 sequentibus
1734 584 1960 631 quidpiam

322 646 442 687 Iuris,
460 655 547 690 quo
564 643 618 680 ad
635 648 803 679 motum
815 640 884 677 vel
901 639 1219 686 dispositionem
1235 640 1399 682 attinet,
1416 637 1490 675 fibi
1500 637 1717 675 vendicat:
1735 648 1814 674 nec
1826 636 1961 674 Noua

321 698 394 734 illa
420 699 539 733 iuxta
565 696 836 741 Cassiopeam
861 693 1005 734 Stella,
1036 692 1091 730 ad
1117 691 1326 729 Cometas
1351 701 1572 728 annorum
1597 690 1960 737 subsequentium,

320 750 453 787 vllam
470 749 726 786 relationem
744 747 941 789 obtinuit,
958 750 1001 782 vt
1017 756 1160 791 neque
1177 744 1223 781 hi
1240 744 1295 782 ad
1312 743 1446 786 illam,
1463 743 1541 781 nifi
1552 742 1660 781 forte
1672 755 1748 790 per
1760 743 1961 780 accidens

321 803 357 840 8(
372 801 534 843 coacte:
551 802 737 847 ideoque
750 799 913 841 frustra,
931 798 969 836 &
985 797 1192 836 curiosius
1205 808 1340 844 quam
1352 808 1463 844 opus
1475 796 1542 839 est,
1559 797 1665 834 talia
1676 795 1961 843 peruestigare

320 861 502 893 conatur
515 854 746 891 Roeslinus.
765 853 848 890 Sed
865 863 956 889 non
973 851 1134 895 dubito,
1153 852 1259 897 quin
1271 849 1342 887 vbi
1359 849 1454 887 haec
1467 851 1662 896 aequiore
1678 849 1839 887 iudicio
1855 859 1962 895 pon-

320 910 548 950 derauerit,
570 905 727 944 rectius
748 906 800 944 de
822 905 890 942 his
907 905 1178 943 Sententiam
1198 903 1465 941 formaturus
1480 902 1538 940 fit.
1560 902 1755 949 Apparet
1775 903 1894 939 enim
1910 912 1963 938 ex

320 962 449 1008 ipfius
466 961 644 1007 Scripto,
666 960 821 997 Virum
837 958 955 996 hunc
971 957 1213 995 admodum
1233 956 1449 1003 sagaciter,
1470 967 1720 1003 magnoque
1742 954 1962 998 defiderio‚

320 1015 557 1051 Veritatem
571 1014 767 1060 aliquam
779 1011 1012 1050 abstrusam
1024 1013 1069 1048 in
1081 1010 1149 1047 his
1160 1010 1290 1047 rebus
1302 1009 1522 1057 indagare,
1536 1008 1573 1046 8(
1585 1008 1727 1052 altius,
1743 1007 1963 1055 magisque

322 1067 594 1105 reconditum
619 1066 736 1113 quid,
763 1076 898 1112 quarn
920 1064 1132 1111 Vulgares
1155 1062 1380 1110 Astrologi,
1404 1064 1450 1099 in
1473 1061 1760 1100 Cometarum
1783 1061 1964 1098 Naturis

322 1119 633 1167 persentiscere.
651 1119 808 1165 Neque
825 1120 957 1155 etiarn
970 1117 1156 1164 ambigo,
1174 1115 1203 1153 fi
1220 1113 1392 1153 exatstas
1405 1126 1559 1153 eorum
1570 1115 1876 1162 Apparentias,
1894 1114 1964 1151 de-

322 1174 418 1211 bitis
443 1173 479 1210 &
502 1174 682 1210 minime
706 1171 932 1209 fallacibus
956 1170 1144 1217 Organis
1167 1169 1338 1207 coelitus
1360 1173 1571 1215 acceptas,
1597 1179 1674 1215 per
1696 1167 1964 1205 Geometriae

323 1227 457 1273 Leges
482 1228 673 1263 inuicem
698 1226 920 1271 coaptarit,
946 1225 1053 1270 quin
1079 1222 1244 1269 aliquid
1270 1222 1469 1269 praeclari
1495 1220 1532 1258 8(
1557 1221 1738 1259 Veritati
1762 1221 1965 1268 penitiori

323 1281 621 1326 propinquum
637 1279 795 1325 assequi
811 1277 941 1324 possit.

377 1333 423 1370 ld
440 1332 643 1379 equidem
659 1343 749 1378 prae
766 1330 980 1377 plerisque
997 1329 1106 1377 alijs‚
1124 1330 1255 1366 etiam
1272 1330 1382 1366 inter
1396 1339 1484 1372 eos,
1501 1329 1577 1375 qui
1590 1327 1777 1375 Organis
1789 1328 1914 1364 certis
1925 1325 1965 1363 se

324 1385 521 1423 Cometae
538 1384 840 1422 Phaenomena
860 1381 1103 1430 scrupulose
1124 1381 1304 1429 adeptos
1323 1381 1630 1428 opinabantur,
1651 1380 1790 1418 multo
1810 1378 1966 1417 rectius

323 1438 455 1480 sensit,
474 1450 575 1475 eum
592 1437 844 1475 nullatenus
856 1438 901 1473 in
914 1436 1179 1473 Elementari
1191 1435 1382 1482 Regione
1400 1434 1675 1472 constitutum
1690 1433 1818 1476 fuisse,
1835 1432 1904 1470 sed
1921 1434 1967 1469 in

323 1491 412 1538 ipso
423 1491 615 1534 AEthere‚
632 1492 743 1528 inter
755 1489 961 1528 Coelestes
973 1490 1189 1532 circuitus,
1206 1487 1246 1525 se
1262 1486 1542 1535 spectandum
1553 1498 1709 1524 reuera
1720 1485 1965 1524 exhibuisse.

324 1544 370 1581 Id
383 1545 500 1591 quod
512 1544 770 1591 potissimum
783 1542 837 1580 est
849 1553 1016 1586 eorum,
1029 1553 1129 1589 quae
1142 1542 1194 1579 de
1205 1541 1400 1579 Cometis
1411 1540 1676 1588 inquirenda
1688 1539 1966 1586 exponenda-

325 1609 409 1644 que
426 1599 618 1635 veniunt.

378 1650 553 1688 Constat
565 1652 682 1688 enim
694 1649 854 1687 harum
866 1659 1013 1686 rerum
1024 1649 1183 1695 peritis,
1196 1647 1314 1695 quod
1326 1647 1461 1685 Noua
1470 1646 1602 1685 Stella
1613 1648 1658 1684 in
1670 1645 1759 1693 ipso
1771 1645 1966 1683 altissimo

324 1703 356 1740 F
359 1705 620 1741 irmamento
632 1703 718 1747 fita,
730 1702 990 1740 iamdudum
1000 1699 1238 1748 suspectum
1247 1700 1480 1738 reddiderit
1488 1700 1874 1747 Peripateticorum
1882 1698 1966 1736 hoc

324 1758 529 1799 Axioma,
547 1768 634 1803 quo
652 1756 831 1794 Coelum
848 1755 1028 1793 Nouam
1045 1755 1241 1801 aliquam
1258 1753 1605 1792 Generationem
1620 1764 1711 1790 non
1727 1752 1965 1794 admittere,

324 1809 393 1847 sed
417 1811 559 1847 omnis
582 1809 851 1847 alterationis
874 1819 1028 1856 expers
1051 1808 1127 1845 esse
1150 1807 1398 1851 astruentes,
1422 1812 1483 1844 tot
1505 1808 1595 1844 iam
1617 1805 1768 1844 seculis
1786 1805 1967 1842 Veritati

325 1865 413 1899 vim
430 1863 682 1900 intulerunt.

379 1916 494 1953 Licet
510 1927 614 1953 vero
631 1915 864 1958 Roeslinus,
883 1915 1142 1962 potissimum
1158 1913 1351 1961 Cornelij
1372 1913 1576 1951 Gemmae
1592 1912 1760 1960 placitis
1775 1913 1965 1953 innixus,

327 1968 558 2006 Cometam
584 1968 701 2005 hunc
727 1967 1055 2014 superlunarem
1080 1967 1244 2010 statuat,
1274 1971 1423 2004 tamen
1453 1965 1491 2003 8(
1520 1967 1718 2013 proprias
1744 1964 1965 2011 quasdam,

327 2021 482 2068 easque
504 2033 594 2058 non
615 2021 970 2063 contemnendas,
992 2020 1124 2057 huius
1142 2020 1392 2057 Assertionis
1412 2019 1618 2057 Rationes
1639 2018 1830 2060 adducit;
1850 2017 1965 2054 vide-

326 2074 422 2111 licet
439 2086 491 2111 ex
508 2080 652 2111 motus
667 2074 742 2116 sui,
760 2085 894 2120 quam
909 2073 1111 2117 seruauit,
1129 2072 1431 2120 Regularitate,
1449 2072 1822 2119 Proportioneque
1839 2075 1966 2112 certa,

327 2138 426 2173 quae
444 2127 791 2164 Elementaribus
806 2128 999 2174 materijs
1015 2128 1060 2163 in
1076 2127 1191 2163 Aere
1207 2125 1413 2163 volutatis
1435 2130 1680 2172 competere
1700 2135 1791 2161 non
1811 2125 1965 2170 potuit;

327 2185 420 2217 tum
437 2181 568 2217 etiam
581 2191 607 2217 a
619 2180 816 2217 Luminis
829 2179 1106 2226 Proprietate,
1119 2175 1134 2228 ΙΙ
1146 2190 1246 2226 quae
1263 2177 1432 2216 diuersa
1448 2178 1689 2216 admodum
1705 2182 1796 2214 erat
1807 2188 1833 2214 a
1845 2175 1966 2214 flam-

327 2244 438 2275 mea,
461 2232 601 2275 densa,
624 2232 661 2270 8(
682 2233 810 2270 crassa
826 2232 1129 2269 Meteororum
1145 2232 1382 2269 Aeriorum
1399 2231 1587 2274 Natura;
1609 2235 1820 2278 praeterea
1836 2231 1968 2266 etiam

328 2297 353 2323 a
370 2286 666 2323 Diuturnitate
683 2286 937 2328 durationis,
955 2290 1120 2331 quanta
1134 2284 1401 2322 Elementari
1413 2284 1596 2322 Naturae
1613 2295 1704 2321 non
1720 2284 1967 2324 conueniat,

327 2338 512 2385 idipsum
528 2339 697 2385 probat;
710 2350 735 2375 a
747 2344 891 2375 motus
903 2337 1076 2384 insuper
1088 2336 1366 2381 Perfectione,
1384 2349 1436 2375 eo
1449 2336 1566 2384 quod
1580 2338 1708 2383 primi
1720 2335 1894 2373 mobilis
1905 2346 1967 2372 re-

328 2391 602 2428 uolutionem
619 2391 823 2428 diurnam
839 2390 1075 2428 absolutius
1088 2402 1222 2437 quarn
1234 2390 1372 2434 Luna,
1390 2389 1692 2433 aemulabatur,
1710 2393 1967 2435 argumento

328 2444 426 2482 satis
442 2444 667 2491 probabili,
684 2444 799 2481 idem
816 2445 1052 2487 conuincit;
1070 2455 1158 2490 quo
1175 2445 1307 2481 etiam
1322 2454 1403 2480 nos
1420 2442 1575 2489 Capite
1587 2441 1717 2480 Sexto
1733 2441 1793 2479 vfi
1807 2441 1967 2484 sumus,

328 2497 425 2535 licet
446 2497 533 2535 alio
556 2497 689 2534 modo
712 2496 940 2544 proposito.
965 2496 1049 2533 His
1073 2496 1289 2543 (inquam)
1314 2496 1366 2534 de
1387 2495 1535 2539 caufis‚
1558 2495 1688 2542 plane
1709 2494 1968 2532 AEthereum

1852 2546 1968 2584 fuisse

1985 592 2048 622 313

2004 809 2033 834 10

2005 1075 2034 1099 15

2003 1340 2037 1365 20

2004 1606 2037 1631 25

2004 1871 2038 1896 30

2005 2136 2038 2161 35

1992 2183 2056 2214 314

2006 2401 2039 2426 40
