2209 3213
113 806 142 831 10

99 854 154 885 17Γ

113 1072 142 1096 15

110 1337 143 1362 20

110 1603 143 1628 25

109 1867 142 1892 30

109 2132 141 2157 35

110 2397 143 2422 40

432 209 522 247 AD
545 209 856 248 CRAIGUM
878 209 1151 248 SCOTUM
1173 209 1257 247 DE
1280 208 1568 247 COMETIS
1744 208 1821 246 439

181 316 440 363 qvibusdam
456 315 552 363 alijs
569 315 808 353 consentire
826 328 917 353 non
933 316 1116 360 dubitas,
1134 315 1365 357 admisisset,
1387 320 1498 353 certe
1515 315 1590 353 illa
1606 315 1718 352 adeo
1735 317 1821 352 evi-

180 370 286 407 dens
307 368 452 412 fuisset,
474 374 520 406 ut
540 369 792 406 nullatenus
808 369 1120 407 observationis
1141 371 1334 413 incuriae,
1356 368 1433 406 nisi
1450 380 1502 406 ea
1518 370 1648 406 nimis
1665 367 1821 405 insulsa

180 422 300 465 foret,
324 423 530 469 imputari
550 422 689 468 posset.
712 421 829 467 Qvin
851 421 888 459 8(
910 427 1107 469 qvartam
1128 433 1275 459 meam
1296 422 1713 468 comprobationem,
1736 433 1821 468 qva

181 487 233 513 ex
250 474 494 512 differentia
510 474 789 512 altitudinum
807 477 852 512 in
868 475 1043 512 diversis
1060 475 1320 518 Azimuthis,
1343 474 1538 512 adhibita
1553 480 1733 512 mutatae
1750 475 1820 512 de-

181 528 427 566 clinationis
443 529 625 571 ratione,
643 527 875 565 Cometam
892 528 1065 575 prorsus
1077 528 1318 565 aethereum
1330 528 1445 565 fuisse
1457 527 1739 566 infallibiliter
1751 528 1821 565 de-

179 580 381 624 monstro,
403 592 494 618 non
510 580 779 627 inculpatam
796 581 1016 628 relinqvis‚
1038 592 1137 618 eam
1154 581 1208 618 ob
1226 582 1280 624 id,
1303 581 1417 628 qvod
1434 581 1696 624 altitudines,
1715 592 1821 628 qvas

179 634 353 681 appello
369 632 560 680 respectu
577 635 724 677 centri,
746 646 837 671 non
858 634 935 671 sint
954 634 1053 672 aliae
1071 646 1202 681 qvam
1218 639 1491 681 apparentes,
1514 634 1657 681 qvoad
1673 634 1821 671 Terrae

179 686 461 734 superficiem,
479 687 594 733 qvod
611 698 664 724 ex
678 687 969 724 declinatione
983 687 1020 724 8(
1032 687 1281 724 Azimuthis
1294 687 1604 734 apparentibus
1617 687 1820 735 colligan-

178 746 258 784 tur,
280 739 514 787 infringere
534 744 718 777 tentans.
735 740 901 777 Verum
922 751 976 777 ne
997 740 1068 777 hic
1086 740 1260 787 qvidem
1281 739 1544 778 inductionis
1561 740 1714 778 nostrae
1731 742 1820 777 vim

178 793 275 830 satis
296 793 443 831 dextre
465 795 636 840 accipis,
658 804 763 830 nam
783 799 1075 840 praeterqvam
1097 793 1210 840 qvod
1232 793 1464 831 declinatio
1486 793 1575 830 visa
1591 805 1616 831 a
1632 805 1737 831 vera
1757 795 1820 830 in-

178 845 424 884 sensibiliter
444 845 709 893 discrepavit,
731 851 777 883 ut
798 857 851 883 ex
871 845 961 893 ipso
983 844 1114 884 ductu
1131 842 1145 895 ΙΙ
1163 846 1372 889 Cometae,
1395 846 1468 884 fibi
1487 846 1653 894 semper
1668 852 1758 884 tam
1774 848 1820 883 in

179 910 339 947 magna
355 911 487 946 qvam
503 910 639 946 parva
656 899 896 943 altitudine,
915 899 1070 936 eodem
1086 904 1237 937 tenore
1250 899 1480 943 constante,
1498 900 1632 937 veluti
1644 902 1689 937 in
1701 904 1819 937 ante-

180 952 430 990 cedentibus
446 952 544 989 satis
561 952 774 990 ostensum
790 952 856 996 est,
874 957 1002 999 patet,
1020 953 1183 990 accedit
1201 952 1238 990 8(
1254 952 1350 994 hoc.
1368 953 1482 999 qvod
1500 952 1663 990 etiamsi
1680 952 1818 990 discri-

179 1017 281 1042 men
302 1005 479 1052 aliqvod
499 1005 704 1048 sensibile,
728 1007 839 1043 inter
858 1017 1010 1043 veram
1031 1005 1068 1042 &
1088 1005 1224 1043 visam
1244 1006 1582 1043 declinationem
1605 1006 1819 1049 incidisset,

179 1058 468 1096 nihilominus
485 1064 666 1106 utraqve
683 1058 928 1096 differentia
944 1059 1132 1096 duarum
1149 1058 1493 1096 declinationum
1510 1061 1554 1096 in
1571 1058 1744 1096 diversis
1761 1059 1820 1096 al-

178 1111 446 1155 titudinibus,
462 1111 653 1149 visarum
668 1112 868 1149 videlicet
880 1117 919 1149 et
931 1123 1148 1156 verarum,
1168 1111 1242 1149 sibi
1258 1114 1446 1149 invicem
1462 1117 1720 1159 aeqvaretur,
1738 1112 1820 1150 dis-

180 1166 360 1202 crimine
381 1165 597 1202 incidente
618 1164 790 1212 prorsus
812 1165 1054 1203 insensibili.
1076 1166 1218 1212 Atqve
1240 1170 1437 1202 nontam
1453 1166 1505 1203 de
1522 1165 1820 1203 declinationi-

178 1217 259 1255 bus
280 1217 388 1265 ipsis,
411 1229 543 1265 qvam
563 1218 805 1256 earundem
828 1217 1074 1256 differentia
1096 1218 1181 1255 illic
1205 1220 1356 1265 agitur,
1381 1230 1478 1265 qvae
1502 1230 1554 1255 ex
1577 1220 1820 1256 variatione

180 1272 273 1318 ejus
289 1271 447 1309 diurna
463 1271 517 1308 ab
534 1282 625 1308 una
641 1271 868 1309 altitudine
884 1273 930 1308 in
947 1271 1214 1309 consimilem
1230 1271 1355 1309 facile
1373 1272 1599 1319 colligitur,
1616 1277 1821 1318 tantaqve

180 1326 257 1362 erit
277 1323 378 1362 visae
399 1324 715 1367 declinationis,
740 1330 903 1371 qvanta
927 1326 1058 1362 etiam
1079 1336 1195 1362 verae
1219 1324 1430 1367 alteratio,
1455 1336 1586 1371 qvam
1609 1327 1820 1372 proxime,

180 1377 293 1424 qvod
309 1389 440 1414 nemo
457 1377 552 1415 haec
569 1379 758 1424 penitius
774 1378 1018 1425 intelligens
1036 1377 1220 1415 inficiari
1236 1379 1403 1424 poterit.
1422 1377 1567 1424 Qvare
1582 1379 1624 1415 id
1637 1378 1751 1425 qvod
1769 1378 1820 1415 de

180 1430 470 1468 declinatione
484 1430 572 1478 ipsa
586 1430 735 1468 saltem
747 1431 941 1469 adhibita
952 1431 1199 1478 praetendis,
1218 1429 1518 1468 collectionem
1531 1431 1718 1469 nostram
1730 1442 1821 1468 non

179 1483 370 1530 impedit,
392 1484 616 1531 multoqve
637 1486 785 1521 minus
801 1484 916 1531 qvod
933 1484 1161 1521 Azimuthi
1181 1486 1312 1522 etiam
1328 1483 1402 1521 visi
1419 1484 1732 1531 impedimenta
1748 1484 1821 1522 ob-

179 1537 327 1574 trudis.
351 1537 506 1584 Neqve
530 1539 648 1574 enim
668 1542 708 1575 te
729 1539 931 1585 ignorare
955 1539 1156 1584 oportuit,
1182 1537 1354 1574 nullum
1376 1538 1451 1574 esse
1473 1537 1700 1575 discrimen
1720 1538 1821 1574 Azi—

179 1590 321 1628 muthi
340 1592 432 1628 veri
453 1596 493 1628 et
513 1590 599 1633 visi,
622 1596 958 1638 qvantacunqve
979 1591 1157 1628 tandem
1179 1590 1306 1628 fuerit
1327 1590 1512 1637 alicujus
1533 1590 1822 1628 Phaenomeni

179 1642 430 1687 Parallaxis,
443 1655 544 1681 cum
555 1643 687 1681 ambo
698 1649 909 1691 perpetuo
922 1645 967 1681 in
979 1655 1069 1681 uno
1083 1649 1122 1681 et
1134 1644 1290 1681 eodem
1300 1644 1493 1681 verticali
1504 1643 1694 1681 existant.
1706 1643 1821 1690 Qva-

178 1701 353 1744 propter
373 1708 474 1734 cum
494 1698 540 1734 in
561 1697 635 1735 ista
656 1699 989 1735 ratiocinatione
1011 1709 1064 1734 ex
1085 1696 1458 1734 observationibus
1476 1699 1688 1734 accuratis
1706 1708 1821 1734 com-

178 1750 370 1797 perissem
391 1749 682 1788 differentiam
704 1750 985 1788 altitudinum
1006 1750 1332 1788 observatarum
1352 1752 1397 1787 in
1418 1749 1641 1797 superficie
1659 1750 1820 1793 Terrae,

179 1814 270 1840 non
290 1802 462 1840 differre
483 1803 731 1841 sensibiliter
751 1804 805 1841 ab
826 1805 890 1851 ijs,
913 1815 1009 1850 qvae
1029 1804 1185 1841 eodem
1200 1803 1334 1841 modo
1351 1801 1542 1850 respectu
1558 1805 1692 1840 centri
1709 1805 1820 1850 ejus-

179 1856 277 1893 dem
293 1855 458 1900 fierent,
476 1856 625 1895 habita
641 1859 773 1894 etiam
789 1862 969 1894 mutatae
986 1857 1289 1894 declinationis
1303 1856 1386 1893 five
1398 1867 1515 1893 verae
1527 1856 1610 1893 five
1623 1856 1723 1894 visae
1737 1857 1820 1903 (res

179 1910 297 1946 enim
313 1909 421 1947 redit
437 1909 610 1956 eodem)
632 1911 814 1953 ratione,
836 1921 927 1947 non
946 1911 1307 1947 inconvenienter
1323 1909 1510 1947 conclusi
1527 1909 1757 1947 Cometam
1776 1911 1821 1946 in

177 1967 298 2000 tanta
314 1974 340 2000 a
355 1962 491 2001 Terra
507 1962 622 2001 fuisse
639 1963 848 2007 distantia,
870 1968 916 2000 ut
932 1963 1065 2010 hujus
1082 1963 1399 2000 semidiameter
1416 1974 1506 2000 non
1523 1962 1736 2005 habuerit,
1758 1974 1820 2000 re-

178 2013 320 2062 speetu
335 2015 451 2053 istius
468 2018 736 2059 remotionis,
755 2016 1079 2063 perceptibilem
1096 2018 1393 2063 qvantitatem,
1413 2016 1597 2062 ideoqve
1614 2015 1741 2063 longe
1758 2016 1821 2053 su-

178 2079 256 2115 pra
273 2070 337 2114 (1¹¹
354 2071 399 2106 in
415 2069 505 2116 ipso
521 2069 716 2107 altissimo
735 2069 898 2107 aethere
920 2069 1184 2107 curriculum
1206 2069 1332 2106 suum
1353 2070 1593 2112 exercuisse,
1615 2069 1821 2116 siqvidern

178 2121 247 2159 vel
262 2123 308 2159 in
323 2122 412 2169 ipsa
424 2134 619 2160 concava
630 2122 854 2169 superficie
866 2123 1053 2160 Lunaris
1064 2122 1246 2169 sphaerae
1258 2122 1393 2159 ferme
1405 2122 1533 2159 sextae
1546 2124 1678 2169 partis
1691 2124 1822 2159 unius

178 2175 336 2221 gradus
353 2175 579 2213 discrimen
597 2178 875 2223 contingeret,
893 2177 1004 2213 inter
1016 2187 1090 2213 eas
1102 2175 1365 2219 altitudines,
1383 2187 1480 2222 qvae
1492 2175 1633 2213 taliter
1645 2187 1667 2213 e
1680 2175 1821 2222 super-

179 2226 274 2265 ficie
298 2233 337 2266 et
360 2234 508 2266 centro
528 2228 677 2266 Terrae
701 2234 1081 2276 componerentur.
1107 2228 1217 2274 Qvae
1241 2234 1354 2266 certe
1376 2229 1578 2276 digressio‚
1603 2231 1648 2265 in
1669 2228 1821 2266 Instru-

178 2286 327 2319 mento
339 2281 394 2320 ad
407 2283 601 2320 amussim
614 2282 839 2320 elaborato
852 2281 889 2319 8(
902 2284 1103 2319 omnium
1115 2284 1388 2319 minutorum
1403 2284 1564 2328 capaci,
1582 2282 1715 2319 latere
1732 2293 1822 2319 non

179 2336 328 2381 potuit.
356 2335 406 2372 Et
429 2335 457 2372 si
480 2340 580 2379 tuae,
604 2335 878 2382 aliorumqve
902 2336 1114 2373 assertioni
1138 2335 1337 2373 Cometae
1360 2335 1610 2373 Parallaxin
1634 2336 1821 2382 qvinqve

179 2389 377 2433 proxime
393 2391 583 2435 partium
600 2390 913 2435 imputantium
929 2389 1111 2426 assentiri
1127 2390 1189 2426 rei
1205 2390 1364 2426 veritas
1383 2400 1474 2425 non
1495 2388 1754 2435 prohiberet,
1776 2390 1821 2424 in

180 2440 307 2488 longe
324 2441 468 2479 adhuc
485 2444 629 2490 majus
645 2441 881 2480 absurdum
897 2443 1121 2489 negotium
1138 2441 1453 2479 devolveretur.
1476 2442 1595 2479 Nam
1616 2443 1661 2478 in
1679 2443 1821 2487 primo

181 2493 295 2540 qvod
311 2494 575 2532 adduximus
592 2494 807 2542 exemplo,
829 2494 950 2532 fieret
969 2493 1214 2532 differentia
1230 2506 1435 2532 verarum
1457 2494 1493 2531 8(
1515 2495 1820 2541 apparentium

1527 2546 1819 2587 altitudinum,
