2209 3213
123 828 153 853 10

123 1094 153 1119 15

122 1359 155 1384 20

123 1624 156 1649 25

105 1875 169 1907 225

123 1943 156 1968 30

124 2209 158 2234 35

125 2474 158 2499 40

508 230 1030 269 RECENTIORIBUS
1050 231 1509 270 PHAENOMENIS
1775 231 1834 269 191

190 337 331 384 prodit
352 336 550 374 Cometae
571 335 832 380 Declinatio,
854 336 896 374 P.
914 337 950 374 6.
968 337 1030 374 M.
1047 338 1098 375 44
1119 338 1273 380 Borea,
1295 338 1333 375 &
1353 337 1555 375 Ascenfio
1577 340 1670 374 eius
1691 335 1832 381 Recta,

190 390 232 427 P.
249 389 330 427 310.
348 389 411 426 M.
423 389 508 433 4723,
525 400 701 435 vnaque
718 391 812 426 eius
828 389 1073 437 Longitudo
1090 392 1135 427 in
1151 391 1194 428 P.
1207 391 1260 429 15.
1274 390 1337 428 M.
1350 391 1390 428 15
1407 400 1465 434 m,
1483 390 1698 434 Latitudo,
1715 391 1757 427 Ρ.
1770 391 1833 427 24.

191 443 254 480 M.
275 442 322 481 34
342 442 500 485 Borea;
524 442 655 488 quod,
677 453 766 488 quo
786 442 841 479 ad
863 442 1212 490 Longitudinem,
1234 443 1354 490 quafi
1379 445 1393 482 ἐν
1413 444 1572 491 gradus
1594 443 1735 481 nostra
1755 455 1833 481 nu-

189 497 431 533 meratione
453 494 507 532 est
527 494 718 538 vlterius,
740 497 785 532 in
804 495 1051 533 Latitudine
1072 496 1160 534 fere
1186 498 1201 536 ὲ
1220 497 1380 544 gradus
1400 496 1554 534 deficit.
1577 496 1656 539 Sic,
1679 497 1834 534 eodem

190 549 271 591 die,
289 548 417 586 Hora
432 548 468 585 6.
486 547 548 585 Μ.
566 547 602 590 3,
620 558 673 584 ex
689 548 930 585 Azimutho
947 549 989 586 Ρ.
1006 549 1069 587 48.
1087 549 1150 587 M.
1167 549 1203 592 0,
1222 550 1259 587 &
1276 550 1530 592 Altitudine,
1550 550 1592 587 P.
1610 550 1671 587 35.
1691 550 1753 587 Μ.
1771 549 1833 591 50,

190 603 393 649 prouenit
409 602 503 638 eius
519 600 778 648 Longitudo,
794 603 840 638 in
856 601 898 639 P.
916 602 969 639 15.
988 602 1050 639 M.
1067 602 1108 639 31
1125 612 1183 646 m,
1201 602 1238 639 &
1255 602 1469 646 Latitudo,
1487 603 1529 640 P.
1542 603 1605 640 24.
1618 603 1681 640 Μ.
1693 603 1734 646 9;
1751 602 1835 639 1106

190 655 286 692 1060
305 653 550 701 Longitudo
571 653 705 701 paulo
725 653 870 692 adhuc
891 654 989 701 plus
1010 666 1036 692 a
1057 655 1207 692 nostris
1228 658 1418 693 inuentis
1439 656 1610 699 recedit,
1631 656 1701 693 sed
1722 656 1833 693 Lati-

189 707 294 745 tudo
305 718 357 744 eo
367 708 504 754 magis
516 709 852 754 appropinquat.
864 707 1061 745 Adhibui
1073 710 1219 755 itaque
1230 708 1448 746 &tertiam
1459 708 1834 751 Obseruationem,

190 760 318 798 Hora
333 760 369 798 6.
388 760 450 797 M.
468 759 527 799 131
554 758 725 804 factam,
749 762 795 797 in
818 760 1071 803 Azimutho‚
1095 761 1137 798 P.
1155 762 1208 799 51.
1232 761 1294 799 M.
1311 762 1347 805 O,
1372 761 1410 798 8(
1433 762 1687 805 Altitudine,
1712 762 1753 799 Ρ.
1771 762 1833 799 34.

191 813 253 851 M.
270 813 333 857 30,
355 813 426 850 vbi
447 813 594 851 euadit
610 812 855 860 Longitudo
873 815 978 856 eius,
1000 815 1045 851 in
1061 814 1103 851 P.
1121 815 1174 852 15.
1192 814 1255 851 M.
1274 815 1314 852 18
1335 824 1392 857 za,
1416 814 1453 851 8(
1474 815 1690 857 Latitudo,
1712 815 1754 852 P.
1771 815 1833 852 24.

191 866 254 904 M.
272 867 307 903 4.
325 865 409 904 Sed
425 865 463 903 8(
479 865 562 909 hic,
581 865 735 903 eadem
751 865 839 903 fere
856 869 1068 913 reperitur
1080 878 1106 904 a
1118 867 1259 904 nostra
1276 870 1561 905 annotatione
1578 867 1834 911 differentia,

191 919 333 966 qualis
344 921 390 956 in
401 921 543 966 prima
553 919 869 957 Obseruatione
879 920 1165 967 contingebat,
1179 932 1279 967 quae
1290 926 1439 958 tamen
1450 932 1541 958 non
1552 921 1663 958 adeo
1675 932 1836 968 magna

192 972 258 1016 est,
276 974 383 1019 quin
399 978 574 1019 propter
590 971 809 1009 diuersum
826 974 937 1009 inter
948 984 1029 1010 nos
1042 972 1371 1011 Obseruationis
1387 974 1581 1017 modum,
1599 974 1834 1012 excusatio-

191 1036 294 1063 nem
310 1025 435 1063 facile
451 1030 683 1062 mereatur.

244 1077 583 1116 DECEMBRIS
596 1077 695 1115 DIE
708 1078 737 1115 Ι.
751 1077 879 1115 Hora
888 1078 923 1115 6.
935 1078 998 1116 M.
1009 1079 1071 1122 34,
1084 1090 1160 1126 per
1171 1079 1383 1117 Azimuth
1395 1080 1558 1123 datum,
1572 1080 1613 1117 P.
1625 1080 1686 1118 56.
1699 1080 1761 1117 M.
1772 1080 1834 1122 40.

192 1131 229 1169 8(
254 1131 556 1174 Altitudinem,
581 1131 624 1168 P.
647 1131 711 1168 32.
736 1130 798 1168 M.
822 1131 885 1173 25,
912 1142 965 1168 ex
989 1131 1086 1169 loco
1113 1134 1244 1170 etiarn
1270 1132 1382 1170 Solis
1407 1132 1616 1177 adhibito,
1642 1135 1687 1170 in
1712 1133 1754 1170 P.
1782 1133 1834 1170 19.

192 1184 255 1222 Μ.
268 1184 318 1222 40
336 1188 374 1227 ‚3¹
384 1215 392 1228 ,
409 1186 634 1222 inuenitur
645 1183 847 1221 Ascenfio
860 1183 988 1222 Recta
1000 1185 1210 1229 Cometae,
1228 1186 1270 1223 P.
1283 1185 1354 1223 311.
1368 1186 1431 1223 M.
1444 1186 1507 1229 55,
1523 1186 1560 1223 8(
1574 1186 1834 1229 Declinatio,

191 1238 234 1275 P.
251 1238 287 1276 7.
309 1237 372 1275 M.
389 1237 440 1275 22
460 1237 614 1281 Borea,
638 1236 828 1284 hincque
849 1239 943 1275 eius
963 1238 1209 1286 Longitudo
1230 1238 1402 1286 prosilit,
1424 1241 1470 1276 in
1489 1239 1532 1277 P.
1550 1240 1603 1276 16.
1625 1239 1688 1277 M.
1706 1239 1756 1277 38
1777 1248 1835 1282 m,

192 1291 408 1334 Latitudo,
429 1290 472 1328 P.
489 1290 551 1328 24.
574 1290 637 1328 M.
654 1290 722 1334 20;
744 1290 874 1337 idque
895 1290 1084 1329 nostram
1104 1292 1444 1336 denotationem,
1466 1294 1512 1329 in
1532 1292 1835 1340 Longitudine,

193 1343 313 1391 quasi
332 1343 575 1391 quadrante
595 1343 754 1391 gradus
775 1344 954 1388 excedit,
975 1346 1021 1382 in
1042 1344 1290 1383 Latitudine
1310 1345 1399 1383 fere
1420 1345 1601 1383 dimidio
1623 1346 1760 1393 gradu
1783 1345 1837 1383 ab

193 1408 246 1435 ea
263 1396 418 1435 deficit.
439 1397 497 1434 At
513 1396 542 1434 fi
559 1396 922 1435 Obseruationem
939 1397 1067 1435 Hora
1083 1398 1118 1436 7.
1137 1398 1200 1436 M.
1217 1399 1268 1436 49
1283 1397 1454 1442 faciam,
1475 1410 1563 1437 vna
1584 1398 1837 1446 expenderi-

192 1461 303 1493 mus,
327 1452 557 1497 proueniet
579 1461 633 1487 ex
655 1450 908 1493 Azimutho,
932 1450 975 1488 P.
997 1451 1059 1489 74.
1084 1451 1147 1489 M.
1168 1452 1204 1495 Ο,
1229 1451 1267 1489 8(
1290 1452 1545 1495 Altitudine,
1570 1452 1612 1489 P.
1634 1452 1696 1489 22.
1721 1452 1784 1489 Μ.
1801 1452 1837 1496 Ο,

194 1503 439 1551 Longitudo
450 1505 496 1540 in
508 1503 550 1540 P.
564 1503 617 1541 16.
630 1503 694 1540 M.
706 1503 757 1541 49
773 1512 831 1547 zzz,
844 1515 944 1541 eum
957 1504 1217 1548 Latitudine,
1230 1505 1272 1542 P.
1285 1505 1348 1542 24.
1361 1505 1424 1543 M.
1437 1505 1499 1549 33,
1513 1505 1630 1552 quod
1647 1505 1837 1552 quidem,

194 1567 282 1603 quo
299 1556 353 1594 ad
370 1556 720 1604 Longitudinem,
741 1556 875 1603 paulo
896 1557 1006 1603 plus,
1028 1569 1163 1604 quam
1179 1563 1321 1602 antea,
1342 1570 1490 1596 meam
1505 1560 1839 1596 annotationem

193 1609 376 1657 superat,
393 1609 463 1647 sed
479 1611 524 1646 in
536 1609 796 1653 Latitudine,
812 1610 951 1647 multo
967 1613 1147 1657 propius
1164 1612 1339 1655 accedit,
1356 1613 1415 1649 ita
1429 1617 1472 1649 vt
1488 1623 1606 1649 nunc
1618 1614 1690 1649 vix
1706 1611 1778 1649 hic
1794 1611 1839 1648 s1t

194 1662 439 1700 differentia
448 1662 703 1709 quadrantis
711 1663 882 1710 gradus,
891 1675 992 1710 quae
1001 1665 1121 1711 prius
1130 1663 1218 1702 fere
1226 1664 1457 1702 dimidium
1464 1664 1839 1712 attingebat.Vnde

193 1715 340 1763 liquet,
353 1716 617 1753 Altitudines
629 1715 767 1759 hasce,
780 1721 910 1763 atque
922 1717 1175 1761 Azimutha,
1188 1717 1257 1755 vel
1270 1720 1401 1755 etiam
1412 1723 1611 1765 tempora
1621 1719 1839 1765 adaptata,

194 1780 286 1806 non
297 1769 457 1816 vbique
468 1768 566 1807 satis
577 1768 834 1816 scrupulose,
848 1768 885 1806 &
897 1781 962 1814 ea,
975 1781 1064 1817 qua
1074 1781 1153 1818 par
1165 1776 1256 1809 erat
1266 1771 1531 1818 praecifione,
1544 1777 1721 1819 accepta
1733 1767 1840 1821 esse.ll

460 1866 888 1905 PARALLAXEOS
909 1867 1330 1907 INUESTIGATIO
1351 1868 1576 1906 TERTIA.

302 1927 669 1966 IHILOMINUS
694 1928 732 1965 8(
758 1928 829 1966 hic
855 1931 1142 1976 experiemur,
1174 1930 1440 1968 conferendo
1465 1930 1583 1969 hunc
1609 1930 1647 1968 8(
1672 1936 1841 1969 antece-

324 1982 500 2019 dentem
525 1981 653 2025 diem,
679 1986 825 2019 vtrum
849 1982 999 2029 aliqua
1023 1982 1227 2021 sensibilis
1252 1984 1489 2031 parallaxis
1514 1984 1616 2022 huic
1642 1984 1841 2022 Cometae

194 2035 392 2073 adfuerit.
414 2035 567 2073 Motus
587 2034 771 2072 diurnus
789 2046 919 2072 verus
940 2047 993 2073 ex
1014 2036 1247 2074 conatione
1268 2038 1427 2081 euadit,
1450 2037 1505 2075 G.
1523 2038 1549 2075 1.
1567 2037 1630 2075 M.
1648 2038 1702 2082 19,
1724 2038 1842 2084 quod

194 2088 345 2126 nostris
361 2090 556 2126 numeris
573 2087 693 2135 quafi
708 2089 754 2125 in
767 2090 939 2126 minuto
951 2089 1176 2133 consentit;
1193 2090 1381 2137 ideoque
1393 2091 1462 2128 die
1474 2091 1770 2134 antecedente,
1788 2091 1842 2128 ab

195 2142 323 2179 Hora
338 2142 374 2180 5.
392 2142 455 2179 M.
473 2141 549 2185 124,
566 2143 612 2178 in
628 2141 803 2178 Horam
814 2142 849 2179 6.
863 2141 926 2179 M.
939 2142 1014 2185 131,
1032 2143 1266 2181 interuallo
1283 2145 1412 2181 vnius
1429 2144 1581 2187 Horae,
1598 2150 1722 2181 motu
1738 2155 1842 2181 vero

194 2200 423 2242 promotus
438 2194 571 2232 fuisset
587 2193 658 2231 hic
670 2194 868 2238 Cometa,
886 2195 950 2232 M.
962 2195 1020 2238 33,
1038 2196 1155 2242 quod
1171 2198 1216 2233 in
1230 2196 1327 2244 ips1s
1338 2196 1548 2244 scrupulis
1560 2199 1699 2234 motui
1710 2209 1842 2244 appa-

195 2250 305 2286 renti
326 2248 523 2295 quadrat.
548 2247 645 2285 Fuit
667 2249 784 2284 enim
805 2249 841 2285 is
861 2250 906 2285 in
927 2250 1060 2295 priori
1082 2249 1411 2293 Obseruatione,
1436 2250 1478 2288 P.
1495 2250 1547 2288 15.
1571 2250 1633 2288 M.
1652 2251 1692 2288 15
1716 2260 1773 2294 zzz,
1798 2252 1843 2287 in

195 2301 429 2348 posteriori,
453 2301 496 2338 P.
513 2301 567 2339 15.
585 2300 648 2338 M.
666 2300 741 2344 183,
765 2302 836 2344 ita,
860 2306 904 2338 vt
925 2301 1169 2340 differentia
1189 2303 1408 2350 Vtriusque
1430 2305 1683 2341 inueniatur
1704 2303 1766 2341 M.
1784 2303 1842 2345 33,

196 2353 344 2392 exacte
368 2355 523 2392 eadem
547 2365 681 2401 quam
705 2353 852 2391 cursus
874 2366 1004 2392 verus
1027 2355 1210 2393 diurnus
1234 2358 1374 2404 exigit.
1402 2357 1465 2394 Ex
1487 2368 1575 2403 quo
1596 2358 1723 2404 igitur
1746 2368 1842 2403 pro-

195 2409 332 2445 motio
344 2419 574 2455 apparens,
591 2407 645 2445 ab
658 2406 901 2444 Altitudine
915 2410 1105 2455 partium
1117 2411 1316 2456 proxime
1328 2410 1382 2453 41,
1399 2412 1444 2447 in
1456 2410 1745 2447 Altitudinem
1757 2410 1841 2451 341.

196 2460 326 2508 plane
350 2460 586 2498 consentiat
609 2471 710 2497 cum
732 2465 855 2498 motu
875 2472 992 2504 vero,
1017 2462 1297 2500 necessarium
1319 2465 1409 2506 erit,
1432 2462 1535 2500 huic
1555 2462 1753 2500 Cometae
1774 2463 1843 2499 vel

196 2513 377 2557 nullam,
388 2513 457 2551 vel
466 2513 639 2561 prorsus
649 2512 936 2551 insenfibilem
948 2514 1163 2552 adhaefisse
1173 2515 1435 2553 Parallaxin.
1450 2516 1581 2562 Quod
1591 2515 1620 2553 s1
1631 2516 1842 2554 Obserua-

1677 2571 1841 2606 tionem
