2209 3213
123 798 154 823 10

101 1005 167 1037 454

124 1064 153 1089 15

120 1330 153 1355 20

121 1597 154 1622 25

119 1863 152 1888 30

118 2130 151 2155 35

120 2395 153 2420 40

511 196 1034 235 RECENTIORIBUS
1055 193 1514 233 PHAENOMENIS
1759 192 1836 231 363

192 315 283 341 non
307 303 513 346 habuisse;
544 303 731 349 ideoque
757 304 940 341 candide
966 314 1046 340 nec
1072 305 1177 340 citra
1202 304 1431 344 rationem,
1457 300 1626 343 fatetur,
1652 299 1692 336 se
1717 299 1839 337 salua

192 357 382 395 aliorum
398 356 659 404 diligentiori
676 356 1005 399 Obseruatione,
1022 356 1117 394 haec
1134 355 1209 393 sua
1225 354 1450 402 protulisse.

245 409 393 448 Postea
417 411 462 447 in
488 409 778 456 explicatione
804 409 1082 456 Astrologica‚
1114 415 1329 456 quantum
1355 408 1410 445 ad
1436 405 1612 445 effeetus
1639 406 1837 444 Cometae

191 463 492 511 praedicendos
517 464 679 506 attinet,
709 462 807 500 satis
833 462 1030 509 copiosus
1057 462 1094 500 8(
1121 462 1302 509 diligens
1329 461 1394 504 est,
1425 460 1558 497 modo
1584 471 1711 506 aeque
1737 471 1837 496 con-

191 518 431 559 uenienter,
449 515 487 553 &
503 527 619 559 uere,
637 518 698 553 rei
714 515 923 553 nucleum
938 516 1138 562 attigisset‚
1156 515 1208 552 de
1226 515 1383 561 quibus
1399 519 1547 551 tamen
1563 524 1713 550 meum
1728 513 1837 550 iudi-

191 572 308 608 cium
324 571 601 616 interponere
617 569 735 612 nolo,
752 568 963 616 fiquidem
976 569 1243 616 Astrologica
1259 568 1330 605 hic
1347 567 1554 605 discutere
1571 566 1745 603 instituti
1761 577 1837 603 no-

191 623 258 661 stri
274 625 385 660 ratio
401 634 493 660 non
509 622 706 659 admittit.

245 674 688 714 M.VALENTINVS
710 674 1048 713 STEINMETZ
1069 674 1373 717 Gerlbachius,
1396 673 1600 711 Professor
1617 672 1836 720 Lipsenfis,

192 732 237 767 in
254 741 306 767 eo
323 741 455 777 quem
472 729 524 766 de
541 728 625 766 hoc
642 729 829 767 Cometa
846 728 1115 766 Germanica
1136 728 1285 775 lingua
1305 727 1544 774 publicauit
1560 726 1740 769 Libello,
1762 726 1837 764 sta-

190 786 267 821 tim
284 783 337 821 ab
355 784 490 825 initio,
510 782 677 820 dudum
693 781 947 828 approbatae
965 781 1212 823 Sententiae,
1230 781 1282 818 de
1300 781 1588 818 Cometarum
1604 779 1732 817 causa
1747 791 1837 817 ma-

190 836 331 875 teriali
356 836 393 874 8(
419 835 647 879 efficiente,
673 835 875 879 infistens,
902 837 1094 872 rationes
1116 835 1405 881 Astrologicas
1429 835 1522 871 eius
1545 835 1838 880 generationis

190 891 411 938 perquirit,
429 901 528 936 quae
546 900 634 936 quo
650 889 747 926 loco
764 888 981 926 habendae
997 888 1086 932 fint,
1104 888 1336 935 aliquoties
1353 885 1514 924 dicium
1531 886 1597 923 est.

245 943 609 982 obseruationem
625 954 732 980 uero
752 944 845 980 eius
863 944 1055 989 primum
1071 942 1140 979 die
1158 941 1279 979 XVII
1297 939 1564 977 Nouembris
1580 940 1836 987 aggreditur,

190 1002 382 1043 tuncque
403 998 448 1033 in
469 996 509 1033 13
527 992 541 1046 ΙΙ
557 995 741 1043 gradum
764 1001 804 1039 z,
827 1007 927 1033 cum
948 996 1196 1033 Latitudine
1217 995 1257 1032 17
1278 993 1507 1041 graduum,
1530 1005 1632 1031 eum
1650 995 1837 1040 reponit;

191 1050 635 1095 Declinationemque
660 1049 714 1087 ab
739 1048 982 1096 AEquatore
1008 1048 1200 1086 attribuit
1225 1048 1267 1085 P.
1294 1048 1346 1090 13,
1378 1047 1452 1084 ubi
1476 1048 1522 1083 in
1547 1047 1838 1094 Longitudine

192 1103 246 1142 G.
264 1103 311 1143 6}
327 1102 481 1147 deficit,
500 1104 546 1140 in
562 1102 810 1140 Latitudine
827 1102 1022 1140 abundat
1038 1102 1080 1139 P.
1098 1102 1133 1145 2,
1152 1101 1190 1139 8(
1206 1103 1251 1138 in
1268 1100 1575 1138 Declinatione
1593 1102 1724 1137 etiarn
1740 1100 1838 1147 plus

192 1157 298 1195 iusto
314 1156 457 1200 habet,
478 1155 800 1203 propemodum
816 1161 923 1203 part.
941 1156 976 1193 6.
1001 1155 1069 1193 Sic
1087 1157 1219 1193 etiam
1235 1155 1303 1192 die
1320 1154 1424 1192 XXI
1442 1153 1722 1196 Nouembris,
1745 1155 1838 1190 eius

191 1209 530 1258 Longitudinem
550 1210 574 1248 7
594 1209 711 1256 grad.
733 1209 830 1256 plus
852 1209 958 1247 iusto
979 1211 1199 1256 anticipat,
1221 1208 1259 1245 8(
1281 1207 1576 1245 Latitudinem
1599 1212 1730 1253 atque
1751 1206 1837 1244 De-

191 1263 474 1301 clinationem
500 1263 671 1300 duobus
697 1264 862 1300 circiter
886 1262 1091 1310 gradibus
1116 1264 1304 1299 nimium
1330 1261 1527 1308 adauget.
1555 1260 1691 1297 Haud
1715 1259 1839 1297 aliter

191 1319 305 1355 circa
320 1316 487 1354 XXIIII
504 1315 772 1354 Nouembris
789 1314 1004 1354 defectum
1020 1318 1066 1353 in
1083 1315 1373 1362 Longitudine
1394 1315 1632 1357 committit,
1654 1318 1761 1360 part.
1779 1314 1837 1356 δὲ,

190 1372 237 1408 in
250 1370 498 1408 Latitudine
514 1369 649 1416 paulo
665 1371 845 1417 propius
862 1369 1042 1413 accedit;
1059 1369 1129 1407 fed
1141 1368 1497 1406 Declinationem
1513 1367 1684 1405 duobus
1700 1367 1838 1414 gradi-

190 1423 271 1462 bus
287 1423 385 1470 plus
403 1423 547 1461 debito
565 1423 767 1461 extendit.

243 1477 389 1514 Prima
400 1476 469 1514 die
481 1476 737 1514 Decembris
754 1488 844 1514 non
861 1478 1041 1523 propius
1057 1477 1190 1513 ternis
1206 1476 1322 1523 grad.
1336 1486 1455 1512 uerae
1469 1473 1749 1521 Longitudini
1765 1485 1838 1520 ap·

191 1532 469 1578 propinquat,
491 1542 571 1568 nec
592 1532 652 1567 ita
671 1529 860 1567 multum
880 1535 995 1573 tunc,
1018 1535 1064 1567 ut
1084 1534 1226 1572 antea,
1248 1531 1293 1566 in
1315 1528 1562 1566 Latitudine
1580 1527 1617 1564 &
1634 1527 1838 1564 Declina-

190 1586 309 1621 tione
319 1584 566 1630 digreditur.
579 1583 923 1621 Praecedentium
934 1583 1105 1620 dierum
1116 1582 1454 1620 Obseruationes
1465 1581 1564 1618 dicit
1573 1580 1612 1617 se
1622 1592 1699 1627 per
1708 1582 1838 1618 nimis

191 1649 331 1684 parua
346 1636 576 1684 minusque
588 1637 749 1674 idonea
761 1636 1049 1674 Instrumenta
1060 1635 1285 1683 perfecisse‚
1302 1636 1490 1682 ideoque
1503 1635 1570 1672 die
1584 1634 1641 1671 III
1654 1634 1837 1671 Decem-

190 1691 290 1734 bris,
312 1690 350 1728 8(
370 1690 660 1737 sequentibus,
682 1689 945 1728 exactiorem
963 1689 1327 1727 obseruationem
1346 1689 1400 1726 ob
1420 1690 1590 1725 maiora
1612 1687 1649 1724 8(
1669 1689 1839 1733 aptiora

193 1744 372 1791 Organa
395 1743 591 1790 spondet;
617 1743 907 1781 nihilominus
932 1755 1040 1781 uero
1066 1755 1118 1780 eo
1143 1743 1232 1790 ipso
1257 1744 1382 1780 tertio
1408 1742 1476 1779 die
1500 1741 1839 1788 Longitudinem

193 1797 391 1836 Cometae
408 1797 621 1834 constituit
637 1799 682 1834 in
695 1797 749 1835 G.
763 1797 804 1834 16
820 1806 878 1840 xx,
895 1797 1067 1834 duobus
1083 1796 1172 1833 fere
1188 1796 1392 1843 gradibus
1409 1797 1686 1837 anteriorem,
1704 1805 1838 1840 quam

190 1852 392 1898 oportuit,
415 1850 453 1887 &
473 1852 519 1887 in
536 1850 784 1888 Latitudine
805 1850 1000 1887 abundat
1020 1849 1297 1896 sesquialtero
1319 1849 1467 1896 gradu.
1490 1848 1572 1886 Sed
1592 1847 1660 1885 die
1677 1847 1735 1884 VI
1752 1847 1838 1884 De—

189 1904 373 1942 cembris
385 1903 523 1950 ipsum
535 1904 720 1951 gradum
732 1903 1035 1950 Longitudinis
1050 1905 1143 1940 eius
1160 1902 1316 1941 rectius
1332 1904 1516 1949 attingit;
1533 1903 1578 1938 in
1591 1900 1839 1938 Latitudine

189 1957 481 1995 nihilominus
505 1957 529 1994 2
554 1957 670 2004 grad.
696 1956 733 1994 8(
756 1959 802 1994 in
826 1957 1134 1994 Declinatione
1160 1957 1197 1996 11}
1222 1956 1338 2003 grad.
1364 1956 1573 1993 excessum
1599 1956 1838 1992 committit.

189 2010 274 2048 Die
296 2010 513 2057 sequente.
537 2010 739 2048 uidelicet
761 2010 840 2047 VII
864 2010 1132 2053 Decembris,
1157 2021 1248 2047 non
1271 2009 1383 2047 adeo
1407 2010 1722 2046 conuenienter
1745 2009 1839 2045 eius

189 2064 527 2111 Longitudinem
543 2064 785 2110 assequitur,
802 2075 972 2110 ponens
989 2074 1088 2101 eam
1104 2065 1149 2100 in
1165 2068 1272 2110 part.
1290 2063 1340 2100 24
1348 2065 1358 2101 ,ἓ
1384 2072 1441 2105 m,
1459 2073 1559 2109 quae
1576 2072 1732 2098 reuera
1749 2066 1839 2098 erat

188 2119 356 2165 integro
377 2117 514 2164 gradu
535 2119 739 2155 anterior.
764 2117 882 2154 Nam
904 2116 1022 2163 quod
1045 2121 1215 2153 motum
1239 2117 1447 2154 diurnum
1470 2116 1697 2162 proprium
1721 2126 1746 2152 a
1770 2114 1838 2151 die

188 2170 474 2218 praecedente,
492 2182 580 2217 quo
598 2171 653 2208 ad
670 2170 1009 2217 Longitudinem
1024 2170 1255 2216 Eclipticae,
1273 2169 1373 2207 facit
1386 2169 1440 2207 G.
1454 2170 1480 2207 l.
1495 2169 1557 2206 M.
1571 2168 1634 2211 40,
1651 2169 1839 2205 nimium

189 2223 244 2261 est
259 2225 305 2261 in
321 2224 372 2261 40
387 2223 471 2261 illis
487 2223 709 2270 scrupulis.
733 2224 835 2261 Erat
856 2225 975 2261 enim
995 2225 1030 2260 is
1051 2223 1200 2260 saltem
1216 2225 1349 2260 unius
1368 2221 1574 2269 exquifite
1596 2220 1766 2268 gradus.
1790 2221 1839 2258 In

190 2277 437 2315 Latitudine
455 2276 493 2314 8(
510 2277 830 2319 Declinatione,
852 2276 936 2314 hoc
953 2288 1130 2323 quoque
1147 2276 1228 2320 die,
1251 2276 1305 2314 ad
1322 2276 1448 2314 binos
1465 2277 1663 2322 proxime
1680 2274 1839 2321 gradus

190 2330 368 2368 excedit.
390 2330 580 2368 Vlterius
605 2342 713 2368 uero
740 2329 1103 2368 Obseruationem
1128 2341 1220 2367 non
1245 2331 1483 2373 continuat,
1509 2328 1579 2366 sed
1605 2327 1838 2365 collatione

190 2382 303 2421 fad’ta
318 2383 414 2427 loci,
432 2395 565 2430 quem
580 2384 635 2421 ab
651 2385 775 2421 initio
792 2383 861 2420 die
877 2383 939 2420 XI
952 2383 1220 2420 Nouembris
1237 2382 1401 2425 habuit,
1420 2393 1519 2419 cum
1537 2393 1589 2418 eo
1606 2392 1738 2428 quem
1755 2380 1838 2417 hoc

190 2436 269 2474 VII
281 2436 537 2474 Decembris
550 2439 589 2474 ei
601 2437 805 2479 attribuit,
822 2436 923 2474 dicit
939 2447 1041 2474 eum
1057 2436 1192 2483 spatio
1209 2436 1259 2474 27
1276 2436 1446 2473 dierum
1463 2434 1837 2476 intermediorum‚

191 2490 241 2528 54
252 2489 411 2537 gradus
423 2489 661 2528 secundum
673 2490 853 2528 Zodiaci
864 2489 1202 2538 Longitudinem
1214 2488 1446 2532 confecisse,
1463 2488 1650 2534 ideoque
1664 2486 1838 2578 Effigsshs

297 2550 347 2577 46*
1715 2551 1754 2578 ie
1786 2550 1837 2577 us
