2209 3213
412 217 488 253 432
810 212 1282 251 APOLOGETICA
1304 212 1661 251 RESPONSIO

411 320 557 359 exacte
575 321 733 358 diurno
751 319 966 356 curriculo
984 319 1272 365 responderet,
1290 330 1381 356 non
1394 324 1516 356 erant
1529 318 1785 356 sufficientia
1796 323 1964 356 tantam
1975 320 2051 357 Pa-

410 375 598 412 rallaxin
620 374 837 415 inducere,
860 378 906 409 ut
926 372 1172 409 sublunaris
1193 371 1284 409 ullo
1304 372 1437 409 modo
1456 372 1707 409 redderetur
1724 371 1926 415 Cometa;
1948 384 2053 410 nam

411 427 554 475 postea
575 426 729 472 colligo
753 431 791 462 et
813 424 1073 462 sufficienter
1094 424 1351 468 demonstro,
1373 424 1401 462 fi
1422 426 1467 462 in
1485 427 1687 471 proxima
1703 427 1972 463 concavitate
1990 427 2053 471 (ζᾶ

413 484 707 518 commoratus
724 478 867 521 fuisset,
888 478 1003 525 qvod
1020 477 1299 515 intervallum
1316 480 1448 516 trium
1464 478 1639 515 istarum
1656 477 1868 515 horarum
1885 490 1960 525 per
1976 479 2052 516 Pa-

412 533 598 570 rallaxin
624 537 793 568 motum
819 533 1045 578 proprium
1070 531 1323 574 inhibuisset,
1351 536 1503 578 qvarta
1527 537 1648 578 parte
1673 531 1845 578 gradus,
1872 532 1982 569 adeo
2008 537 2054 569 ut

411 585 582 633 prorsus
598 585 725 622 nobis
742 584 1017 622 stationarius
1034 595 1110 631 per
1125 590 1236 622 totas
1254 584 1350 621 illas
1366 590 1451 622 tres
1467 584 1601 622 horas
1617 585 1884 631 apparuisset.
1906 584 2053 630 Qvan-

411 646 503 676 tum
529 640 647 675 enim
673 642 817 674 motus
842 639 1045 685 proprius
1070 637 1216 675 versus
1243 635 1401 675 dictam
1426 637 1590 675 stellam
1615 637 1740 674 illum
1769 639 2053 684 promovisset,

411 691 669 729 tantundem
686 690 926 728 Parallaxis
942 691 1184 733 retraxisset,
1202 690 1230 727 fi
1247 690 1386 728 Lunae
1403 690 1571 728 sedibus
1591 692 1889 728 conterminus
1909 690 2053 729 fuisset.

413 745 529 782 Cum
545 756 649 781 vero
667 744 709 781 id
726 744 978 781 nullatenus
995 742 1168 787 factum,
1191 749 1231 781 et
1252 746 1418 781 interea
1434 746 1642 790 temporis
1658 755 1734 790 per
1750 745 1946 790 qvintam
1962 756 2054 791 gra-

413 799 492 836 dus
508 803 688 844 partem,
706 797 760 834 ad
778 796 936 835 dictam
952 796 1116 834 stellam
1132 797 1337 834 accedere
1349 797 1463 834 visus
1475 796 1532 841 fit,
1549 799 1804 843 neutiqvam
1816 796 2056 835 Parallaxis

411 851 509 898 plus
526 862 657 897 qvam
673 852 806 887 ternis
823 850 1044 897 scrupulis,
1068 849 1105 887 &
1126 861 1217 888 non
1234 851 1274 888 15
1291 850 1415 887 illum
1432 850 1633 894 inhibuit,
1652 855 1698 887 ut
1714 849 1809 887 fieri
1825 851 2055 888 necessario

413 909 640 951 oporteret,
663 903 692 940 fi
712 903 782 940 vel
803 902 916 940 infra
936 905 1185 950 proximam
1202 904 1389 941 Lunaris
1409 905 1598 951 regionis
1617 905 1935 941 concavitatem
1951 905 2055 941 exti-

413 958 524 995 tisset.
548 956 650 994 Sola
670 958 798 1004 igitur
818 961 941 994 terna
962 956 1038 994 illa
1058 956 1259 1003 scrupula
1279 956 1514 1003 supersunt,
1536 968 1633 1003 qvae
1652 956 1888 1003 aliqvalem
1904 956 1966 994 illi
1982 957 2055 994 ad-

414 1010 529 1047 fuisse
542 1009 791 1047 Parallaxin
807 1009 992 1047 attestari
1007 1010 1179 1056 possent,
1196 1012 1256 1047 ita
1271 1015 1419 1047 tamen
1436 1015 1482 1047 ut
1498 1021 1589 1047 non
1605 1011 1823 1047 minorem
1835 1021 1966 1056 qvam
1978 1010 2056 1047 300

415 1064 835 1101 semidiametrorum
853 1075 878 1100 a
894 1064 1017 1100 terris
1033 1065 1324 1100 remotionem
1341 1065 1573 1110 exigerent,
1594 1062 1713 1100 velut
1730 1062 1825 1100 haec
1841 1063 1939 1100 satis
1955 1074 2055 1100 con-

415 1117 599 1154 sentiunt
616 1116 855 1164 hypothesi,
873 1127 1004 1162 qvam
1022 1127 1073 1153 ex
1091 1118 1319 1163 apparenti
1334 1121 1458 1153 motu
1471 1116 1669 1154 Cometae
1682 1118 1864 1159 extruxi,
1882 1127 1979 1163 qvae
1994 1118 2056 1153 in-

415 1170 530 1207 ducit
547 1171 640 1217 ejus
657 1181 682 1207 a
698 1169 834 1206 Terra
850 1169 1106 1212 distantiam,
1128 1169 1184 1207 ad
1203 1169 1319 1206 diem
1335 1169 1385 1207 23
1403 1169 1619 1207 Novemb.
1636 1168 2057 1206 semidiametrorum

414 1223 503 1265 360,
526 1223 640 1269 qvod
657 1223 754 1260 licet
770 1222 915 1260 adhuc
931 1222 1136 1260 nonnihil
1153 1223 1332 1260 excedat
1348 1222 1469 1260 istam
1486 1221 1801 1266 collectionem,
1823 1221 1893 1259 hic
1909 1227 2057 1260 tamen

416 1276 599 1313 excessus
617 1287 639 1313 e
656 1275 970 1319 Parallaxibus,
988 1275 1061 1313 ubi
1079 1287 1218 1313 unum
1235 1278 1456 1313 minutum
1472 1275 1709 1323 plurimam
1726 1275 2057 1322 discrepantiam

414 1331 459 1366 in
472 1329 668 1367 distantia
680 1329 856 1373 inducit,
869 1329 980 1366 adeo
992 1329 1167 1376 praecise
1179 1329 1331 1366 haberi
1343 1331 1502 1376 neqvit.
1520 1329 1771 1367 Secundum
1783 1328 1902 1366 hunc
1914 1331 2057 1376 itaqve

415 1382 689 1420 infallibilem
705 1383 942 1429 processum
957 1394 979 1419 e
993 1387 1116 1419 motu
1130 1384 1308 1429 proprio
1322 1382 1519 1420 Cometae
1534 1387 1772 1429 apparente
1787 1382 1946 1419 collato
1958 1393 2058 1419 cum

416 1447 479 1477 eo,
498 1437 569 1482 qvi
582 1436 657 1473 esse
670 1435 882 1479 debuisset‚
896 1435 923 1472 fi
937 1437 1058 1473 omni
1070 1435 1288 1473 Parallaxi
1302 1435 1610 1478 destitueretur,
1629 1440 1668 1472 et
1680 1435 1735 1472 ad
1748 1436 1809 1480 ((3Β
1821 1437 2057 1482 regionem,

414 1489 547 1526 modo
563 1488 649 1526 illic
667 1488 873 1526 effulfisset
886 1488 1084 1531 Cometa,
1102 1488 1335 1526 collatione
1352 1488 1553 1531 instituta,
1571 1488 1885 1526 Mathematice
1899 1499 1921 1525 e
1934 1490 2058 1526 certis

415 1541 787 1579 observationibus
813 1538 827 1591 ΙΙ
853 1542 1143 1579 demonstravi
1170 1553 1271 1579 eum
1297 1542 1527 1580 necessario
1552 1543 1598 1578 in
1624 1541 1785 1579 aethere
1813 1541 1902 1588 ipso
1928 1541 2056 1589 longe

414 1595 541 1642 supra
562 1595 676 1632 hanc
697 1595 868 1633 cursum
889 1595 1015 1633 suum
1037 1595 1268 1632 confecisse.
1291 1595 1445 1642 Neqve
1467 1594 1678 1642 qvispiam
1700 1594 1754 1632 est
1775 1594 2056 1632 Mathemati-

415 1660 579 1691 corum,
597 1650 667 1695 qvi
685 1648 779 1686 haec
796 1651 856 1686 ita
871 1648 911 1686 se
928 1648 1090 1686 habere
1102 1660 1262 1696 negare
1274 1650 1430 1686 merito
1441 1649 1570 1696 possit,
1588 1647 1665 1685 nifi
1677 1647 1774 1695 ipfis
1786 1647 2058 1685 Dedomenis

416 1707 454 1738 et
471 1701 843 1739 observationibus
860 1701 992 1739 fidem
1009 1713 1099 1739 una
1116 1701 1344 1739 detrahere
1360 1701 1475 1745 velit,
1496 1702 1611 1748 qvod
1627 1701 1743 1739 idem
1760 1700 1814 1738 est
1831 1712 1881 1738 ac
1897 1701 1926 1738 fi
1942 1703 2057 1748 prin-

416 1756 527 1801 cipia
544 1766 702 1802 negare
719 1754 963 1802 praesumat.
981 1755 1170 1802 Appello
1188 1766 1354 1799 omnes,
1372 1760 1579 1802 qvotqvot
1591 1754 1660 1791 vel
1668 1756 1761 1802 jam
1773 1754 1879 1797 sunt,
1896 1754 1967 1792 vel
1978 1766 2057 1792 un—

416 1819 546 1854 qvam
567 1807 699 1845 futuri
722 1808 1025 1846 Mathematici
1049 1810 1173 1855 periti
1195 1807 1233 1845 &
1253 1807 1413 1845 harum
1436 1819 1583 1845 rerum
1606 1807 1906 1854 intelligentes,
1929 1812 2057 1854 atqve

416 1860 501 1897 fine
518 1863 622 1908 praej
629 1862 774 1898 udicio
789 1873 881 1899 rem
895 1873 1073 1898 omnem
1085 1862 1233 1899 dextre
1246 1861 1546 1909 dijudicantes,
1563 1872 1715 1898 annon
1726 1860 1823 1898 satis
1836 1860 2059 1898 evidenter

416 1913 497 1951 hac
514 1916 682 1951 ratione
700 1915 1091 1962 comprobaverim,
1110 1915 1308 1952 Cometae
1325 1914 1472 1952 locum
1488 1916 1534 1951 in
1551 1914 1664 1952 coelo
1681 1913 1783 1960 ipso,
1802 1925 1894 1951 non
1909 1918 2058 1951 autem

417 1966 681 2005 Elementari
706 1968 879 2005 Mundo
904 1966 1102 2005 extitisse?
1126 1973 1165 2005 et
1188 1979 1246 2005 an
1269 1973 1357 2005 tuae
1380 1967 1561 2015 spinosae
1583 1966 1848 2014 objectiones
1869 1966 2058 2004 nostram

416 2019 497 2057 hac
521 2021 566 2056 in
588 2026 708 2066 parte
732 2021 1001 2058 assertionem
1023 2020 1059 2058 81
1081 2020 1495 2058 demonstrationem
1518 2019 1778 2058 labefactare
1801 2018 2058 2057 sustineant?

418 2072 482 2109 Est
502 2074 645 2119 itaqve
666 2073 835 2111 summa
856 2074 1009 2111 nostrae
1032 2074 1410 2112 demonstrationis
1431 2073 1664 2112 Cometam
1684 2078 1808 2110 motu
1828 2073 1904 2110 suo
1925 2084 2056 2120 appa-

416 2131 548 2169 rente,
572 2128 702 2163 etiam
722 2129 767 2163 in
789 2127 961 2164 diversis
983 2127 1284 2165 altitudinibus
1306 2139 1397 2164 non
1418 2127 1542 2164 aliter
1557 2126 1597 2164 se
1615 2126 1859 2169 exhibuisse,
1882 2138 2012 2173 qvam
2028 2125 2058 2163 fi

417 2178 646 2221 Parallaxi,
658 2179 727 2216 vel
739 2180 860 2223 nulli,
873 2180 943 2217 vel
956 2182 1087 2218 etiam
1098 2182 1295 2218 minimae
1308 2180 1417 2218 foret
1429 2180 1660 2223 obnoxius,
1676 2180 1804 2226 idqve
1817 2191 1907 2216 non
1918 2179 2057 2216 solum

417 2231 471 2268 ad
493 2231 607 2268 diem
628 2232 714 2269 23¹n
736 2232 1000 2271 Novembris
1021 2245 1097 2280 per
1117 2233 1281 2271 stellam
1302 2235 1347 2271 in
1369 2245 1443 2271 ore
1460 2232 1616 2280 Pegafi,
1637 2233 1708 2270 sed
1729 2235 1860 2270 etiam
1881 2232 2056 2279 pluries,

416 2290 508 2321 tum
529 2295 604 2331 per
625 2284 738 2322 hanc
760 2285 907 2332 ipsam,
929 2292 1021 2323 tum
1043 2288 1173 2323 etiarn
1193 2286 1302 2324 alias
1318 2298 1413 2334 pag.
1431 2287 1515 2323 121ἒι
1532 2292 1571 2323 et
1587 2286 1788 2333 seqvente
1806 2286 2056 2332 comprobo.

416 2336 580 2374 Verum
602 2337 706 2374 dum
727 2343 773 2375 tu
793 2338 981 2376 nostram
1002 2339 1313 2383 inductionem,
1338 2351 1435 2386 qvae
1458 2339 1631 2387 prorsus
1653 2338 1707 2376 est
1727 2337 1899 2382 invicta,
1924 2349 2056 2386 expu-

415 2401 548 2436 gnare
571 2393 754 2433 conaris,
776 2403 867 2428 non
888 2391 984 2429 satis
1006 2393 1343 2430 animadvertisti
1364 2404 1434 2430 me
1453 2393 1613 2439 ubiqve
1629 2397 1775 2429 motus
1791 2394 1954 2438 proprii
1972 2392 2055 2429 Co-

416 2448 544 2480 metae
560 2445 776 2481 rationem
793 2444 1039 2486 adhibuisse,
1057 2457 1197 2492 neqve
1214 2445 1383 2492 uspiam
1400 2445 1486 2483 fine
1499 2457 1551 2483 eo
1564 2445 1788 2492 qvidpiam
1802 2444 2054 2482 conclufisse.

415 2495 511 2533 Tua
533 2496 850 2539 demonstratio,
874 2509 1003 2544 qvam
1026 2500 1069 2535 in
1092 2501 1359 2536 contrarium
1381 2499 1573 2541 adducis,
1596 2497 1783 2536 nostram
1804 2497 2056 2535 nullatenus

1838 2550 2054 2588 convellit.

2097 810 2126 836 10

2097 1076 2127 1101 15

2096 1342 2129 1366 20

2085 1549 2146 1580 12v

2094 1608 2128 1632 25

2096 1873 2130 1899 30

2095 2140 2128 2164 35

2095 2404 2127 2429 40
