2209 3213
106 733 136 759 10

106 955 135 980 15

103 1175 136 1201 20

103 1397 136 1422 25

103 1618 136 1644 30

104 1840 137 1866 35

101 2062 134 2088 40

100 2285 133 2309 45

99 2505 132 2531 50

492 222 995 263 RESTINCTIONIS
1016 222 1491 262 FRAGMENTUM
1737 222 1814 260 483

174 327 583 362 CHRISTOPHORUS
600 327 953 359 ROTHMANNUS
973 327 1279 359 Mathematicus
1301 327 1651 367 Landtgravianus,
1674 326 1814 357 eAdem

175 373 364 406 Methodo
387 373 518 410 utitur,
541 377 580 403 te
602 373 806 410 referente,
831 372 925 403 dum
947 372 1153 402 Cometam
1176 370 1425 411 oc'tuagesimi
1446 371 1566 411 qvinti
1587 370 1678 401 anni
1702 370 1815 410 supra

173 419 387 450 Saturnum
406 417 445 448 in
466 417 631 456 spatium
649 416 714 447 sub
732 416 832 447 Fixis
853 415 1081 455 proximum
1101 415 1326 455 inseqvitur;
1350 416 1449 446 mira
1466 418 1572 446 certe
1589 414 1813 455 sagacitate:

174 463 217 494 Et
232 462 284 493 illi
300 469 457 501 qvoqve
472 461 629 500 ignarus
647 460 937 491 Mathematum
955 459 1175 496 habebitur,
1198 460 1263 499 qvi
1283 460 1446 497 dubitat,
1469 459 1560 499 qvin
1579 458 1816 490 demonstra-

173 506 276 538 veris
300 508 413 537 tuum
434 505 642 537 Cometam
664 504 703 535 in
723 504 888 535 AEthere
914 504 1069 535 cursum
1095 504 1205 535 suurn
1232 504 1442 535 absolvisse.
1470 503 1584 535 Hanc
1610 503 1815 535 censuram

173 550 270 582 tanti
288 549 398 587 facis,
419 551 461 580 ut
480 549 703 580 immaturis
719 547 1074 580 contradicentium
1094 548 1286 588 sententijs
1302 556 1492 588 opponas.
1509 548 1590 578 Tua
1607 547 1816 579 Clarissime

125 602 140 615 v
175 595 220 626 D.
241 593 423 630 TYCHO,
448 593 472 624 fi
496 592 581 633 qvis
606 592 714 629 alius,
742 592 1094 624 commendaturus
1118 592 1200 623 sum
1224 592 1273 623 ob
1298 590 1313 635 ΙΙ
1336 592 1507 623 nostram
1531 591 1759 629 amicitiam,
1785 591 1815 622 δι

173 647 276 670 nunc
293 638 451 670 vellem:
475 637 538 668 sed
560 637 691 668 amico
712 636 865 668 adulari
885 639 1025 668 eontra
1040 636 1256 667 Veritatem
1273 645 1352 667 non
1372 637 1486 668 soleo.
1509 636 1700 676 Optarem
1721 635 1817 667 mihi

173 683 393 719 observata,
411 682 436 713 si
453 690 532 713 non
548 681 826 718 demonstrata,
844 680 942 711 illius
954 680 1124 711 Artificis
1140 680 1440 717 communicari,
1458 680 1596 720 qvibus
1613 680 1689 712 hoc
1705 681 1817 711 Para-

173 728 306 759 doxon
327 726 491 763 asseruit,
517 725 546 756 81
569 734 619 756 an
642 725 779 765 peritia
800 724 1009 756 scientiave
1030 724 1095 755 sua
1117 725 1164 755 eo
1186 724 1389 764 pertingat,
1412 724 1489 764 ipse
1510 725 1603 756 esses
1621 725 1753 765 judex.
1778 724 1816 755 Si

172 780 243 812 pro
264 770 423 802 Vraniae
445 772 526 801 tuae
549 769 771 801 defensione
791 769 1009 800 Veritatem
1029 769 1087 799 vis
1110 768 1360 806 manifestari,
1384 768 1688 800 Observationes
1710 776 1817 800 com-

172 815 347 847 munica:
370 814 435 846 Sin
450 814 586 845 Thelin
605 813 706 845 tueri
726 813 979 850 constituistis,
1002 813 1183 852 Epilogus
1198 815 1288 844 tuus
1304 812 1570 853 expectandus
1588 813 1670 844 erit.
1692 813 1817 844 Paral-

173 860 271 891 laxis
291 859 367 890 hac
390 858 579 890 Methodo
601 866 673 889 nec
693 858 912 898 indagatur,
934 865 1006 888 nec
1027 856 1244 896 inqviritur‚
1266 866 1338 888 nec
1359 856 1618 897 investigatur,
1640 865 1713 888 nec
1733 865 1817 897 per-

175 904 376 936 scrutatur.
407 902 578 934 Primum
605 902 668 942 qvi
700 904 831 933 motus
856 901 1002 933 diarius
1026 901 1178 938 dicitur,
1209 909 1301 932 cum
1327 901 1664 932 observationibus
1688 902 1731 932 sit
1755 909 1817 932 ac-

173 950 321 988 eeptus,
344 955 539 987 apparens
559 949 689 978 motus
710 946 793 983 erit,
815 954 893 986 qvo
915 946 1128 977 secundum
1149 954 1426 985 qvamcunqve
1447 945 1744 985 proportionem
1764 945 1817 976 di-

173 992 265 1030 viso,
284 1001 373 1032 qvae
389 991 570 1031 provenit
586 999 690 1031 pars,
708 999 904 1031 apparens
920 998 1076 1029 qvoqve
1092 992 1224 1021 motus
1241 990 1327 1021 erit:
1346 998 1437 1021 cum
1454 999 1545 1030 pars
1561 992 1672 1021 extra
1687 992 1816 1021 toturn

174 1037 284 1068 suum
295 1036 368 1068 esse
377 1038 557 1075 neqveat.
569 1035 782 1073 Qvomodo
794 1035 907 1075 igitur
916 1043 1055 1065 verum
1067 1037 1222 1065 motum
1234 1034 1472 1074 appellabis?
1483 1034 1816 1071 PTOLEMAEUS,

175 1079 610 1112 REGIOMONTANUS
631 1080 660 1110 81
682 1078 985 1111 COPERNICUS
1006 1087 1085 1110 non
1106 1078 1158 1109 ita
1180 1078 1362 1110 docuere.
1388 1078 1502 1110 Nova
1523 1078 1610 1109 haec
1633 1078 1817 1109 Mathesis

173 1126 236 1157 est.
260 1125 336 1156 Sed
358 1124 474 1156 video
497 1124 600 1155 unde
623 1126 752 1161 enata,
776 1132 824 1155 ex
845 1123 919 1154 levi
941 1122 1083 1154 veteris
1104 1121 1310 1154 intellectu.
1335 1122 1447 1154 Prisci
1468 1123 1530 1159 illi,
1552 1131 1643 1154 cum
1665 1122 1818 1154 medios

172 1171 422 1201 Planetarum
438 1170 570 1200 motus
587 1167 750 1199 definire
764 1168 985 1204 voluerunt,
1003 1170 1044 1198 ut
1059 1167 1149 1198 inde
1166 1169 1401 1206 apparentes
1417 1167 1565 1206 possent
1580 1166 1735 1204 restitui,
1753 1166 1818 1198 ali-

173 1216 337 1254 qvotum
359 1213 633 1253 apparentium
652 1212 907 1252 periodorum
926 1220 1137 1242 numerum
1156 1211 1369 1242 secundum
1388 1211 1652 1251 cujuscunqve
1668 1213 1819 1250 tempo-

173 1258 224 1290 ris
240 1257 538 1298 proportionem
554 1256 779 1288 diviserunt:
800 1256 1076 1296 provenientes
1092 1255 1257 1292 numeri,
1276 1255 1392 1295 Medij
1411 1258 1542 1287 motus
1559 1256 1816 1295 appellantur,

173 1302 279 1342 qvod
299 1302 349 1333 sic
371 1301 589 1341 aeqvalibus
604 1300 850 1341 temporibus
866 1301 1039 1340 aeqvales
1056 1300 1301 1340 deputentur,
1319 1299 1431 1340 juxta
1452 1299 1622 1339 primam
1638 1299 1818 1331 Astrono-

173 1347 265 1379 miae
284 1345 530 1386 hypothesin,
553 1347 629 1385 qva
646 1345 866 1376 Coelestium
887 1346 1019 1376 motus
1039 1344 1256 1384 aeqvabiles
1271 1346 1480 1384 ponuntur.
1504 1344 1574 1375 His
1590 1352 1682 1375 curn
1700 1352 1818 1384 appa-

173 1391 348 1423 rentibus
373 1390 537 1427 collatis,
564 1399 652 1430 qvae
678 1390 708 1421 81
733 1389 949 1430 cujusmodi
975 1388 1302 1428 Prostaphaereses
1327 1388 1576 1428 reqvirantur
1601 1388 1651 1419 ad
1676 1388 1819 1420 restitu-

171 1436 320 1468 tionem
346 1434 620 1475 apparentium
645 1434 938 1474 inqvisiverunt:
966 1433 1040 1464 Vbi
1064 1433 1301 1473 hypotheses
1325 1433 1694 1464 accommodarunt.
1721 1433 1818 1464 Prae-

173 1481 281 1512 clara
303 1479 391 1511 haec
415 1477 593 1510 doc‘trina
615 1478 678 1515 est,
703 1478 836 1510 vestris
856 1477 1171 1518 psevdoplanetis
1191 1486 1270 1508 non
1293 1477 1417 1517 magis
1440 1485 1672 1517 congruens,
1697 1486 1816 1516 qvam

173 1524 342 1556 rotunda
359 1523 561 1564 qvadratis
578 1523 705 1563 aptari
721 1522 882 1562 possunt.

226 1569 269 1600 In
284 1568 417 1600 vestris
434 1576 482 1599 ne
498 1567 615 1599 unica
630 1568 747 1598 datur
763 1566 987 1607 apparentis
1003 1569 1134 1598 motus
1150 1566 1346 1606 periodus.
1370 1565 1474 1596 Nam
1494 1566 1559 1596 illa
1580 1565 1709 1605 prima
1727 1574 1817 1597 con-

173 1613 297 1644 versio
317 1612 390 1644 toti
409 1611 545 1643 mobili
561 1611 710 1644 Mundo
728 1611 952 1643 communis
968 1610 1031 1642 est.
1053 1610 1221 1641 Tantum
1239 1609 1500 1649 portiunculae
1516 1609 1742 1649 incompleti
1759 1618 1818 1641 ar-

173 1666 254 1695 cus,
272 1665 344 1688 nec
360 1656 399 1688 in
414 1657 493 1687 una
509 1656 724 1696 superficie,
740 1658 783 1687 ut
794 1655 846 1687 est
858 1655 1032 1687 Circulus
1044 1654 1267 1686 consistens:
1286 1654 1402 1695 Cujus
1418 1653 1564 1691 divisio,
1582 1655 1817 1694 qvacunqve

172 1700 427 1742 proportione
442 1701 523 1739 fiat,
540 1700 717 1732 medium
733 1702 886 1731 motum
904 1707 982 1731 non
998 1699 1166 1731 exhibet.
1185 1698 1274 1730 Non
1289 1699 1393 1730 enirn
1410 1698 1447 1729 in
1463 1697 1534 1736 his,
1551 1701 1593 1729 ut
1604 1698 1642 1729 in
1655 1698 1817 1730 Coelesti-

174 1746 258 1784 bus,
276 1745 514 1786 supponitur,
533 1746 638 1785 qvod
654 1744 873 1784 aeqvalibus
887 1743 1144 1784 temporibus,
1162 1743 1366 1783 aeqvaliter
1377 1746 1629 1774 moveantur:
1649 1743 1712 1774 sed
1724 1743 1817 1774 dun—

172 1793 282 1822 taxat
299 1789 461 1822 ostendit
478 1789 662 1821 Cometas
679 1789 924 1829 inaeqvaliter
940 1788 1104 1824 moveri,
1125 1796 1228 1819 nunc
1246 1788 1331 1827 plus
1347 1796 1450 1819 nunc
1467 1787 1608 1825 minus,
1630 1796 1734 1818 nune
1752 1796 1817 1827 pa-

174 1835 267 1867 riter
277 1843 370 1866 cum
381 1834 526 1874 aeqvali
536 1834 734 1871 divisione,
746 1836 788 1864 ut
798 1833 932 1865 videre
943 1832 995 1865 est
1007 1841 1055 1864 ex
1067 1832 1278 1864 collatione
1290 1832 1565 1872 apparentium
1576 1832 1814 1872 portionum,

172 1888 264 1911 cum
280 1879 456 1919 partibus
472 1878 843 1919 proportionalibus.
865 1877 967 1908 Nam
985 1877 1034 1908 sic
1051 1885 1143 1908 vere
1160 1876 1349 1917 appellari
1365 1876 1519 1913 debent,
1542 1884 1621 1907 non
1636 1876 1718 1907 veri
1735 1884 1817 1907 mo-

171 1927 245 1961 tus,
266 1926 309 1955 ut
326 1923 629 1954 tumultuarium
648 1923 730 1964 ejus
745 1924 899 1954 motum
917 1922 946 1952 8ι
963 1921 1241 1955 inordinatum.
1264 1921 1327 1952 sed
1348 1919 1453 1952 recta
1471 1920 1522 1952 ad
1537 1920 1735 1952 interitum
1752 1920 1815 1952 sev

172 1967 488 2000 evanescentiam
507 1968 746 2004 tendentem,
768 1966 906 1998 vestrae
927 1966 1219 1998 observationes
1240 1965 1518 1997 evidentissime
1538 1965 1813 1997 demonstrent.

173 2013 287 2045 Unde
303 2013 409 2044 nulla
425 2012 609 2043 restitutio
627 2011 689 2043 est.
713 2011 816 2042 Nam
833 2019 977 2050 corpus
993 2010 1145 2051 interijt,
1168 2011 1197 2041 ἃ
1218 2018 1310 2041 curn
1327 2018 1374 2041 eo
1391 2012 1522 2041 motus
1539 2009 1662 2050 desijt:
1686 2010 1744 2040 De
1760 2018 1816 2040 re-

172 2056 364 2089 stitutione
386 2056 500 2096 igitur
521 2065 600 2088 non
623 2056 675 2088 est
698 2064 797 2096 opus
820 2055 892 2087 esse
916 2054 1120 2092 solicitum,
1147 2063 1219 2086 nec
1245 2053 1601 2094 prosthaphaereses
1625 2062 1814 2093 qvaerere,

170 2110 242 2133 nec
263 2101 510 2141 Hypotheses
531 2103 680 2141 aptare.
704 2100 827 2140 Nugae
848 2100 943 2137 sunt,
966 2099 1070 2140 abijt,
1091 2107 1163 2130 nec
1186 2098 1249 2136 est,
1270 2107 1342 2130 nee
1364 2098 1518 2130 futurus
1539 2098 1720 2138 amplius,
1743 2106 1814 2130 nec

170 2146 292 2177 ullum
308 2145 507 2186 vestigium
523 2146 773 2177 Parallaxeos
789 2144 879 2175 hinc
896 2144 1075 2175 habetur.
1099 2143 1202 2174 Nam
1219 2143 1430 2174 Parallaxis
1447 2142 1498 2174 est
1514 2142 1735 2174 differentia
1751 2151 1816 2183 ap-

170 2189 342 2231 parentis
358 2190 387 2220 81
403 2189 485 2221 veri
502 2190 588 2221 loci.
606 2189 732 2221 Verus
750 2189 852 2220 linea
868 2197 916 2220 ex
933 2188 1074 2220 Centro
1097 2187 1346 2226 monstratur,
1368 2187 1445 2227 qvi,
1467 2189 1658 2227 qvantum
1680 2187 1729 2219 ab
1750 2187 1815 2219 illo

170 2234 290 2272 distet,
312 2234 464 2274 penitus
480 2237 518 2266 te
534 2235 642 2265 latet:
661 2234 702 2272 ἃ,
720 2242 813 2265 cum
829 2233 981 2273 penitus
998 2232 1208 2273 ignoretur,
1230 2232 1361 2264 dicere
1377 2231 1526 2272 neqvis,
1549 2234 1741 2271 qvantum
1763 2232 1815 2263 in-

169 2279 362 2317 hibeatur,
378 2279 567 2313 tardetur,
585 2279 647 2310 vel
663 2277 926 2309 insensibiliter
942 2277 1099 2308 differat
1111 2278 1209 2308 alter
1220 2277 1269 2308 ab
1283 2277 1423 2308 altero:
1441 2279 1483 2308 ut
1494 2277 1643 2307 nullam
1656 2276 1816 2308 demon-

170 2323 396 2355 strationem
411 2324 473 2355 vel
489 2325 543 2360 tu,
560 2324 622 2354 vel
640 2321 994 2354 ROTHMANNUS
1009 2322 1073 2353 hic
1090 2321 1348 2361 praetendere,
1371 2324 1438 2352 avt
1457 2321 1691 2361 persvadere
1708 2321 1813 2360 apud

170 2368 460 2400 Mathematum
475 2368 621 2408 peritos
639 2367 805 2407 qveatis:
823 2366 930 2406 qvod
947 2366 1092 2398 sincere
1107 2366 1220 2398 vobis
1236 2366 1410 2397 indicare
1426 2365 1543 2397 volui.
1562 2364 1576 2409 ΙΙ

222 2412 335 2444 Nune
357 2413 523 2444 alteram
543 2414 698 2452 partem
716 2411 831 2452 hujus
850 2411 1094 2451 probationis
1112 2411 1417 2448 confideremuS‚
1440 2419 1517 2450 qvo
1538 2410 1605 2442 filo
1627 2409 1813 2441 nimirum

169 2456 363 2497 exqvstas,
377 2459 568 2496 qvantum
580 2456 618 2487 in
631 2455 777 2487 Lunari
789 2455 1007 2487 remotione
1019 2457 1172 2487 motum
1184 2455 1389 2495 proprium
1401 2455 1553 2487 ratione
1564 2454 1813 2486 Parallaxeos

169 2501 372 2538 inhiberet,
389 2501 632 2541 anticiparet,
650 2501 711 2532 vel
728 2500 840 2531 aliter
855 2500 1038 2531 variaret.
1063 2501 1133 2531 Per
1149 2498 1418 2531 anfractuosos
1434 2499 1718 2539 triangulorum
1736 2498 1814 2530 Me-

274 2555 324 2580 m*
1652 2545 1813 2583 andros
