2209 3213
157 816 187 841 10

135 916 200 949 406

157 1083 187 1108 15

151 1350 185 1375 20

150 1617 183 1642 25

149 1884 184 1909 30

149 2151 182 2176 35

148 2417 182 2442 40

131 2464 194 2496 407

543 215 1066 254 RECENTIORIBUS
1087 210 1545 252 PHAENOMENIS
1791 208 1868 247 323

224 322 420 368 defleam
436 328 585 362 tamen
601 323 656 360 ob
673 322 953 361 Parallaxeos
969 321 1188 368 Vtriusque
1205 318 1508 361 diuerfitatem,
1526 317 1564 354 8(
1580 319 1871 355 variationem

225 379 409 416 nimiam
425 376 495 423 (de
512 388 601 423 qua
616 375 749 413 modo
766 375 871 421 dixi)
888 387 982 413 rem
998 385 1177 413 omnem
1193 384 1285 411 non
1301 383 1383 410 acu
1401 371 1460 418 (vt
1476 370 1615 417 aiunt)
1632 372 1777 418 tetigit.

278 430 327 468 In
345 429 515 478 Quinto
537 428 746 478 Trigono,
769 429 840 467 vbi
860 428 1145 466 interuallum
1160 426 1377 475 graduum
1393 424 1659 471 AEquatoris,
1681 423 1751 461 vel
1766 428 1870 461 tem-

224 485 353 532 poris,
375 484 545 530 vtrique
562 481 869 521 Obseruationi
889 479 1162 519 interiectum
1182 480 1374 526 inquirit,
1395 478 1503 515 illud
1519 478 1782 524 pronunciat
1798 476 1871 514 ad—

224 537 408 575 modum
422 535 679 583 scrupulose,
701 534 816 572 fuisse
834 535 897 572 M.
915 535 968 572 12.
986 534 1026 572 S.
1044 535 1096 572 15.
1113 534 1161 571 T.
1178 533 1230 571 28
1245 534 1374 570 vnius
1391 531 1543 568 Horae.
1565 530 1649 568 Sed
1665 530 1762 567 haec
1778 530 1870 568 sub-

223 590 354 628 tilitas
376 601 468 627 non
489 589 630 626 solum
652 590 763 626 inter
787 587 1123 626 Obseruandum
1146 588 1321 634 cognitu
1343 584 1618 632 impossibilis‚
1645 583 1714 621 sed
1740 585 1872 621 etiam

224 643 396 691 prorsus
413 642 549 680 otiosa
564 641 710 685 existit,
733 641 810 679 nifi
827 641 945 688 quod
961 643 1007 678 in
1023 642 1202 684 caeteris,
1225 650 1324 686 quae
1343 649 1434 675 non
1450 639 1598 675 minus
1614 636 1870 683 scrupulose,

224 698 391 734 vtinam
401 695 500 734 satis
512 697 839 737 conuenienter,
855 693 1112 741 superstruit,
1129 693 1204 740 ipsi
1215 692 1330 730 vtilis
1344 691 1428 728 fiet.
1446 691 1492 728 Id
1509 695 1657 728 autern
1674 690 1757 727 hoc
1773 689 1871 727 loco

224 750 397 793 addam,
415 748 533 796 quod
550 760 617 786 res
634 748 701 792 est,
718 747 969 785 Parallaxes
981 747 1282 789 Cometarum‚
1300 744 1463 782 etiamsi
1479 743 1781 782 admiserimus
1797 754 1872 781 eos

224 805 270 841 in
292 803 419 840 Aeris
442 802 644 849 suprema
668 801 859 849 Regione
882 801 1092 848 generari,
1118 811 1210 837 non
1233 799 1344 836 adeo
1367 797 1615 835 sensibiliter
1637 796 1871 834 interuallo

225 858 390 904 quintae
405 857 538 903 partis
550 855 690 893 Horae
707 856 880 898 mutari,
898 864 1163 901 quocunque
1176 854 1222 890 in
1233 852 1311 889 situ
1323 850 1569 888 Mundanae
1582 849 1872 887 reuolutionis

224 909 457 953 versentur,
478 913 522 946 v't
542 919 596 946 ex
616 907 862 946 differentia
882 918 1047 949 earum,
1069 908 1115 943 in
1135 905 1354 952 vtriusque
1370 915 1521 941 veram
1542 899 1872 952 cognitio-{luem

223 963 529 1010 perducamur,
556 966 686 1008 prout
709 961 915 999 incassum
940 960 1023 1003 hic,
1052 958 1216 997 etiamsi
1237 963 1395 996 caetera
1415 957 1678 994 Dedomena
1698 954 1810 994 redte
1831 956 1871 994 se

224 1016 448 1060 haberent,
464 1015 635 1053 laborat
646 1014 874 1053 Scultetus.
891 1013 975 1052 Sed
987 1013 1128 1057 video,
1146 1024 1248 1050 eum
1264 1011 1371 1049 dum
1386 1022 1524 1048 vnum
1540 1010 1766 1057 scopulum
1783 1011 1871 1047 eui-

223 1074 315 1108 tare
327 1074 523 1113 conatur‚
537 1080 593 1106 ne
603 1068 804 1106 videlicet
816 1079 838 1105 e
850 1072 974 1105 motu
985 1068 1163 1114 proprio
1176 1065 1388 1108 Cometae,
1405 1075 1481 1111 per
1492 1075 1664 1100 moram
1676 1063 1872 1109 aliquam

223 1124 431 1170 temporis
451 1122 791 1160 intercedentem
811 1122 1112 1168 proueniente,
1134 1118 1432 1157 Parallaxium
1451 1118 1727 1154 ratiocinatio
1744 1118 1871 1153 inter-

222 1176 429 1220 turbetur,
450 1177 497 1213 in
516 1175 703 1213 alterum
723 1186 816 1212 non
836 1176 983 1211 minus
1003 1171 1295 1221 periculosum
1315 1171 1541 1217 impegisse,
1565 1169 1775 1216 fiquidem
1796 1181 1872 1217 per

223 1229 461 1268 exilitatem
475 1230 660 1267 nimiam
676 1227 894 1275 interlapfi
909 1228 1129 1274 temporis,
1146 1226 1189 1264 id
1206 1225 1324 1272 quod
1336 1222 1586 1271 impossibile
1599 1222 1653 1260 est
1664 1224 1868 1270 arripere.

223 1282 261 1320 8(
277 1285 323 1321 in
338 1282 482 1320 sensus
498 1293 590 1320 non
606 1282 730 1326 cadit,
749 1286 948 1319 extruere
965 1286 1161 1318 conatur.

277 1336 453 1375 Sextus
467 1334 635 1385 Trigon
641 1346 708 1380 us,
719 1335 885 1372 Arcum
892 1334 1147 1381 AEquatoris
1156 1332 1364 1370 distantiae
1373 1330 1571 1368 Cometae
1581 1341 1607 1367 a
1617 1329 1868 1367 Meridiano

222 1391 413 1437 inquirit,
426 1400 559 1436 quem
570 1388 795 1433 constituit,
808 1387 925 1436 grad.
937 1388 1000 1425 66.
1012 1389 1117 1424 min.
1130 1386 1184 1430 41,
1200 1385 1423 1433 posteriori
1436 1383 1741 1422 Obseruationi
1753 1394 1867 1420 com-

221 1448 453 1491 petentem,
469 1442 588 1480 velut
603 1442 799 1490 superius
816 1453 869 1479 ex
884 1441 975 1489 ipso
986 1440 1105 1478 hunc
1117 1439 1394 1481 adduximus,
1412 1437 1590 1484 quando
1602 1436 1810 1484 pleraque
1823 1438 1868 1473 in

222 1496 494 1534 Dedomenis
510 1495 640 1543 ipsius
656 1507 748 1533 non
764 1496 1049 1543 congruentia
1064 1492 1452 1531 manifestauimus.
1469 1490 1634 1527 Verum
1646 1489 1675 1526 s1
1688 1501 1741 1527 ex
1752 1501 1867 1527 com-

221 1549 443 1597 plemento
450 1549 705 1587 Altitudinis
717 1549 922 1596 Septimae
934 1546 1246 1590 Andromedae,
1260 1545 1377 1592 quod
1389 1544 1489 1582 facit
1499 1548 1601 1581 tunc
1612 1543 1655 1580 P.
1666 1542 1728 1580 37.
1740 1543 1803 1580 Μ.
1814 1543 1867 1586 15,

222 1603 260 1641 8(
276 1602 596 1641 Declinationis
612 1604 718 1646 eius,
735 1601 1073 1648 Altitudinisque
1090 1599 1195 1643 Poli,
1212 1598 1439 1646 Angulum
1456 1596 1664 1634 distantiae
1681 1595 1825 1634 Stellae
1842 1608 1869 1634 a

222 1656 475 1694 Meridiano
486 1656 682 1703 superius
694 1656 946 1698 indicatum,
963 1659 1070 1701 part.
1083 1653 1145 1692 52.
1158 1654 1263 1690 min.
1275 1651 1338 1695 46,
1356 1662 1455 1689 cum
1468 1649 1727 1687 Ascenfione
1740 1648 1868 1687 Recita

221 1709 366 1748 Stellae
376 1721 429 1747 ex
439 1709 829 1748 obseruationibus
839 1708 990 1746 nostris
999 1709 1120 1755 prius
1130 1707 1261 1744 etiam
1270 1707 1465 1748 inuenta,
1475 1708 1581 1751 part.
1592 1703 1681 1741 349.
1691 1704 1796 1740 min.
1805 1702 1867 1745 23,

221 1764 593 1807 coniunxerimus,
610 1762 919 1800 Ascenfionem
931 1759 1107 1798 Red‘tam
1123 1759 1253 1806 medij
1269 1757 1396 1801 Coeli,
1413 1763 1609 1803 tempore
1621 1756 1867 1793 Posterioris

221 1816 562 1861 Obseruationis,
579 1816 696 1864 grad.
713 1816 775 1853 42.
793 1817 897 1853 min.
915 1815 939 1853 9
955 1814 1069 1852 fuisse
1087 1812 1324 1860 oportebat.
1344 1812 1402 1848 At
1418 1809 1619 1848 Ascenfio
1637 1808 1765 1847 Recta
1783 1808 1867 1847 Co-

220 1874 349 1908 metae
370 1870 498 1908 datur
518 1881 572 1907 ex
592 1869 735 1907 nostra
756 1870 1025 1907 accuratiore
1046 1868 1303 1904 inuentione
1324 1870 1426 1902 tunc
1447 1868 1554 1911 part.
1571 1863 1660 1900 330.
1682 1864 1787 1900 min.
1805 1863 1867 1900 45.

221 1922 546 1961 Remouebatur
566 1925 714 1970 itaque
735 1934 762 1960 a
782 1922 1047 1964 Meridiano‚
1068 1919 1185 1967 grad.
1203 1919 1256 1957 71.
1274 1920 1378 1955 min.
1396 1917 1458 1960 24,
1480 1916 1659 1963 quando
1676 1915 1869 1963 Septima

220 1976 519 2014 Andromedae
536 1976 792 2014 eleuabatur
807 1975 1002 2022 partibus
1019 1973 1103 2013 52}
1121 1972 1400 2019 Quapropter
1416 1969 1613 2008 distantia
1627 1969 1826 2007 Cometae
1843 1980 1870 2006 a

220 2030 473 2068 Meridiano
497 2031 542 2067 in
564 2029 769 2077 gradibus
790 2028 1056 2075 AEquatoris,
1079 2027 1222 2064 maior
1245 2024 1422 2063 Sculteti
1445 2024 1723 2070 assignatione
1746 2022 1867 2065 foret,

219 2083 336 2131 grad.
353 2083 389 2121 4.
406 2085 560 2120 minut.
577 2083 640 2127 43,
661 2082 691 2120 fi
712 2081 856 2120 Stellae
873 2079 1172 2119 Andromedae
1188 2078 1399 2120 Altitudo,
1421 2082 1465 2114 vt
1486 2076 1540 2114 est
1556 2076 1610 2114 ab
1631 2075 1720 2123 ipso
1740 2075 1868 2123 defig-

220 2141 336 2181 nata,
353 2138 412 2174 ita
428 2135 649 2174 consistere
667 2135 837 2178 debeat;
855 2136 975 2181 atqui
991 2133 1087 2171 haec
1104 2132 1356 2170 nullatenus
1372 2130 1498 2168 fimul
1514 2129 1743 2176 quadrant.

273 2190 324 2228 Et
334 2189 364 2227 fi
375 2189 522 2227 locum
534 2189 746 2232 Cometae,
764 2199 897 2235 quem
908 2187 1123 2226 Scultetus
1136 2197 1188 2223 eo
1199 2190 1395 2232 tempore
1412 2183 1474 2221 illi
1491 2182 1694 2226 attribuit,
1712 2182 1867 2220 eodem

219 2243 353 2281 modo
373 2242 718 2286 adhibuerimus,
740 2244 786 2279 in
803 2241 857 2279 G.
876 2241 929 2279 10.
947 2241 1010 2278 M.
1027 2240 1078 2278 45
1101 2241 1157 2283 )(,
1179 2250 1279 2276 cum
1300 2237 1560 2280 Latitudine‚
1582 2236 1625 2273 P.
1642 2236 1705 2273 29.
1722 2237 1827 2273 min.
1845 2236 1868 2273 7

220 2296 374 2341 Borea,
395 2296 538 2344 prodit
556 2298 650 2334 eius
665 2294 868 2333 Ascenfio
885 2292 1026 2337 Re&a‚
1048 2293 1091 2330 P.
1107 2292 1197 2330 330.
1214 2291 1278 2329 Μ.
1295 2291 1358 2335 58,
1380 2290 1523 2328 nostra
1543 2289 1683 2327 solum
1699 2289 1739 2326 13
1756 2288 1866 2326 scru-

218 2349 333 2397 pulis
355 2351 509 2393 maior,
536 2361 637 2397 quae
661 2348 906 2386 distantiam
928 2359 955 2385 a
977 2345 1230 2384 Meridiano
1253 2344 1506 2391 suppeditat,
1532 2342 1711 2380 totidem
1736 2344 1867 2379 etiam

219 2404 399 2441 minutis
414 2405 633 2441 minorem
654 2414 718 2446 ea,
740 2413 875 2449 quam
890 2402 1011 2448 prius
1026 2400 1229 2445 diximus,
1251 2403 1295 2435 vt
1312 2397 1457 2436 adhuc
1474 2396 1603 2444 ipfius
1620 2397 1804 2433 remotio
1821 2397 1866 2443 in

219 2455 471 2503 semiquinis
490 2455 695 2504 gradibus
715 2467 807 2493 non
828 2451 842 2505 ΙΙ
863 2455 1111 2492 conueniat.
1133 2452 1177 2490 Si
1197 2451 1342 2489 rursus
1361 2449 1668 2488 Ascenfionem
1691 2446 1866 2485 Rectam

220 2508 431 2554 Cometae,
444 2521 466 2548 e
475 2509 566 2547 sola
574 2508 877 2556 Longitudine,
890 2506 1085 2545 adhibita
1094 2504 1402 2543 Declinatione
1413 2515 1477 2546 ea,
1490 2514 1625 2550 quam
1637 2512 1866 2590 perperaff

325 2570 376 2596 41¹²
1804 2566 1816 2590 1
1853 2566 1866 2590 1
