2209 3213
332 227 398 264 188
824 221 906 257 DE
928 218 1153 256 MUNDI
1175 215 1475 253 AETHEREI

333 334 526 370 Cometa:
544 332 588 366 in
606 330 646 365 P.
665 328 715 364 16.
736 327 796 363 M.
815 326 865 362 20
883 331 923 367 z,
941 326 1015 371 qui
1032 324 1115 360 hoc
1132 323 1200 360 die
1217 325 1262 359 in
1274 322 1516 359 Altitudine
1532 322 1583 360 25
1599 324 1801 369 partium,
1819 321 1970 369 elapfis

332 386 465 422 Horis
478 383 526 419 24
538 384 544 419 ¹,
563 382 640 418 fuit
657 383 701 417 in
718 385 823 426 part.
837 379 889 415 19.
902 380 1055 414 minut.
1068 376 1109 413 21
1126 381 1170 417 z:
1189 386 1289 422 ergo
1301 380 1527 422 promotus
1540 375 1595 412 est
1605 377 1772 413 interea
1784 375 1970 413 Cometa

332 441 451 475 iuxta
468 435 645 472 Zodiaci
662 432 1010 479 Longitudinem,
1027 429 1143 476 grad.
1156 429 1192 466 3.
1210 430 1362 465 minut.
1376 429 1402 465 1.
1421 427 1582 474 Quare,
1599 428 1872 475 praecedente
1889 428 1970 471 die,

332 491 383 527 ab
403 488 715 526 Obseruatione
733 483 843 522 facia
861 484 988 521 Hora
1000 483 1035 519 4.
1049 482 1111 519 M.
1125 482 1210 525 591,
1227 481 1359 528 Vsque
1376 483 1421 518 in
1436 481 1635 518 Vltimam
1651 481 1779 519 Hora
1790 482 1825 519 7.
1840 481 1902 518 M.
1918 481 1971 524 16,

331 540 562 579 interuallo
576 540 802 576 Horarum
814 538 837 574 2
849 539 853 575 ὲ
872 538 1082 583 proxime,
1095 534 1329 582 procedere
1341 534 1723 581 proportionaliter
1733 546 1838 572 vero
1850 540 1973 572 motu

332 596 476 633 debuit
498 592 705 638 scrupulis
725 591 813 628 fere
830 591 882 628 17.
905 590 963 626 At
979 601 1031 626 ex
1049 588 1365 626 Obseruatione
1386 586 1680 634 deprehensus
1701 587 1755 625 est
1777 587 1837 633 (vt
1857 592 1973 633 patet

332 660 383 685 ex
401 644 772 689 antecedentibus)
790 646 955 680 interea
972 641 1190 679 confecisse
1207 642 1248 678 15
1264 640 1477 687 scrupula,
1494 642 1554 678 ita
1567 646 1610 677 vt
1625 640 1864 678 Parallaxis
1881 642 1974 678 eius

332 707 500 738 motum
521 709 674 735 verum
695 697 843 734 saltem
865 695 1036 733 duobus
1056 694 1265 741 scrupulis
1286 693 1525 737 retardarit,
1547 705 1648 731 cum
1667 699 1815 731 tamen
1835 693 1974 731 multo

332 754 428 801 plus
450 764 551 790 eum
573 751 825 792 inhibuisset‚
848 749 959 787 adeo
980 753 1023 785 vt
1044 747 1163 795 quafi
1182 747 1472 785 Stationarius
1492 746 1605 784 visus
1625 746 1758 784 fuisset
1775 747 1973 790 Cometa,

332 808 360 844 fi
372 807 439 843 vel
452 808 496 842 in
509 816 705 842 concauo
719 803 847 841 Orbis
860 803 1046 839 Lunaris
1058 801 1260 843 extitisset‚
1277 800 1441 838 nedum
1452 800 1580 848 longe
1592 799 1706 837 infra
1718 802 1762 837 in
1773 799 1974 847 suprema

332 862 459 897 Aeris
477 859 678 905 Regione,
696 862 738 894 vt
755 868 807 893 ex
823 858 887 903 ijs,
906 866 1005 902 quae
1019 854 1173 901 Capite
1191 854 1334 897 Sexto,
1351 855 1464 891 circa
1480 853 1702 891 Lunarem
1718 853 1973 896 distantiam,

332 913 407 951 suo
418 913 514 949 loco
524 910 946 950 Demonstrauimus,
959 908 987 945 fi
998 920 1050 946 ea
1058 909 1153 955 pari
1163 906 1296 944 modo
1308 906 1394 944 huc
1403 906 1688 954 applicentur,
1700 905 1975 944 manifestum

334 966 491 1004 euadss.

386 1019 436 1056 Et
453 1018 481 1055 fi
497 961 688 1065 lqriorem
706 1015 1068 1054 Obseruationem
1084 1014 1212 1052 Hora
1228 1014 1263 1051 4.
1281 1013 1344 1050 M.
1361 1013 1424 1057 56,
1445 1025 1533 1050 vna
1549 1015 1595 1050 in
1611 1012 1836 1050 confilium
1853 1012 1974 1050 adhi-

333 1073 569 1115 buerimus,
590 1071 793 1117 prouenit
812 1074 957 1106 motus
978 1079 1196 1114 apparens
1216 1067 1347 1114 vsque
1368 1068 1414 1104 in
1435 1066 1608 1104 Horam
1629 1067 1664 1104 7.
1687 1066 1750 1103 M.
1772 1066 1825 1109 16,
1847 1067 1974 1103 inter-

335 1126 453 1163 uallo
466 1124 575 1162 Hor.
589 1124 647 1162 2¹..
660 1125 931 1160 minutorum
944 1121 1001 1164 10;
1018 1126 1061 1158 vt
1072 1120 1155 1158 hoc
1167 1120 1314 1163 modo,
1326 1121 1349 1158 7
1361 1121 1559 1167 proxime
1571 1119 1793 1166 scrupulis,
1808 1121 1976 1156 ratione

335 1178 626 1220 Parallaxeos,
643 1176 851 1214 inhibitus
867 1174 995 1212 fuerit
1007 1174 1205 1212 Cometae
1223 1173 1381 1217 cursus,
1398 1173 1516 1220 quod
1527 1173 1625 1210 licet
1636 1172 1761 1210 illum
1772 1174 1976 1219 proximi-

336 1243 458 1269 orem
474 1230 624 1274 multo,
642 1241 775 1276 quam
792 1233 934 1271 antea,
950 1227 1095 1265 Terris
1107 1227 1269 1271 reddat,
1287 1237 1572 1273 nequaquam
1582 1232 1731 1264 tamen
1741 1231 1832 1263 tam
1843 1236 1978 1272 prope

336 1285 555 1327 admouet,
572 1288 615 1321 vt
632 1282 860 1330 Sphaeram
877 1282 1099 1318 Lunarem
1115 1281 1273 1327 assequi
1289 1280 1418 1327 possit‚
1434 1279 1553 1317 velut
1569 1281 1706 1316 citatis
1723 1278 1978 1316 Rationibus

337 1339 581 1384 experiunti
596 1336 721 1373 facile
739 1334 954 1373 constabit.
975 1334 1242 1371 Nullatenus
1257 1335 1405 1380 itaque
1422 1344 1475 1369 ex
1491 1332 1559 1370 his
1577 1331 1978 1374 obseruationibus,

337 1392 405 1429 die
418 1391 517 1427 XVI
531 1390 568 1427 &
580 1389 702 1426 XVII
714 1387 846 1430 fac‘tis,
864 1387 1065 1425 concludi
1081 1388 1248 1434 poterit,
1267 1386 1500 1424 Cometam
1513 1385 1631 1423 hunc
1644 1385 1978 1428 Elementarem‚

338 1444 375 1481 8(
396 1443 507 1481 infra
524 1443 697 1480 Lunam
718 1442 902 1484 extitisse,
923 1440 993 1478 sed
1014 1442 1158 1488 potius
1178 1439 1306 1487 longe
1322 1439 1450 1486 supra
1466 1439 1593 1483 hanc,
1614 1441 1660 1476 in
1680 1438 1770 1486 ipso
1786 1438 1978 1481 AEthere‚

337 1498 482 1534 locum
499 1496 572 1533 sibi
588 1495 840 1537 vendicasse;
863 1494 981 1541 quod
997 1493 1079 1531 hac
1096 1495 1237 1540 prima
1254 1493 1451 1537 Ratione,
1468 1504 1522 1530 ex
1537 1497 1661 1530 motu
1677 1491 1980 1539 Longitudinis

338 1549 624 1588 diuerfimode
641 1554 829 1595 accepto.
848 1547 1076 1594 explorare
1092 1546 1440 1584 intendebamus.

391 1603 575 1646 Deinde,
593 1614 645 1640 ex
663 1601 977 1640 Obseruatione
994 1600 1114 1638 DIEI
1131 1600 1226 1637 XX.
1245 1598 1604 1643 NOVEMBRIS,
1621 1598 1749 1636 Hora
1762 1597 1798 1636 6.
1815 1597 1878 1635 M.
1894 1597 1978 1641 5οὲ,

338 1659 384 1694 in
400 1655 652 1697 Azimutho,
669 1655 712 1692 P.
729 1655 791 1692 58.
810 1654 872 1691 M.
890 1654 952 1698 30,
970 1654 1007 1691 &
1024 1653 1280 1697 Altitudine,
1297 1653 1339 1690 P.
1357 1653 1410 1690 19.
1428 1652 1491 1690 M.
1509 1652 1572 1695 29,
1590 1652 1688 1689 loco
1705 1651 1817 1689 Solis
1834 1662 1887 1688 ex
1903 1662 1979 1688 no-

338 1710 427 1747 stris
448 1711 642 1746 numeris
664 1713 833 1755 reperto
853 1709 897 1744 in
916 1707 958 1744 P.
975 1707 1011 1745 8.
1029 1707 1092 1744 M.
1110 1706 1182 1746 27ss
1204 1710 1242 1748 ‚fl
1253 1737 1261 1749 ,
1282 1708 1486 1753 prouenit
1503 1705 1700 1743 Cometae
1719 1704 1980 1747 Declinatio,

338 1763 381 1800 P.
391 1762 426 1800 2.
439 1763 501 1799 M.
512 1762 562 1799 44
575 1761 893 1804 Meridionalis,
907 1760 944 1797 8(
955 1759 1157 1797 Ascenfio
1170 1758 1310 1803 Recta,
1323 1759 1366 1797 P.
1376 1759 1465 1797 295.
1477 1759 1540 1796 M.
1550 1759 1640 1801 4535
1652 1758 1840 1804 ideoque
1851 1757 1981 1804 ipfius

339 1815 582 1862 Longitudo
598 1820 714 1861 patet
730 1816 776 1851 in
792 1814 834 1851 P.
851 1814 913 1851 27.
931 1813 994 1851 Μ.
1012 1813 1132 1856 1313,
1149 1824 1249 1850 cum
1266 1812 1527 1855 Latitudine,
1544 1812 1587 1849 P.
1604 1811 1657 1849 18.
1675 1811 1738 1848 M.
1755 1811 1806 1848 22
1822 1811 1980 1853 Borea;

339 1869 456 1915 quod
474 1879 561 1914 quo
578 1868 633 1905 ad
650 1867 1000 1914 Longitudinem,
1022 1878 1113 1904 non
1128 1866 1226 1913 plus
1242 1866 1266 1904 6
1281 1865 1351 1903 vel
1367 1866 1390 1904 7
1406 1865 1586 1902 minutis
1602 1864 1790 1902 nostram
1806 1864 1979 1910 assigna-

339 1924 503 1959 tionem
516 1920 693 1961 excedit,
706 1920 735 1957 si
746 1922 952 1967 temporis
964 1919 1206 1967 intermedij
1221 1918 1258 1956 8(
1268 1919 1622 1956 Meridianorum
1632 1917 1846 1955 habeatur
1857 1918 1980 1960 ratio,

340 1977 385 2011 in
395 1974 641 2011 Latitudine
653 1976 796 2017 etiam,
804 1975 876 2010 vix
887 1975 1044 2019 quinis,
1054 1974 1149 2020 pari
1158 1972 1304 2015 modo,
1315 1970 1640 2010 abundantibus
1647 1969 1869 2017 scrupulis;
1881 1981 1980 2016 quae

340 2026 585 2065 differentia
600 2038 691 2063 non
707 2028 853 2073 magni
865 2028 1077 2063 momenti
1089 2025 1302 2063 censenda
1313 2027 1443 2069 venit,
1459 2023 1708 2071 praesertim,
1720 2023 1792 2061 vbi
1803 2022 1885 2060 hac
1896 2024 1980 2066 via,

342 2092 393 2117 ex
402 2079 649 2116 Azimuthis
658 2079 695 2116 8(
703 2079 1017 2116 Altitudinibus
1027 2078 1221 2116 adhibito
1231 2083 1439 2125 tempore,
1451 2077 1573 2115 locus
1582 2078 1826 2123 inquiritur.
1837 2075 1982 2113 Multa

342 2135 459 2170 enim
480 2132 669 2169 incidere
688 2133 864 2178 possunt‚
886 2143 986 2178 quae
1002 2143 1028 2169 a
1045 2131 1186 2178 Scopo
1202 2133 1347 2178 petito,
1368 2130 1660 2178 pauculorum
1680 2128 1982 2176 scrupulorum

342 2186 639 2223 deuiationem
655 2185 874 2228 inducant,
892 2184 961 2221 sed
977 2185 1221 2222 videbimus
1238 2186 1381 2227 etiam,
1399 2183 1503 2231 quid
1519 2183 1701 2229 sequens
1718 2182 1809 2219 dies
1825 2181 1944 2219 ferat.

395 2238 496 2275 DIE
516 2238 632 2275 XXI.
655 2237 1012 2281 NOVEMBRIS,
1036 2238 1164 2275 Hora
1184 2238 1220 2275 5.
1242 2237 1305 2274 M.
1327 2237 1412 2281 241,
1435 2248 1488 2274 ex
1508 2235 1749 2273 Azimutho
1770 2234 1982 2278 Cometae,

343 2291 385 2328 Ρ.
402 2291 464 2329 37.
482 2291 545 2327 Μ.
562 2291 598 2333 0,
616 2290 653 2327 8(
670 2290 910 2327 Altitudine
927 2292 1033 2332 eius,
1050 2290 1092 2327 P.
1106 2290 1168 2328 30.
1182 2290 1244 2327 Μ.
1257 2290 1320 2333 50,
1337 2290 1434 2327 loco
1451 2289 1563 2327 Solis
1578 2288 1704 2326 nobis
1720 2287 1921 2326 existente
1938 2289 1983 2324 in

344 2344 385 2381 P.
403 2344 438 2381 9.
457 2344 519 2380 M.
537 2343 586 2381 25
609 2347 647 2385 »Ἀ
658 2373 665 2385 ,
688 2343 833 2380 euadit
850 2355 925 2390 per
941 2343 1293 2390 supputationem
1307 2342 1653 2389 Triangularem,
1675 2346 1718 2378 vt
1736 2343 1856 2388 prius
1872 2340 1982 2377 insti-

343 2402 493 2439 tutam,
511 2396 771 2437 Declinatio,
788 2396 830 2433 P.
844 2397 870 2433 1.
884 2396 946 2433 M.
959 2396 1009 2433 39
1025 2396 1240 2439 Austrina,
1258 2396 1296 2433 8(
1311 2395 1512 2433 Ascenfio
1529 2393 1670 2437 Recta,
1687 2394 1729 2431 P.
1742 2394 1830 2431 297.
1844 2393 1906 2431 M.
1920 2393 1982 2436 40,

344 2455 475 2496 atque
492 2449 546 2486 ob
563 2449 605 2486 id
622 2449 866 2496 Longitudo
882 2451 927 2486 in
942 2449 983 2485 P.
997 2449 1058 2486 29.
1072 2449 1135 2486 M.
1147 2449 1197 2486 25
1214 2454 1254 2493 z,
1271 2448 1574 2494 Latitudoque,
1591 2447 1633 2485 P.
1646 2447 1699 2484 19.
1713 2447 1775 2484 M.
1788 2446 1812 2483 4
1824 2446 1982 2489 Borea;

345 2503 463 2549 quod
479 2513 570 2539 non
586 2502 696 2539 adeo
712 2501 900 2539 multum
917 2513 943 2539 a
959 2501 1109 2539 nostris
1125 2503 1316 2539 inuentis
1332 2501 1551 2548 discrepat.
1569 2496 1584 2550 ΙΙ

2016 811 2045 835 10

2000 1017 2064 1048 220

2017 1077 2047 1101 15

2016 1342 2050 1366 20

2018 1608 2051 1633 25

2018 1874 2051 1899 30

2020 2139 2053 2164 35

2021 2404 2054 2428 40
