2209 3213
333 236 399 271 214
826 229 908 266 DE
930 227 1155 265 MUNDI
1176 225 1477 263 AETHEREI

333 344 421 375 vtut
444 337 618 382 simplex
636 336 672 372 8(
689 335 837 375 1361115,
860 345 949 370 non
967 338 1080 370 caret
1102 332 1185 369 suis
1202 330 1445 373 obstaculis:
1467 342 1571 368 nam
1587 333 1659 368 vix
1676 330 1800 368 filum
1816 333 1875 368 ita
1891 333 1968 368 im-

332 397 497 427 motum
515 391 558 425 in
576 387 783 426 dire6tum
801 389 931 423 trium
948 385 1180 423 Stellarum
1196 385 1333 421 teneri
1352 383 1495 430 potest,
1517 388 1560 421 vt
1581 382 1728 421 6113616
1750 383 1967 431 dignosca-

331 450 409 483 tur,
432 455 487 479 an
506 443 640 478 Linea
662 440 736 477 illa
757 439 869 477 recta
890 451 966 485 per
987 443 1134 475 centra
1155 439 1355 474 omnium
1371 438 1503 474 trium
1520 436 1696 474 illarum
1711 436 1908 479 transeat,
1931 437 1968 474 &

331 498 511 532 minima
528 494 758 533 vacillatio,
776 494 998 539 negotium
1015 490 1261 528 sensibiliter
1277 489 1544 527 interturbat.
1567 489 1749 536 Oportet
1765 491 1908 533 etiam,
1925 495 1968 527 vt

330 553 524 585 centrum
542 547 665 586 visus,
684 546 720 582 8(
737 545 797 582 fili
814 544 1041 591 protensio,
1058 543 1135 581 sint
1152 554 1252 580 cum
1268 541 1389 580 dictis
1401 542 1542 580 Stellis
1559 543 1811 580 adamussim
1823 544 1868 580 in
1879 555 1967 580 vno

330 602 473 648 plano,
491 600 607 646 quod
624 598 853 635 difficulter
870 602 984 634 certo
1001 596 1235 643 praestatur,
1253 607 1352 633 cum
1369 595 1454 642 ipse
1472 597 1603 633 etiam
1619 595 1766 633 radius
1780 595 1966 639 visualis,

329 666 417 690 non
439 654 491 690 ab
514 654 640 689 vnico
661 651 839 698 pupillae
860 649 1020 697 puncto
1042 648 1189 687 exatfte
1210 648 1426 695 procedat,
1449 648 1486 686 &
1508 651 1728 696 ignoretur
1751 650 1861 686 inter
1882 648 1967 686 Ob-

328 706 602 745 seruandum,
624 717 680 742 an
702 704 831 751 plane
853 703 1097 740 centraliter
1117 707 1317 739 teneatur
1337 701 1474 745 filum,
1496 713 1575 739 nec
1596 713 1663 739 ne.
1687 701 1825 745 Adde,
1849 702 1967 748 quod

328 771 417 796 non
439 759 596 804 vbique
617 757 723 795 tales
745 761 974 794 occurrant
994 755 1151 799 Stellae,
1173 766 1273 802 quae
1294 754 1468 801 praecise
1488 754 1652 792 lineam
1673 753 1846 798 rectam,
1868 766 1967 792 cum

328 812 475 858 aliqua
496 813 619 848 tertia
640 810 840 850 efficiant,
862 809 993 856 idque
1011 821 1062 846 ea
1079 808 1341 851 conditione,
1362 813 1405 845 vt
1425 807 1550 845 simul
1566 807 1665 845 aliae
1682 807 1782 845 duae
1799 808 1965 851 dentur,

328 876 426 911 quae
439 863 658 901 viceuersa
670 863 724 901 ad
737 862 936 910 Angulos
952 862 1040 899 fere
1057 860 1194 899 rec'tos
1210 861 1326 898 idem
1342 861 1551 908 praestent.
1569 861 1688 898 Nam
1699 860 1796 898 licet
1807 872 1967 908 magna

326 918 371 954 sit
392 917 623 955 Stellarum
645 918 782 963 copia,
806 921 965 956 tamen,
989 927 1080 952 non
1100 915 1267 962 semper
1287 914 1395 952 tales
1414 913 1498 951 sese
1519 913 1720 957 offerunt,
1745 925 1844 960 quae
1865 913 1967 951 huic

327 972 555 1007 intentioni
573 969 778 1016 exquisite
795 968 1067 1011 satisfaciant,
1090 967 1127 1005 8(
1148 969 1306 1015 exigua
1321 967 1527 1014 quaedam
1543 979 1569 1004 a
1584 966 1702 1004 linea
1718 964 1832 1004 16613
1848 966 1966 1004 deui-

327 1026 427 1065 atio,
448 1023 575 1070 longe
592 1024 805 1060 maiorem
823 1024 867 1059 in
884 1022 980 1059 loco
997 1021 1158 1059 Sideris
1173 1020 1424 1067 indagando
1440 1022 1707 1063 varietatem,
1729 1031 1863 1066 quam
1880 1020 1966 1067 ipse

325 1078 505 1113 intuitus
521 1076 709 1113 ocularis
724 1075 849 1112 facile
861 1074 1082 1116 discernat,
1100 1073 1318 1111 insinuare
1334 1073 1478 1120 potest.
1496 1073 1722 1110 Accedit&
1735 1072 1831 1115 1106,
1849 1072 1966 1120 quod

325 1130 421 1167 loca
444 1128 677 1167 affixarum
701 1130 901 1165 omnium
922 1127 1155 1165 Stellarum
1178 1138 1462 1174 nequaquam
1485 1131 1600 1163 certo
1624 1125 1825 1169 constent,
1849 1126 1966 1172 quod

324 1188 471 1219 tamen
488 1184 606 1229 prius
623 1183 927 1228 requireretur,
948 1181 977 1218 fi
998 1180 1068 1218 hic
1089 1180 1246 1218 modus
1263 1179 1536 1218 Obseruandi
1552 1179 1714 1223 Sidera,
1736 1178 1846 1216 nulli
1861 1181 1966 1216 vitio

325 1236 542 1273 obnoxius
558 1235 689 1272 fieret.
713 1235 818 1277 Imo‚
840 1234 959 1272 haud
976 1245 1219 1281 paucarum
1235 1233 1414 1280 quidem
1430 1233 1650 1276 Fixarum,
1672 1231 1710 1269 8(
1730 1232 1848 1279 quod
1869 1231 1966 1279 plus

325 1288 391 1332 est,
414 1300 467 1325 ne
484 1290 612 1325 vnius
629 1288 806 1334 quidem
825 1287 971 1325 locum
987 1298 1153 1330 verum,
1174 1286 1412 1324 secundum
1428 1286 1629 1333 Longum
1646 1285 1683 1322 8(
1700 1285 1869 1328 Latum,
1891 1285 1966 1332 ipfi

324 1341 453 1379 Coelo
470 1342 722 1379 adamussim
739 1345 1070 1387 competentem,
1091 1341 1313 1387 cognitum
1329 1338 1541 1377 haetenus
1557 1338 1684 1383 fuisse,
1707 1350 1729 1375 e
1751 1338 1909 1376 crebris
1928 1338 1966 1375 8(

324 1397 447 1431 661115
460 1394 848 1432 Obseruationibus
863 1393 1110 1437 affixarum,
1127 1393 1225 1431 satis
1241 1391 1508 1440 perspectum
1524 1391 1684 1435 habeo;
1702 1391 1888 1438 ideoque
1904 1393 1965 1438 ip-

323 1447 452 1484 semet
464 1447 630 1494 aliquot
642 1448 695 1484 ab
708 1446 809 1484 hinc
822 1449 962 1489 annis,
979 1446 1176 1484 laborem
1188 1445 1313 1483 11111111
1324 1445 1496 1492 suscepi,
1511 1456 1599 1492 quo
1611 1444 1820 1492 pleraque
1832 1444 1965 1482 affixa

324 1500 485 1541 Sidera,
507 1500 562 1537 ad
583 1512 787 1538 normam
803 1499 1046 1543 Coelestem,
1068 1499 1246 1546 praecisa
1266 1501 1434 1536 ratione
1452 1509 1760 1545 expangerem;
1778 1494 1792 1547 ΙΙ
1809 1509 1897 1544 qua
1913 1497 1964 1535 de

323 1565 367 1590 re
384 1555 429 1590 in
445 1553 726 1591 antecedente
743 1553 852 1590 libro
869 1553 998 1590 latius
1014 1553 1147 1590 verba
1163 1552 1256 1590 feci.
1274 1551 1578 1589 Nihilominus
1592 1550 1710 1588 hunc
1722 1550 1861 1598 ipsum
1872 1550 1964 1588 fila-

322 1617 413 1643 rem
431 1606 689 1644 obseruandi
706 1606 829 1644 Astra
845 1606 1039 1649 modum,
1061 1618 1152 1643 non
1168 1605 1300 1652 vsque
1321 1605 1432 1643 adeo
1453 1604 1779 1652 reprobandum
1798 1603 1963 1646 censeo,

321 1659 556 1706 praesertim
577 1659 606 1696 si
627 1658 778 1697 6113613
799 1659 836 1697 8(
857 1659 1021 1697 affabre
1043 1659 1279 1701 elaborata,
1302 1658 1501 1705 nullique
1525 1659 1660 1695 errori
1683 1657 1875 1695 obnoxia
1899 1668 1964 1694 or-

321 1724 446 1759 gana,
468 1715 512 1749 in
533 1717 707 1759 promtu
728 1724 819 1749 non
840 1712 1011 1750 fuerint.
1033 1713 1152 1750 Nam
1168 1711 1293 1750 facile
1310 1711 1453 1758 lapsus
1469 1711 1640 1757 aliquis,
1662 1722 1773 1757 pene
1794 1709 1963 1747 111161111-

320 1765 429 1807 1)1115,
451 1767 496 1802 111
513 1765 807 1803 Instrumentis
824 1768 955 1803 etiam
971 1765 1211 1803 maioribus
1228 1764 1522 1808 conficiendis,
1542 1763 1741 1811 subrepit,
1763 1765 1838 1810 qui
1853 1765 1965 1800 inter

323 1818 669 1861 Obseruandum,
700 1818 866 1865 aliquot
891 1818 1194 1865 scrupulorum
1224 1820 1468 1865 primorum
1493 1815 1705 1855 iac'turam
1729 1816 1870 1860 faciat,
1901 1818 1962 1853 in-

321 1871 446 1917 super
466 1871 495 1908 si
518 1871 603 1918 ipse
624 1871 735 1915 situs,
759 1872 797 1909 &
820 1870 1030 1910 tractandi
1053 1872 1223 1913 modus,
1248 1883 1338 1908 non
1361 1876 1451 1908 tam
1474 1870 1669 1908 absoluta
1692 1881 1848 1907 norma
1870 1880 1963 1916 per—

322 1923 502 1965 ficiatur,
526 1929 569 1961 vt
592 1924 702 1961 nihil
725 1924 896 1971 prorsus
919 1924 1191 1968 defideretur,
1215 1923 1500 1962 intolerabilis
1520 1934 1600 1960 1166
1620 1922 1746 1960 136116
1767 1922 1963 1960 animad-

323 1977 533 2014 uertenda
553 1977 744 2015 deuiatio
765 1977 848 2014 sese
869 1977 1067 2015 insinuat.
1090 1978 1228 2019 Adde,
1251 1977 1368 2024 quod
1390 1976 1675 2014 Instrumenta
1691 1975 1766 2013 vsu
1783 1975 1821 2012 &
1837 1979 1963 2013 aetate

322 2041 349 2066 3
364 2032 504 2076 prima
521 2029 781 2076 1161166110116
799 2031 1070 2078 degenerent.
1088 2030 1213 2068 Nihil
1230 2032 1360 2073 enirn,
1377 2030 1495 2077 quod
1511 2029 1744 2067 hominum
1759 2028 1963 2066 manibus

322 2087 511 2129 paratur,
524 2083 578 2120 ab
591 2085 711 2120 omni
723 2086 964 2121 mutatione
977 2084 1260 2130 vndiquaque
1272 2085 1469 2120 immune
1483 2082 1627 2120 existit.
1641 2081 1820 2129 Organa
1832 2083 1963 2119 etiam

322 2135 593 2177 eiuscemodi,
611 2136 687 2173 nifi
700 2148 721 2173 e
734 2136 868 2174 solido
880 2137 1065 2174 Metallo
1078 2136 1242 2174 affabre
1255 2136 1545 2180 elaborentur‚
1562 2136 1794 2172 mutationi
1806 2135 1962 2172 Aereae

322 2188 513 2225 obnoxia
536 2188 646 2231 sunt;
671 2188 708 2225 8(
732 2189 760 2226 fi
780 2190 823 2226 id
844 2201 1021 2236 quoque
1042 2190 1178 2233 detur,
1201 2195 1245 2227 vt
1266 2201 1288 2227 e
1310 2189 1534 2226 Metallica
1556 2189 1740 2225 materia
1760 2187 1962 2230 constent,

321 2241 399 2278 nifi
415 2243 606 2288 ingentia
622 2241 792 2285 suerint,
811 2242 1044 2279 diuifiones
1059 2243 1358 2280 minutissimas
1374 2242 1589 2289 graduum
1601 2252 1692 2278 non
1703 2239 1963 2278 sufficienter

322 2293 543 2337 exhibent;
568 2294 760 2341 dumque
782 2294 865 2332 hoc
886 2295 1097 2342 praestant,
1122 2295 1197 2333 1113
1219 2295 1519 2342 magnitudine
1541 2293 1578 2331 8(
1599 2293 1791 2341 pondere
1812 2293 1852 2330 se
1873 2292 1962 2340 ipsa

321 2348 380 2384 ita
400 2353 650 2394 aggrauant,
672 2352 715 2384 vt
736 2347 860 2385 facile
881 2353 973 2385 turn
991 2354 1111 2386 extra
1126 2348 1310 2395 planum
1326 2348 1532 2390 debitum,
1554 2352 1628 2384 aut
1644 2346 1830 2394 figuram
1847 2357 1961 2383 com-

320 2404 550 2446 petentem,
577 2400 681 2437 dum
707 2401 1102 2445 circumducuntur,
1129 2401 1358 2444 declinent,
1385 2405 1477 2438 tum
1503 2402 1634 2437 etiam
1659 2399 1735 2437 sua
1758 2399 1875 2436 mole
1899 2400 1961 2436 in-

320 2451 559 2490 tractabilia
580 2453 826 2490 reddantur.
852 2453 1000 2499 Quare
1021 2456 1165 2492 maius
1185 2455 1419 2501 requiritur
1439 2455 1485 2490 in
1505 2452 1800 2490 Instrumentis
1820 2451 1961 2489 Astro-

321 2507 516 2547 nomicis,
534 2517 633 2552 quae
651 2508 771 2543 omni
783 2509 887 2543 vitio
905 2512 1091 2549 careant,
1109 2507 1403 2545 construendis
1414 2505 1674 2549 Artificium‚
1690 2506 1786 2552 pari
1801 2505 1962 2595 iugicio

1667 2569 1830 2595 601111111
1873 2569 1961 2601 um,

2009 819 2038 844 10

2008 1084 2038 1109 15

2003 1350 2037 1375 20

1989 1503 2054 1535 256

2002 1616 2035 1640 25

2002 1881 2035 1905 30

2001 2146 2034 2170 35

2000 2410 2033 2435 40
