2209 3213
95 658 168 690 Cez
175 665 190 678 v

132 902 162 928 10

133 1169 163 1194 15

130 1434 163 1460 20

130 1700 163 1725 25

97 1907 170 1939 Cc3
178 1914 189 1927 r

131 1966 165 1991 30

132 2232 165 2257 35

133 2497 167 2523 40

674 198 757 235 DE
779 197 1051 235 COMETA
1072 197 1239 234 ANNI
1260 197 1367 235 1585
1764 196 1840 233 403

253 306 419 344 Verum
425 309 469 342 vt
476 304 531 342 ad
539 315 631 342 rem
640 303 904 351 propofitam
911 303 1184 346 accedamus,
1194 305 1238 341 in
1246 302 1588 341 consideratione
1597 301 1841 341 Effectuum

200 359 332 397 huius
345 358 555 401 Cometae‚
572 357 653 395 has
664 357 924 404 potissimum
936 356 1207 403 quaestiones,
1223 367 1303 403 pro
1316 358 1475 404 ingenij
1489 355 1684 399 modulo,
1699 355 1841 393 Astro—

200 412 337 460 logice
358 411 596 449 discutiam.
619 410 815 448 Primum
837 421 937 456 quae
958 421 1119 457 genera
1140 415 1381 447 euentuum
1402 409 1643 456 portendat.
1668 408 1841 446 Deinde

201 465 359 512 quibus
379 464 628 512 regionibus
650 462 687 500 &
708 462 894 510 populis.
912 462 1112 500 Tandem
1128 474 1217 509 quo
1232 468 1428 510 tempore
1446 462 1483 499 &
1499 462 1713 509 quamdiu
1728 464 1842 499 vires

199 517 297 556 suas
312 516 612 555 manifestabit.
632 512 646 566 ΙΙ

359 649 504 696 QUAE
526 648 771 687 GENERA
792 646 1138 686 EUENTUUM
1160 647 1516 686 PORTENDAT
1537 647 1682 686 HAEC

895 708 1148 748 CRINITA.

292 781 392 820 UAE
408 786 557 820 autem
573 781 626 820 de
641 781 873 829 generibus
890 785 1132 818 euentuum
1149 780 1461 818 consideranda
1472 782 1666 825 veniunt,
1684 779 1842 818 abstru-

304 835 415 873 fiora
431 835 486 873 ob
502 835 545 873 id
562 834 769 878 euadunt,
786 834 905 881 quod
921 833 1094 871 nullum
1106 838 1273 871 certum
1283 835 1547 880 principium
1559 834 1694 877 detur,
1711 845 1738 871 a
1754 845 1842 880 quo

199 889 416 927 Iudicium
431 888 515 926 hoc
531 887 793 926 desumatur.
811 887 855 925 Si
869 888 988 925 enim
1002 888 1169 934 primus
1182 886 1469 924 Cometarum
1482 892 1669 931 exortus,
1687 898 1775 933 quo
1788 886 1843 924 ad

199 947 365 980 certum
377 941 493 980 Coeli
505 941 664 984 locum,
679 952 767 979 vna
778 952 879 978 cum
891 939 1161 987 reliquarum
1173 939 1391 977 stellarum
1403 940 1457 977 ad
1470 939 1587 977 hunc
1600 939 1842 987 configura-

198 997 317 1033 tione
334 994 519 1033 &totius
536 994 769 1033 Sistematis
786 993 982 1032 Coelestis
998 992 1136 1040 positu
1153 998 1268 1030 certo
1285 993 1411 1030 nobis
1431 993 1651 1036 constaret,
1673 992 1842 1040 procul-

199 1048 334 1086 dubio
351 1048 403 1086 de
419 1046 651 1086 Effectibus
668 1058 823 1085 eorum
839 1058 892 1084 eo
908 1046 1249 1094 probabiliorem
1265 1045 1592 1093 praedictionem
1609 1046 1843 1093 assequere-

198 1113 310 1140 mur.
330 1101 497 1139 Verum
517 1112 618 1139 cum
638 1101 681 1138 id
696 1102 770 1138 vix
784 1111 983 1147 vnquam
1003 1099 1279 1143 concedatur,
1301 1099 1344 1136 id
1365 1099 1482 1146 quod
1502 1101 1755 1146 proximum
1776 1098 1843 1141 est,

200 1155 478 1199 tentabimus,
500 1153 538 1192 &
558 1156 717 1201 partim
737 1154 792 1192 ab
813 1153 903 1200 ipsa
918 1152 1073 1196 forma,
1095 1152 1241 1190 colore
1259 1152 1296 1189 &
1312 1151 1483 1199 aspectu
1499 1152 1632 1190 huius
1649 1152 1843 1195 Crinitae,

199 1210 359 1256 partim
375 1219 401 1246 a
417 1209 729 1246 commixtione
747 1206 785 1244 &
801 1206 1094 1254 applicatione
1111 1205 1404 1248 Planetarum,
1426 1211 1520 1243 tum
1541 1208 1672 1243 etiam
1688 1217 1715 1243 a
1730 1210 1844 1243 tran-

200 1260 278 1299 fitu
289 1272 366 1308 per
377 1261 510 1309 Signa
520 1261 713 1304 Zodiaci‚
730 1259 861 1307 ipsius
872 1259 1125 1297 influentias
1136 1259 1344 1306 indagare
1356 1259 1627 1296 conabimur.
1645 1259 1726 1296 Pro
1743 1270 1843 1296 con-

199 1315 415 1352 stitutione
425 1325 530 1352 vero
541 1313 657 1354 Coeli
667 1313 928 1361 assignanda‚
941 1324 1041 1360 quae
1053 1312 1285 1359 potissimas
1294 1313 1407 1349 vires
1420 1312 1624 1355 obtineat,
1637 1312 1843 1349 assumam

199 1373 372 1415 tempus
389 1367 636 1415 Nouilunij,
659 1367 777 1414 quod
794 1366 993 1404 Cometae
1014 1367 1337 1413 apparitionem
1357 1367 1555 1412 proxime
1574 1365 1844 1412 sequebatur,

201 1421 286 1459 Die
307 1421 349 1458 12
371 1419 570 1459 octobris
591 1420 728 1458 Horis
746 1431 773 1458 a
791 1419 979 1457 Meridie
1000 1419 1031 1456 ll
1052 1418 1188 1457 ferme
1209 1418 1373 1466 elapfis.
1396 1418 1513 1456 Licet
1534 1420 1652 1456 enim
1673 1430 1699 1455 a
1719 1418 1846 1455 nobis

200 1474 297 1512 haec
313 1474 484 1512 Crinita
500 1473 633 1512 Stella
652 1473 737 1511 Die
754 1473 796 1511 18
813 1471 1024 1516 Od'tobris,
1045 1477 1089 1510 vt
1109 1472 1305 1519 superius
1326 1472 1632 1515 iudicauimus,
1654 1472 1846 1518 primum

200 1527 509 1566 animaduersa
532 1527 598 1571 est,
623 1538 676 1565 eo
697 1526 815 1574 quod
836 1528 882 1564 in
902 1525 1044 1564 nostro
1066 1525 1391 1572 Hemisphaerio
1414 1525 1515 1562 inde
1536 1524 1624 1562 sere
1645 1524 1699 1562 ab
1721 1526 1845 1562 initio

202 1579 401 1619 octobris
417 1582 639 1619 continuae
656 1579 934 1618 obscuritates
947 1579 1063 1617 Coeli
1078 1578 1115 1616 8(
1129 1578 1315 1616 siderum
1331 1577 1605 1625 conspectum
1621 1577 1845 1615 interdice-

200 1634 317 1678 bant,
334 1633 624 1672 nihilominus
640 1634 694 1672 ab
711 1632 953 1680 exemplari
968 1632 1194 1670 literarum
1209 1631 1467 1669 Illustrissimi
1482 1631 1691 1678 Principis
1705 1630 1845 1668 Guili-

202 1687 305 1725 elmi
321 1687 601 1735 Landtgrauij
618 1687 793 1731 Haffiae,
809 1687 865 1724 ad
882 1685 1202 1724 Nobilissimum
1219 1685 1257 1723 &
1273 1684 1526 1732 Astrologiae
1543 1688 1846 1732 peramantom

201 1742 358 1785 virum,
384 1740 632 1778 Dominum
657 1740 905 1778 Henricum
930 1739 1209 1777 Ranzouium
1234 1739 1286 1776 de
1310 1737 1597 1785 Bredenberg‚
1621 1737 1845 1775 Vicarium

202 1793 385 1842 Regium
406 1795 453 1831 in
476 1793 676 1831 Holsatia
699 1793 1045 1840 perscriptarum,
1072 1792 1196 1830 Hero
1221 1802 1322 1829 meo
1346 1791 1592 1833 transmisso,
1619 1790 1843 1837 colligitur.

201 1858 278 1895 per
290 1849 506 1895 integrum
517 1846 779 1885 decendium
791 1852 921 1884 antea
932 1846 1051 1884 hunc
1064 1845 1297 1883 Cometam
1309 1856 1335 1882 a
1346 1843 1445 1882 diffl
1457 1843 1714 1881 Illustrissimi
1726 1843 1844 1880 Prin-

202 1902 309 1948 cipis
330 1899 648 1938 Mathematico
670 1899 984 1947 Christophoro
1005 1898 1288 1936 Rothmanno
1310 1897 1587 1935 obseruatum
1608 1896 1736 1940 fuisse,
1753 1892 1768 1946 ΙΙ
1784 1896 1844 1933 id-

202 1965 287 2001 que
307 1953 391 1991 Die
408 1953 432 1992 8
449 1952 648 1992 octobris
671 1955 785 1991 circa
805 1953 986 1991 Nonam
1006 1952 1308 1999 vespertinam,
1329 1951 1427 1988 loco
1450 1950 1579 1997 ipfius
1601 1955 1704 1987 tunc
1727 1951 1773 1986 in
1794 1949 1844 1986 23

203 2006 359 2045 Gradu
385 2009 422 2051 )(
447 2018 547 2045 cum
570 2006 819 2044 Latitudine
843 2005 1128 2044 Meridionali
1151 2006 1192 2042 14
1216 2005 1325 2042 Part.
1350 2006 1545 2047 inuento,
1568 2003 1687 2051 quod
1706 2004 1845 2040 motui

202 2059 334 2098 huius
357 2059 538 2098 Crinitae
559 2071 586 2097 a
605 2060 732 2098 nobis
755 2059 1037 2106 deprehenso,
1061 2058 1090 2096 fi
1113 2060 1148 2096 is
1170 2058 1341 2096 seruata
1363 2057 1541 2094 incessus
1561 2056 1781 2103 Analogia
1800 2057 1846 2092 in

203 2124 305 2151 eum
316 2113 448 2160 vsque
460 2113 577 2151 diem
588 2115 860 2160 anticipetur,
877 2124 968 2150 non
983 2112 1038 2150 est
1053 2112 1390 2154 inconueniens;
1407 2110 1501 2148 fieri
1514 2112 1645 2147 etiam
1657 2109 1845 2156 potuisse‚

202 2171 245 2204 vt
256 2168 408 2214 paucis
419 2166 587 2214 aliquot
599 2166 752 2204 diebus
764 2166 908 2204 adhuc
920 2167 1040 2213 prius
1053 2164 1269 2208 effulserit,
1286 2163 1412 2202 facile
1424 2164 1709 2201 concesserim.
1727 2161 1845 2208 Qua-

202 2224 377 2267 propter
397 2231 498 2258 cum
519 2219 718 2258 Cometae
741 2219 874 2257 huius
897 2219 1032 2263 locus,
1056 2230 1189 2266 quem
1209 2220 1322 2255 circa
1342 2219 1484 2264 prima
1504 2218 1628 2254 initia
1648 2216 1845 2257 obtinuit,

202 2284 338 2320 prope
358 2275 567 2311 maximae
588 2271 908 2311 coniunctionis
928 2272 1099 2315 limites,
1121 2283 1221 2319 quae
1243 2271 1377 2308 Anno
1399 2270 1492 2308 1583
1513 2269 1674 2307 vltimis
1695 2269 1846 2306 diebus

203 2325 367 2373 Aprilis
387 2328 433 2364 in
453 2326 494 2364 21
511 2326 567 2365 G.
591 2328 629 2370 )(
651 2328 839 2374 contigit,
861 2325 1103 2363 admodum
1123 2324 1333 2372 partiliter
1353 2323 1580 2366 coincidat,
1597 2321 1846 2359 verosimili-

203 2391 328 2417 mum
344 2378 399 2417 est
416 2391 518 2417 eum
534 2377 855 2417 coniunctionis
876 2378 1009 2416 huius
1028 2389 1120 2425 prae
1137 2379 1288 2415 ceteris
1304 2388 1489 2424 magnae,
1510 2386 1694 2423 magnos
1715 2376 1845 2412 etiam

204 2430 406 2477 Effectus,
429 2444 529 2480 quae
550 2434 761 2480 proximis
782 2433 911 2470 annis
931 2431 1098 2474 instant,
1119 2436 1353 2472 maturare,
1376 2429 1705 2475 eorundemque
1728 2426 1846 2474 quasi

203 2485 494 2523 Prodromum
506 2486 729 2533 quendam
741 2485 930 2523 existere.
948 2484 1177 2531 Quantum
1188 2495 1293 2521 vero
1306 2483 1361 2520 ad
1372 2482 1502 2530 ipsius
1516 2483 1714 2571 propirlias
1726 2480 1845 2527 figni-

311 2547 361 2572 51*
1654 2535 1845 2571 cationes
