2209 3213
524 226 1045 266 RECENTIORIBUS
1066 221 1524 263 PHAENOMENIS
1771 219 1847 257 245

205 337 427 375 diametris
443 335 498 373 ad
514 334 734 372 summum
750 333 901 372 distare
918 335 1073 381 potuit;
1090 343 1190 370 cum
1201 336 1350 369 tamen
1362 332 1483 368 iuxta
1494 328 1640 366 XXIII
1653 328 1849 365 Nouem-

204 390 303 433 bris,
321 401 374 427 ex
390 388 540 426 nostris
556 388 769 425 accuratis
787 386 1187 429 obseruationibus,
1204 396 1295 422 non
1311 386 1455 422 minor
1467 394 1493 420 a
1504 382 1648 420 Terris
1665 382 1849 419 remotio

205 441 498 490 colligebatur,
519 451 654 488 quam
674 440 753 478 300
772 440 870 487 plus
891 442 1038 477 minus
1056 438 1503 480 Semidiametrorum,
1525 441 1568 473 vt
1589 447 1642 472 ex
1663 436 1727 482 ijs,
1749 445 1849 481 quae

207 496 362 543 Capite
379 495 509 533 Sexto
526 493 948 537 Demonstrauimus,
970 493 1143 540 plenius
1159 490 1438 539 cognoscitur.
1460 489 1572 527 Haec
1588 499 1693 525 vero
1712 487 1852 525 indies

153 565 168 590 5
176 564 195 595 ss
206 550 344 597 magis
353 547 573 596 magisque
583 546 836 595 augebatur,
846 557 990 593 neque
997 557 1194 593 vnquam
1202 550 1293 582 tam
1303 546 1460 591 exigua
1469 542 1611 586 fuit,vt
1621 541 1688 578 145
1698 552 1851 588 prope-

206 602 390 640 modum
405 601 747 640 Semidiametris
768 598 924 638 arctior
944 599 1207 642 redderetur,
1228 597 1477 645 digressione
1495 595 1692 633 Cometae
1709 606 1736 632 a
1752 593 1852 631 Sole

206 657 414 699 maxima,
432 665 532 701 quae
548 653 599 691 60
616 653 794 691 Gradus
809 654 1008 700 proxime
1025 651 1294 698 adimpleuit,
1311 649 1497 696 idipsum
1514 648 1773 685 ostendente.
1792 646 1852 684 Si-

208 708 387 756 quidem
403 706 708 746 Orbicularem
723 711 894 743 motum
910 707 1024 742 circa
1040 704 1187 743 Solem
1203 704 1278 741 suo
1295 701 1426 740 ductu
1445 701 1703 749 designabat,
1725 704 1853 747 prout

208 762 363 809 Capite
381 759 552 799 OCtauo
568 771 595 798 a
610 759 737 797 nobis
752 758 848 797 haec
863 758 1107 796 luculenter
1123 756 1430 795 Demonstrata
1444 755 1551 792 sunt.
1569 751 1583 804 ΙΙ

119 825 183 857 298
261 814 330 853 Sic
351 816 482 852 etiam
501 815 548 851 in
568 814 735 851 caeteris
751 811 1049 850 Parallaxium
1069 810 1418 858 assignationibus
1434 808 1594 855 vbique
1616 808 1778 844 nimius
1799 805 1853 843 est

210 868 413 911 Gemma,
437 866 602 905 nedum
624 871 667 904 vt
690 867 787 913 quis
810 865 1011 913 suspicari
1033 865 1163 911 possit,
1187 874 1290 901 eum
1313 874 1404 900 non
1426 861 1524 899 satis
1546 871 1729 908 magnas
1752 859 1854 896 huic

210 921 408 960 Cometae
428 919 656 958 attribuisse
676 917 886 966 Aspectus
906 917 1184 960 diuerfitates‚
1206 916 1325 963 quod
1345 915 1408 953 illi
1428 914 1580 962 procul
1601 913 1733 951 dubio
1755 924 1855 950 con-

209 974 404 1018 tendunt,
422 974 498 1021 qui
514 972 838 1011 Elementarem
854 982 957 1009 eum
972 970 1089 1009 fuisse
1105 974 1349 1008 autumant.

264 1026 562 1066 CALENDIS
574 1024 855 1071 JANVARH,
877 1024 915 1062 8(
936 1024 1005 1062 die
1024 1023 1241 1071 sequente,
1262 1022 1325 1060 illi
1341 1033 1432 1059 non
1449 1020 1504 1059 est
1519 1020 1645 1064 visus,
1668 1031 1721 1057 eo
1738 1019 1856 1066 quod

143 1097 172 1122 15
211 1080 390 1120 Coelum
415 1079 605 1118 nubibus
630 1077 868 1117 obductum
892 1077 1032 1121 fuerit,
1061 1088 1162 1115 cum
1186 1081 1336 1114 tamen
1360 1075 1431 1112 hic
1456 1079 1639 1120 vtroque
1666 1073 1735 1110 die
1760 1072 1858 1109 satis

211 1134 411 1172 serenum
435 1132 575 1177 suerit,
602 1131 979 1180 quemadmodum
1003 1130 1113 1169 alias
1138 1130 1250 1177 saepe
1276 1131 1408 1167 etiam
1433 1127 1574 1175 dispar
1597 1125 1788 1164 conditio
1813 1127 1858 1162 in

211 1187 437 1225 serenitate
463 1185 501 1224 &
526 1185 781 1224 obscuritate
806 1185 947 1228 Aeris,
976 1186 1021 1222 in
1046 1183 1163 1222 illius
1189 1182 1227 1220 8(
1252 1182 1394 1220 nostro
1420 1181 1678 1223 Horizonte,
1707 1180 1859 1221 extitit;

212 1240 330 1288 quod
355 1239 547 1283 ostendit,
577 1239 777 1277 locorum
803 1237 841 1276 8(
865 1237 1103 1276 Terrarum
1128 1235 1345 1274 diuersam
1370 1235 1590 1273 Naturam
1618 1233 1859 1280 plurimum

212 1293 353 1332 facere
365 1293 421 1332 ad
432 1293 560 1331 Aeris
575 1292 650 1330 sub
668 1292 823 1330 eadem
835 1291 1009 1330 Coelesti
1025 1290 1268 1333 influentia,
1285 1288 1363 1327 nifi
1375 1287 1615 1326 admodum
1628 1285 1810 1323 euidens
1823 1284 1860 1322 8(

141 1362 175 1388 20
211 1346 427 1395 generalis
442 1345 582 1390 fuerit,
600 1345 938 1383 diuerfimodam
948 1343 1407 1391 Transplantationem
1418 1341 1456 1379 8(
1468 1338 1859 1386 Metamorphofin.

266 1400 366 1438 DIE
381 1399 440 1437 VI
451 1399 732 1445 JANVARIL
750 1410 882 1446 quem
897 1398 1049 1436 festum
1061 1397 1227 1445 Regum
1238 1401 1409 1439 vocant,
1426 1394 1615 1433 affirmat
1627 1392 1861 1431 Cometam

212 1453 328 1492 fuisse
352 1451 500 1491 exacte
523 1455 570 1490 in
591 1452 710 1490 linea
732 1451 858 1496 recta,
883 1463 983 1499 quae
1007 1451 1179 1489 ducitur
1201 1449 1256 1487 ab
1280 1449 1368 1488 Ore
1392 1447 1535 1496 Pegasi
1556 1449 1601 1484 in
1625 1445 1860 1492 Scapulam

214 1506 418 1551 eiusdem,
440 1518 575 1554 quam
593 1505 750 1544 Scheat
771 1505 1059 1553 appellamus,
1081 1504 1120 1542 8(
1139 1502 1413 1541 transuerfim
1434 1503 1480 1539 in
1500 1500 1588 1538 alia
1608 1499 1726 1536 linea
1747 1496 1862 1536 recta

214 1572 315 1598 cum
325 1562 468 1607 prima
479 1559 563 1598 alae
574 1558 731 1607 Pegafi,
749 1559 786 1597 8(
802 1560 945 1606 prima
955 1559 1001 1596 in
1012 1557 1173 1595 finistro
1185 1567 1326 1600 crure;
1343 1555 1414 1593 vbi
1427 1554 1619 1593 Gemma
1631 1564 1742 1595 eam,
1760 1562 1860 1598 quae

144 1629 177 1654 25
215 1613 271 1652 est
293 1615 338 1651 in
361 1624 498 1656 crure,
523 1624 754 1660 perperam
779 1623 859 1660 pro
880 1611 1062 1650 Stellula
1084 1612 1130 1648 in
1150 1609 1310 1648 sinistro
1335 1620 1451 1657 genu
1474 1607 1711 1645 denotauit.
1737 1604 1861 1642 Alias

216 1669 334 1705 enim
350 1668 539 1704 nimium
555 1678 581 1704 a
596 1666 725 1713 scopo
740 1667 873 1713 petito
890 1664 1130 1703 deflexisset.

270 1720 334 1758 Ex
358 1719 442 1758 hac
467 1724 616 1757 autem
641 1719 958 1758 Obseruatione
983 1719 1187 1765 prouenit
1212 1715 1458 1764 Longitudo
1484 1713 1695 1755 Cometae‚
1727 1711 1781 1749 G.
1809 1710 1862 1748 12.

217 1773 280 1811 M.
297 1773 348 1811 22
370 1775 408 1817 )(
419 1803 427 1817 ,
444 1772 482 1810 8(
498 1772 714 1817 Latitudo,
732 1772 774 1810 P.
791 1772 853 1811 28.
872 1771 935 1809 Μ.
952 1771 1003 1809 20
1019 1771 1131 1819 Sept.
1153 1770 1197 1809 Si
1214 1772 1333 1808 enim
1349 1767 1665 1807 assumserimus
1680 1765 1777 1803 loca
1794 1776 1862 1802 ea-

216 1827 403 1865 rundem
426 1826 646 1870 Fixarum,
674 1828 795 1864 iuxta
820 1825 1009 1864 nostram
1034 1825 1316 1862 Neotericam
1341 1821 1652 1860 restitutionem
1677 1818 1731 1856 ad
1757 1817 1864 1855 illud

146 1895 180 1921 30
217 1885 389 1928 tempus
405 1878 594 1923 reducta,
611 1879 835 1918 habebunt
850 1878 927 1917 illa
941 1878 981 1916 se
998 1880 1044 1916 in
1059 1877 1178 1916 hunc
1194 1877 1393 1915 modum:

782 1966 958 2000 Longitudo
1175 1964 1316 1990 Latitudo

352 2056 575 2105 OsPegafi
783 2011 846 2095 206.
912 2011 965 2094 M2.
1001 2065 1042 2093 α
1155 2009 1218 2093 262.
1283 2009 1375 2153 Μ91

148 2179 182 2205 ³.
352 2110 669 2202 {ssffiztffiafi
781 2110 845 2201 213:
901 2110 1039 2207 ἓξὲξ
1162 2108 1217 2200 {31
1274 2108 1337 2199 23:

353 2217 579 2257 Sinistrum
595 2228 710 2265 genu
809 2217 845 2255 8.
911 2216 965 2254 31.
1003 2218 1040 2260 )(
1155 2214 1217 2253 34.
1284 2215 1359 2254 19&

274 2307 354 2345 Per
369 2306 450 2346 has
467 2312 656 2354 quatuor
668 2306 835 2349 Stellas,
852 2305 881 2343 fi
898 2317 950 2344 ea
966 2305 1058 2353 lege
1075 2316 1164 2352 qua
1174 2303 1267 2342 vult
1280 2303 1484 2347 Gemma,
1501 2299 1775 2339 transuerfim
1792 2298 1867 2336 du-

222 2366 376 2399 cantur
387 2360 479 2398 bini
490 2361 632 2398 Arcus
643 2370 907 2408 magnorum
920 2358 1211 2402 Circulorum‚
1229 2356 1546 2395 intersecabunt
1562 2355 1601 2392 se
1618 2354 1680 2392 illi
1696 2355 1741 2390 in
1758 2352 1867 2393 loco.

132 2422 198 2453 299
222 2416 298 2462 qui
318 2414 450 2452 talem
469 2414 663 2452 obtineat
678 2412 1018 2461 Longitudinem
1033 2411 1072 2449 8(
1088 2407 1432 2460 Latitu-ssdinem,
1454 2408 1631 2456 qualern
1652 2406 1784 2444 modo
1806 2407 1867 2442 in-

151 2481 184 2506 40
222 2468 480 2511 dicauimus‚
504 2469 579 2515 qui
600 2478 627 2505 a
646 2466 789 2505 nostra
809 2467 1096 2504 annotatione
1116 2463 1345 2511 vtrobique
1367 2461 1692 2510 aliquantulum
1714 2458 1867 2499 deficit,

223 2532 311 2569 quo
323 2521 379 2559 ad
391 2520 729 2569 Longitudinem
740 2519 791 2558 28
802 2518 1024 2566 scrupulis,
1042 2518 1080 2556 8(
1096 2517 1391 2556 Latitudinem
1407 2515 1578 2554 duabus
1595 2515 1728 2561 tertijs
1740 2514 1869 2549 vnius

1698 2565 1868 2613 gradus.
