<?xml version="1.0" encoding="UTF-8"?>
<!DOCTYPE html PUBLIC "-//W3C//DTD XHTML 1.0 Transitional//EN"
    "http://www.w3.org/TR/xhtml1/DTD/xhtml1-transitional.dtd">
<html xmlns="http://www.w3.org/1999/xhtml" xml:lang="en" lang="en">
 <head>
  <title>
</title>
<meta http-equiv="Content-Type" content="text/html;charset=utf-8" />
  <meta name='ocr-system' content='tesseract 3.04.00' />
  <meta name='ocr-capabilities' content='ocr_page ocr_carea ocr_par ocr_line ocrx_word'/>
</head>
<body>
  <div class='ocr_page' id='page_1' title='image "./operaomniaedidit04brahuoft_0366.png"; bbox 0 0 2209 3213; ppageno 0'>
   <div class='ocr_carea' id='block_1_1' title="bbox 348 196 1495 242">
    <p class='ocr_par' dir='ltr' id='par_1_1' title="bbox 348 196 1495 242">
     <span class='ocr_line' id='line_1_1' title="bbox 348 196 1495 242; baseline -0.008 0"><span class='ocrx_word' id='word_1_1' title='bbox 348 205 423 242; x_wconf 85' lang='lat'><strong>348</strong></span> <span class='ocrx_word' id='word_1_2' title='bbox 845 200 927 236; x_wconf 91' lang='lat' dir='ltr'><strong>DE</strong></span> <span class='ocrx_word' id='word_1_3' title='bbox 949 198 1173 236; x_wconf 92' lang='lat' dir='ltr'>MUNDI</span> <span class='ocrx_word' id='word_1_4' title='bbox 1195 196 1495 234; x_wconf 88' lang='lat' dir='ltr'>AETHEREI</span> 
     </span>
    </p>
   </div>
   <div class='ocr_carea' id='block_1_2' title="bbox 346 301 2059 1253">
    <p class='ocr_par' dir='ltr' id='par_1_2' title="bbox 347 301 2040 609">
     <span class='ocr_line' id='line_1_2' title="bbox 348 301 1987 348; baseline -0.005 -2"><span class='ocrx_word' id='word_1_5' title='bbox 348 310 454 346; x_wconf 89' lang='lat' dir='ltr'><strong>mihi</strong></span> <span class='ocrx_word' id='word_1_6' title='bbox 479 309 600 348; x_wconf 85' lang='lat' dir='ltr'><strong>dicat,</strong></span> <span class='ocrx_word' id='word_1_7' title='bbox 625 306 768 347; x_wconf 89' lang='lat' dir='ltr'><strong>velim,</strong></span> <span class='ocrx_word' id='word_1_8' title='bbox 793 316 868 341; x_wconf 90' lang='lat' dir='ltr'><strong>cur</strong></span> <span class='ocrx_word' id='word_1_9' title='bbox 891 311 979 341; x_wconf 90' lang='lat' dir='ltr'><strong>tam</strong></span> <span class='ocrx_word' id='word_1_10' title='bbox 1003 315 1102 340; x_wconf 92' lang='lat' dir='ltr'><strong>raro</strong></span> <span class='ocrx_word' id='word_1_11' title='bbox 1126 303 1167 340; x_wconf 90' lang='lat' dir='ltr'><strong>id</strong></span> <span class='ocrx_word' id='word_1_12' title='bbox 1191 302 1266 340; x_wconf 90' lang='lat' dir='ltr'><strong>fiat</strong></span> <span class='ocrx_word' id='word_1_13' title='bbox 1290 304 1334 339; x_wconf 92' lang='lat' dir='ltr'><strong>in</strong></span> <span class='ocrx_word' id='word_1_14' title='bbox 1357 308 1477 339; x_wconf 88' lang='lat' dir='ltr'><strong>tanta</strong></span> <span class='ocrx_word' id='word_1_15' title='bbox 1499 301 1740 339; x_wconf 89' lang='lat' dir='ltr'><strong>eorundem</strong></span> <span class='ocrx_word' id='word_1_16' title='bbox 1761 301 1987 339; x_wconf 80' lang='lat' dir='ltr'><strong>Astrorum</strong></span> 
     </span>
     <span class='ocr_line' id='line_1_3' title="bbox 348 353 1986 407; baseline -0.004 -9"><span class='ocrx_word' id='word_1_17' title='bbox 348 364 484 407; x_wconf 82' lang='lat' dir='ltr'><strong>copia.</strong></span> <span class='ocrx_word' id='word_1_18' title='bbox 503 360 539 396; x_wconf 98' lang='grc'><strong>8(</strong></span> <span class='ocrx_word' id='word_1_19' title='bbox 556 359 856 406; x_wconf 89' lang='lat' dir='ltr'><strong>perseuerante</strong></span> <span class='ocrx_word' id='word_1_20' title='bbox 874 357 1032 403; x_wconf 90' lang='lat' dir='ltr'><strong>vbique</strong></span> <span class='ocrx_word' id='word_1_21' title='bbox 1049 354 1276 393; x_wconf 70' lang='lat' dir='ltr'><strong>attractiua</strong></span> <span class='ocrx_word' id='word_1_22' title='bbox 1292 355 1471 392; x_wconf 87' lang='lat' dir='ltr'><strong>Virtute.</strong></span> <span class='ocrx_word' id='word_1_23' title='bbox 1492 355 1649 401; x_wconf 85' lang='lat' dir='ltr'><strong>Neque</strong></span> <span class='ocrx_word' id='word_1_24' title='bbox 1667 355 1784 391; x_wconf 89' lang='lat' dir='ltr'><strong>enim</strong></span> <span class='ocrx_word' id='word_1_25' title='bbox 1801 353 1986 401; x_wconf 91' lang='lat' dir='ltr'><strong>Eclipses</strong></span> 
     </span>
     <span class='ocr_line' id='line_1_4' title="bbox 348 407 1986 459; baseline -0.004 -9"><span class='ocrx_word' id='word_1_26' title='bbox 348 420 419 451; x_wconf 86' lang='lat' dir='ltr'><strong>aut</strong></span> <span class='ocrx_word' id='word_1_27' title='bbox 433 413 671 459; x_wconf 84' lang='lat' dir='ltr'><strong>peculiares</strong></span> <span class='ocrx_word' id='word_1_28' title='bbox 685 410 1066 457; x_wconf 87' lang='lat' dir='ltr'><strong>Configurationes</strong></span> <span class='ocrx_word' id='word_1_29' title='bbox 1078 409 1358 446; x_wconf 89' lang='lat' dir='ltr'><strong>Planetarum</strong></span> <span class='ocrx_word' id='word_1_30' title='bbox 1371 407 1578 446; x_wconf 85' lang='lat' dir='ltr'><strong>Cometas</strong></span> <span class='ocrx_word' id='word_1_31' title='bbox 1589 412 1829 454; x_wconf 88' lang='lat' dir='ltr'><strong>procreant,</strong></span> <span class='ocrx_word' id='word_1_32' title='bbox 1839 412 1883 445; x_wconf 88' lang='lat' dir='ltr'><strong>vt</strong></span> <span class='ocrx_word' id='word_1_33' title='bbox 1894 407 1986 445; x_wconf 92' lang='lat' dir='ltr'><strong>vul-</strong></span> 
     </span>
     <span class='ocr_line' id='line_1_5' title="bbox 347 460 1987 513; baseline -0.004 -10"><span class='ocrx_word' id='word_1_34' title='bbox 347 478 423 513; x_wconf 86' lang='lat' dir='ltr'><strong>gus</strong></span> <span class='ocrx_word' id='word_1_35' title='bbox 441 465 765 511; x_wconf 83' lang='lat' dir='ltr'><strong>Astrologorum</strong></span> <span class='ocrx_word' id='word_1_36' title='bbox 782 462 1003 510; x_wconf 85' lang='lat' dir='ltr'><strong>pueriliter</strong></span> <span class='ocrx_word' id='word_1_37' title='bbox 1019 462 1215 503; x_wconf 88' lang='lat' dir='ltr'><strong>somniat,</strong></span> <span class='ocrx_word' id='word_1_38' title='bbox 1237 472 1316 498; x_wconf 94' lang='lat' dir='ltr'><strong>nec</strong></span> <span class='ocrx_word' id='word_1_39' title='bbox 1332 460 1361 497; x_wconf 86' lang='lat' dir='ltr'>fi</span> <span class='ocrx_word' id='word_1_40' title='bbox 1377 461 1419 498; x_wconf 91' lang='lat' dir='ltr'><strong>id</strong></span> <span class='ocrx_word' id='word_1_41' title='bbox 1436 460 1668 503; x_wconf 88' lang='lat' dir='ltr'><strong>efficerent,</strong></span> <span class='ocrx_word' id='word_1_42' title='bbox 1690 460 1801 498; x_wconf 91' lang='lat' dir='ltr'><strong>adeo</strong></span> <span class='ocrx_word' id='word_1_43' title='bbox 1817 460 1987 498; x_wconf 91' lang='lat' dir='ltr'><strong>insolita</strong></span> 
     </span>
     <span class='ocr_line' id='line_1_6' title="bbox 348 513 2040 564; baseline -0.003 -8"><span class='ocrx_word' id='word_1_44' title='bbox 348 520 438 556; x_wconf 90' lang='lat' dir='ltr'><strong>esset</strong></span> <span class='ocrx_word' id='word_1_45' title='bbox 463 529 614 555; x_wconf 89' lang='lat' dir='ltr'><strong>eorum</strong></span> <span class='ocrx_word' id='word_1_46' title='bbox 637 518 870 564; x_wconf 88' lang='lat' dir='ltr'><strong>generatio.</strong></span> <span class='ocrx_word' id='word_1_47' title='bbox 895 515 977 553; x_wconf 92' lang='lat' dir='ltr'><strong>Sed</strong></span> <span class='ocrx_word' id='word_1_48' title='bbox 999 515 1051 552; x_wconf 91' lang='lat' dir='ltr'><strong>de</strong></span> <span class='ocrx_word' id='word_1_49' title='bbox 1072 514 1139 552; x_wconf 91' lang='lat' dir='ltr'><strong>his</strong></span> <span class='ocrx_word' id='word_1_50' title='bbox 1160 514 1236 552; x_wconf 90' lang='lat' dir='ltr'><strong>suo</strong></span> <span class='ocrx_word' id='word_1_51' title='bbox 1257 514 1354 551; x_wconf 94' lang='lat' dir='ltr'><strong>loco</strong></span> <span class='ocrx_word' id='word_1_52' title='bbox 1375 513 1588 561; x_wconf 81' lang='lat' dir='ltr'><strong>copiosius</strong></span> <span class='ocrx_word' id='word_1_53' title='bbox 1609 513 1647 551; x_wconf 90' lang='lat'>&amp;</span> <span class='ocrx_word' id='word_1_54' title='bbox 1666 513 1839 560; x_wconf 89' lang='lat' dir='ltr'><strong>plenius</strong></span> <span class='ocrx_word' id='word_1_55' title='bbox 1859 525 1986 561; x_wconf 87' lang='lat' dir='ltr'><strong>agere</strong></span> <span class='ocrx_word' id='word_1_56' title='bbox 2024 526 2040 551; x_wconf 87' lang='lat'>5</span> 
     </span>
     <span class='ocr_line' id='line_1_7' title="bbox 348 573 631 609; baseline -0.007 0"><span class='ocrx_word' id='word_1_57' title='bbox 348 573 631 609; x_wconf 89' lang='lat' dir='ltr'><strong>decreuimus.</strong></span> 
     </span>
    </p>

    <p class='ocr_par' dir='ltr' id='par_1_3' title="bbox 346 618 2059 1041">
     <span class='ocr_line' id='line_1_8' title="bbox 401 618 1986 669; baseline -0.003 -8"><span class='ocrx_word' id='word_1_58' title='bbox 401 624 512 669; x_wconf 81' lang='lat' dir='ltr'><strong>Quae</strong></span> <span class='ocrx_word' id='word_1_59' title='bbox 530 624 581 660; x_wconf 93' lang='lat' dir='ltr'><strong>de</strong></span> <span class='ocrx_word' id='word_1_60' title='bbox 598 634 701 660; x_wconf 92' lang='lat' dir='ltr'><strong>vera</strong></span> <span class='ocrx_word' id='word_1_61' title='bbox 718 621 990 668; x_wconf 82' lang='lat' dir='ltr'><strong>protenfione</strong></span> <span class='ocrx_word' id='word_1_62' title='bbox 1006 622 1137 658; x_wconf 89' lang='lat' dir='ltr'><strong>totius</strong></span> <span class='ocrx_word' id='word_1_63' title='bbox 1154 619 1352 658; x_wconf 85' lang='lat' dir='ltr'><strong>Cometae</strong></span> <span class='ocrx_word' id='word_1_64' title='bbox 1368 619 1428 658; x_wconf 73' lang='lat' dir='ltr'><strong>Ca</strong></span> <span class='ocrx_word' id='word_1_65' title='bbox 1429 618 1527 668; x_wconf 78' lang='lat' dir='ltr'><strong>pite</strong></span> <span class='ocrx_word' id='word_1_66' title='bbox 1540 619 1683 658; x_wconf 79' lang='lat' dir='ltr'><strong>Sexto</strong></span> <span class='ocrx_word' id='word_1_67' title='bbox 1698 621 1914 667; x_wconf 89' lang='lat' dir='ltr'><strong>proponit,</strong></span> <span class='ocrx_word' id='word_1_68' title='bbox 1932 619 1986 658; x_wconf 94' lang='lat' dir='ltr'><strong>ob</strong></span> 
     </span>
     <span class='ocr_line' id='line_1_9' title="bbox 347 673 1986 721; baseline -0.002 -7"><span class='ocrx_word' id='word_1_69' title='bbox 347 677 641 715; x_wconf 87' lang='lat' dir='ltr'><strong>Parallaxium</strong></span> <span class='ocrx_word' id='word_1_70' title='bbox 659 675 695 712; x_wconf 92' lang='grc'><strong>8(</strong></span> <span class='ocrx_word' id='word_1_71' title='bbox 713 674 921 712; x_wconf 83' lang='lat' dir='ltr'><strong>distantiae</strong></span> <span class='ocrx_word' id='word_1_72' title='bbox 937 673 1067 721; x_wconf 88' lang='lat' dir='ltr'><strong>ipfiuS</strong></span> <span class='ocrx_word' id='word_1_73' title='bbox 1083 685 1109 711; x_wconf 94' lang='lat' dir='ltr'><strong>a</strong></span> <span class='ocrx_word' id='word_1_74' title='bbox 1125 673 1260 711; x_wconf 89' lang='lat' dir='ltr'><strong>Terra</strong></span> <span class='ocrx_word' id='word_1_75' title='bbox 1275 678 1365 710; x_wconf 88' lang='lat' dir='ltr'><strong>tam</strong></span> <span class='ocrx_word' id='word_1_76' title='bbox 1382 673 1631 710; x_wconf 91' lang='lat' dir='ltr'><strong>euidentem</strong></span> <span class='ocrx_word' id='word_1_77' title='bbox 1651 673 1986 717; x_wconf 89' lang='lat' dir='ltr'><strong>aberrationem,</strong></span> 
     </span>
     <span class='ocr_line' id='line_1_10' title="bbox 347 725 1988 777; baseline -0.002 -10"><span class='ocrx_word' id='word_1_78' title='bbox 347 732 372 777; x_wconf 92' lang='lat' dir='ltr'><strong>ij</strong></span> <span class='ocrx_word' id='word_1_79' title='bbox 380 730 494 767; x_wconf 89' lang='lat' dir='ltr'><strong>sdem</strong></span> <span class='ocrx_word' id='word_1_80' title='bbox 510 727 729 766; x_wconf 73' lang='lat' dir='ltr'><strong>subtrac‘tis</strong></span> <span class='ocrx_word' id='word_1_81' title='bbox 746 727 904 770; x_wconf 88' lang='lat' dir='ltr'><strong>fulcris,</strong></span> <span class='ocrx_word' id='word_1_82' title='bbox 922 727 1079 773; x_wconf 89' lang='lat' dir='ltr'><strong>quibus</strong></span> <span class='ocrx_word' id='word_1_83' title='bbox 1096 728 1243 773; x_wconf 89' lang='lat' dir='ltr'><strong>priora</strong></span> <span class='ocrx_word' id='word_1_84' title='bbox 1258 725 1363 764; x_wconf 92' lang='lat' dir='ltr'><strong>falso</strong></span> <span class='ocrx_word' id='word_1_85' title='bbox 1379 725 1733 769; x_wconf 80' lang='lat' dir='ltr'><strong>sustentabantur,</strong></span> <span class='ocrx_word' id='word_1_86' title='bbox 1750 725 1898 773; x_wconf 84' lang='lat' dir='ltr'><strong>sponte</strong></span> <span class='ocrx_word' id='word_1_87' title='bbox 1912 725 1988 764; x_wconf 89' lang='lat' dir='ltr'><strong>sua</strong></span> 
     </span>
     <span class='ocr_line' id='line_1_11' title="bbox 348 778 2059 827; baseline -0.002 -7"><span class='ocrx_word' id='word_1_88' title='bbox 348 787 565 820; x_wconf 89' lang='lat' dir='ltr'><strong>corruunt.</strong></span> <span class='ocrx_word' id='word_1_89' title='bbox 591 781 653 818; x_wconf 88' lang='lat' dir='ltr'><strong>Ex</strong></span> <span class='ocrx_word' id='word_1_90' title='bbox 675 792 762 827; x_wconf 92' lang='lat' dir='ltr'><strong>quo</strong></span> <span class='ocrx_word' id='word_1_91' title='bbox 784 782 943 818; x_wconf 89' lang='lat' dir='ltr'><strong>etenim</strong></span> <span class='ocrx_word' id='word_1_92' title='bbox 966 791 1121 817; x_wconf 88' lang='lat' dir='ltr'><strong>reuera</strong></span> <span class='ocrx_word' id='word_1_93' title='bbox 1141 781 1187 817; x_wconf 90' lang='lat' dir='ltr'><strong>in</strong></span> <span class='ocrx_word' id='word_1_94' title='bbox 1207 779 1387 816; x_wconf 90' lang='lat' dir='ltr'><strong>AEthere</strong></span> <span class='ocrx_word' id='word_1_95' title='bbox 1407 778 1497 826; x_wconf 83' lang='lat' dir='ltr'><strong>ipso</strong></span> <span class='ocrx_word' id='word_1_96' title='bbox 1518 779 1646 827; x_wconf 87' lang='lat' dir='ltr'><strong>longe</strong></span> <span class='ocrx_word' id='word_1_97' title='bbox 1666 778 1794 826; x_wconf 90' lang='lat' dir='ltr'><strong>supra</strong></span> <span class='ocrx_word' id='word_1_98' title='bbox 1814 779 1988 817; x_wconf 92' lang='lat' dir='ltr'><strong>Lunam</strong></span> <span class='ocrx_word' id='word_1_99' title='bbox 2029 790 2059 816; x_wconf 89' lang='lat'><strong>10</strong></span> 
     </span>
     <span class='ocr_line' id='line_1_12' title="bbox 348 831 1987 879; baseline -0.002 -7"><span class='ocrx_word' id='word_1_100' title='bbox 348 837 480 873; x_wconf 87' lang='lat' dir='ltr'><strong>extitit</strong></span> <span class='ocrx_word' id='word_1_101' title='bbox 501 835 570 872; x_wconf 90' lang='lat' dir='ltr'><strong>hic</strong></span> <span class='ocrx_word' id='word_1_102' title='bbox 588 834 804 877; x_wconf 80' lang='lat' dir='ltr'><strong>Cometes,</strong></span> <span class='ocrx_word' id='word_1_103' title='bbox 825 833 963 870; x_wconf 89' lang='lat' dir='ltr'><strong>multo</strong></span> <span class='ocrx_word' id='word_1_104' title='bbox 984 834 1198 870; x_wconf 91' lang='lat' dir='ltr'><strong>maiorem</strong></span> <span class='ocrx_word' id='word_1_105' title='bbox 1218 831 1348 879; x_wconf 85' lang='lat' dir='ltr'><strong>ipfius</strong></span> <span class='ocrx_word' id='word_1_106' title='bbox 1368 831 1706 879; x_wconf 90' lang='lat' dir='ltr'><strong>Longitudinem</strong></span> <span class='ocrx_word' id='word_1_107' title='bbox 1725 843 1876 870; x_wconf 88' lang='lat' dir='ltr'><strong>veram</strong></span> <span class='ocrx_word' id='word_1_108' title='bbox 1896 831 1987 869; x_wconf 88' lang='lat' dir='ltr'><strong>visi-</strong></span> 
     </span>
     <span class='ocr_line' id='line_1_13' title="bbox 346 884 1987 935; baseline -0.002 -10"><span class='ocrx_word' id='word_1_109' title='bbox 346 889 442 926; x_wconf 87' lang='lat' dir='ltr'><strong>bilis</strong></span> <span class='ocrx_word' id='word_1_110' title='bbox 452 887 652 935; x_wconf 87' lang='lat' dir='ltr'><strong>Angulus</strong></span> <span class='ocrx_word' id='word_1_111' title='bbox 664 886 956 930; x_wconf 90' lang='lat' dir='ltr'><strong>subtendebat‚</strong></span> <span class='ocrx_word' id='word_1_112' title='bbox 969 897 1103 933; x_wconf 90' lang='lat' dir='ltr'><strong>quam</strong></span> <span class='ocrx_word' id='word_1_113' title='bbox 1116 885 1312 923; x_wconf 87' lang='lat' dir='ltr'><strong>distantia</strong></span> <span class='ocrx_word' id='word_1_114' title='bbox 1321 896 1348 922; x_wconf 90' lang='lat' dir='ltr'><strong>a</strong></span> <span class='ocrx_word' id='word_1_115' title='bbox 1357 885 1482 923; x_wconf 92' lang='lat' dir='ltr'><strong>nobis</strong></span> <span class='ocrx_word' id='word_1_116' title='bbox 1491 885 1516 923; x_wconf 91' lang='grc'>8</span> <span class='ocrx_word' id='word_1_117' title='bbox 1524 885 1594 923; x_wconf 93' lang='lat' dir='ltr'><strong>vel</strong></span> <span class='ocrx_word' id='word_1_118' title='bbox 1603 885 1627 922; x_wconf 83' lang='lat'>9</span> <span class='ocrx_word' id='word_1_119' title='bbox 1637 884 1987 923; x_wconf 88' lang='lat' dir='ltr'><strong>Semidiametro-</strong></span> 
     </span>
     <span class='ocr_line' id='line_1_14' title="bbox 347 937 1988 987; baseline -0.001 -9"><span class='ocrx_word' id='word_1_120' title='bbox 347 953 445 979; x_wconf 90' lang='lat' dir='ltr'><strong>rum</strong></span> <span class='ocrx_word' id='word_1_121' title='bbox 461 941 607 978; x_wconf 82' lang='lat' dir='ltr'><strong>Terrae</strong></span> <span class='ocrx_word' id='word_1_122' title='bbox 628 940 879 987; x_wconf 90' lang='lat' dir='ltr'><strong>suppeditat,</strong></span> <span class='ocrx_word' id='word_1_123' title='bbox 902 938 1278 986; x_wconf 85' lang='lat' dir='ltr'><strong>quemadmodum</strong></span> <span class='ocrx_word' id='word_1_124' title='bbox 1299 937 1394 976; x_wconf 86' lang='lat' dir='ltr'><strong>haec</strong></span> <span class='ocrx_word' id='word_1_125' title='bbox 1415 938 1543 986; x_wconf 90' lang='lat' dir='ltr'><strong>longe</strong></span> <span class='ocrx_word' id='word_1_126' title='bbox 1560 938 1648 976; x_wconf 90' lang='lat' dir='ltr'><strong>alia</strong></span> <span class='ocrx_word' id='word_1_127' title='bbox 1662 937 1805 976; x_wconf 90' lang='lat' dir='ltr'><strong>forma</strong></span> <span class='ocrx_word' id='word_1_128' title='bbox 1820 950 1846 976; x_wconf 91' lang='lat' dir='ltr'><strong>a</strong></span> <span class='ocrx_word' id='word_1_129' title='bbox 1862 938 1988 976; x_wconf 93' lang='lat' dir='ltr'><strong>nobis</strong></span> 
     </span>
     <span class='ocr_line' id='line_1_15' title="bbox 348 992 983 1041; baseline -0.003 -10"><span class='ocrx_word' id='word_1_130' title='bbox 348 995 501 1041; x_wconf 88' lang='lat' dir='ltr'><strong>Capite</strong></span> <span class='ocrx_word' id='word_1_131' title='bbox 519 994 652 1031; x_wconf 92' lang='lat' dir='ltr'><strong>Nono</strong></span> <span class='ocrx_word' id='word_1_132' title='bbox 668 993 763 1030; x_wconf 91' lang='lat' dir='ltr'><strong>sunt</strong></span> <span class='ocrx_word' id='word_1_133' title='bbox 780 992 983 1030; x_wconf 88' lang='lat' dir='ltr'><strong>exhibita.</strong></span> 
     </span>
    </p>

    <p class='ocr_par' dir='ltr' id='par_1_4' title="bbox 348 1043 2059 1253">
     <span class='ocr_line' id='line_1_16' title="bbox 400 1043 2059 1093; baseline -0.001 -9"><span class='ocrx_word' id='word_1_134' title='bbox 400 1049 543 1093; x_wconf 86' lang='lat' dir='ltr'><strong>Atque</strong></span> <span class='ocrx_word' id='word_1_135' title='bbox 567 1046 662 1084; x_wconf 85' lang='lat' dir='ltr'><strong>haec</strong></span> <span class='ocrx_word' id='word_1_136' title='bbox 679 1046 730 1084; x_wconf 93' lang='lat' dir='ltr'><strong>de</strong></span> <span class='ocrx_word' id='word_1_137' title='bbox 746 1048 798 1083; x_wconf 88' lang='lat' dir='ltr'><strong>iis</strong></span> <span class='ocrx_word' id='word_1_138' title='bbox 815 1057 914 1093; x_wconf 87' lang='lat' dir='ltr'><strong>quae</strong></span> <span class='ocrx_word' id='word_1_139' title='bbox 932 1044 1152 1089; x_wconf 86' lang='lat' dir='ltr'><strong>Nolthius,</strong></span> <span class='ocrx_word' id='word_1_140' title='bbox 1176 1056 1264 1092; x_wconf 92' lang='lat' dir='ltr'><strong>quo</strong></span> <span class='ocrx_word' id='word_1_141' title='bbox 1285 1045 1341 1082; x_wconf 90' lang='lat' dir='ltr'><strong>ad</strong></span> <span class='ocrx_word' id='word_1_142' title='bbox 1357 1043 1490 1082; x_wconf 90' lang='lat' dir='ltr'><strong>huius</strong></span> <span class='ocrx_word' id='word_1_143' title='bbox 1507 1044 1705 1083; x_wconf 86' lang='lat' dir='ltr'><strong>Cornetae</strong></span> <span class='ocrx_word' id='word_1_144' title='bbox 1721 1044 1987 1082; x_wconf 80' lang='lat' dir='ltr'><strong>Astronomi-</strong></span> <span class='ocrx_word' id='word_1_145' title='bbox 2029 1055 2059 1081; x_wconf 70' lang='grc' dir='ltr'><strong>ιε</strong></span> 
     </span>
     <span class='ocr_line' id='line_1_17' title="bbox 348 1097 1989 1146; baseline -0.001 -9"><span class='ocrx_word' id='word_1_146' title='bbox 348 1112 443 1137; x_wconf 91' lang='lat' dir='ltr'><strong>cam</strong></span> <span class='ocrx_word' id='word_1_147' title='bbox 459 1099 800 1146; x_wconf 87' lang='lat' dir='ltr'><strong>descriptionem,</strong></span> <span class='ocrx_word' id='word_1_148' title='bbox 819 1101 865 1136; x_wconf 89' lang='lat' dir='ltr'><strong>in</strong></span> <span class='ocrx_word' id='word_1_149' title='bbox 881 1099 1076 1136; x_wconf 92' lang='lat' dir='ltr'><strong>medium</strong></span> <span class='ocrx_word' id='word_1_150' title='bbox 1092 1098 1281 1145; x_wconf 90' lang='lat' dir='ltr'><strong>protulit,</strong></span> <span class='ocrx_word' id='word_1_151' title='bbox 1299 1109 1387 1145; x_wconf 94' lang='lat' dir='ltr'><strong>quo</strong></span> <span class='ocrx_word' id='word_1_152' title='bbox 1403 1097 1501 1135; x_wconf 94' lang='lat' dir='ltr'><strong>loco</strong></span> <span class='ocrx_word' id='word_1_153' title='bbox 1517 1097 1721 1136; x_wconf 91' lang='lat' dir='ltr'><strong>habenda</strong></span> <span class='ocrx_word' id='word_1_154' title='bbox 1736 1099 1927 1141; x_wconf 88' lang='lat' dir='ltr'><strong>veniant,</strong></span> <span class='ocrx_word' id='word_1_155' title='bbox 1943 1097 1989 1136; x_wconf 86' lang='lat' dir='ltr'><strong>fit</strong></span> 
     </span>
     <span class='ocr_line' id='line_1_18' title="bbox 348 1149 1988 1199; baseline -0.001 -9"><span class='ocrx_word' id='word_1_156' title='bbox 348 1153 561 1191; x_wconf 81' lang='lat' dir='ltr'><strong>ostendisse</strong></span> <span class='ocrx_word' id='word_1_157' title='bbox 582 1153 690 1190; x_wconf 88' lang='lat' dir='ltr'><strong>satis.</strong></span> <span class='ocrx_word' id='word_1_158' title='bbox 714 1152 827 1198; x_wconf 84' lang='lat' dir='ltr'><strong>Quae</strong></span> <span class='ocrx_word' id='word_1_159' title='bbox 844 1151 999 1199; x_wconf 89' lang='lat' dir='ltr'><strong>Capite</strong></span> <span class='ocrx_word' id='word_1_160' title='bbox 1016 1151 1209 1199; x_wconf 90' lang='lat' dir='ltr'><strong>Septimo</strong></span> <span class='ocrx_word' id='word_1_161' title='bbox 1227 1150 1264 1188; x_wconf 92' lang='grc'><strong>8(</strong></span> <span class='ocrx_word' id='word_1_162' title='bbox 1280 1151 1432 1188; x_wconf 91' lang='lat' dir='ltr'><strong>vltimo</strong></span> <span class='ocrx_word' id='word_1_163' title='bbox 1453 1151 1506 1189; x_wconf 92' lang='lat' dir='ltr'><strong>de</strong></span> <span class='ocrx_word' id='word_1_164' title='bbox 1526 1150 1656 1198; x_wconf 89' lang='lat' dir='ltr'><strong>ipfius</strong></span> <span class='ocrx_word' id='word_1_165' title='bbox 1676 1149 1897 1190; x_wconf 63' lang='lat' dir='ltr'><strong>effectibus</strong></span> <span class='ocrx_word' id='word_1_166' title='bbox 1915 1150 1988 1189; x_wconf 92' lang='lat' dir='ltr'><strong>ad-</strong></span> 
     </span>
     <span class='ocr_line' id='line_1_19' title="bbox 348 1203 1566 1253; baseline -0.002 -9"><span class='ocrx_word' id='word_1_167' title='bbox 348 1207 475 1249; x_wconf 90' lang='lat' dir='ltr'><strong>ducit,</strong></span> <span class='ocrx_word' id='word_1_168' title='bbox 492 1205 757 1253; x_wconf 80' lang='lat' dir='ltr'><strong>Astrologica</strong></span> <span class='ocrx_word' id='word_1_169' title='bbox 773 1205 879 1249; x_wconf 92' lang='lat' dir='ltr'><strong>sunt,</strong></span> <span class='ocrx_word' id='word_1_170' title='bbox 898 1204 935 1242; x_wconf 88' lang='grc'><strong>8(</strong></span> <span class='ocrx_word' id='word_1_171' title='bbox 951 1216 977 1243; x_wconf 92' lang='lat' dir='ltr'><strong>a</strong></span> <span class='ocrx_word' id='word_1_172' title='bbox 993 1204 1135 1242; x_wconf 86' lang='lat' dir='ltr'><strong>nostra</strong></span> <span class='ocrx_word' id='word_1_173' title='bbox 1151 1206 1392 1242; x_wconf 89' lang='lat' dir='ltr'><strong>intentione</strong></span> <span class='ocrx_word' id='word_1_174' title='bbox 1408 1203 1566 1242; x_wconf 90' lang='lat' dir='ltr'><strong>aliena.</strong></span> 
     </span>
    </p>
   </div>
   <div class='ocr_carea' id='block_1_3' title="bbox 388 1330 2060 1437">
    <p class='ocr_par' dir='ltr' id='par_1_5' title="bbox 388 1330 2060 1437">
     <span class='ocr_line' id='line_1_20' title="bbox 388 1330 1950 1437; baseline 0 -62"><span class='ocrx_word' id='word_1_175' title='bbox 388 1332 448 1376; x_wconf 94' lang='lat' dir='ltr'><strong>D.</strong></span> <span class='ocrx_word' id='word_1_176' title='bbox 474 1331 814 1376; x_wconf 89' lang='lat' dir='ltr'><strong>NICOLAVS</strong></span> <span class='ocrx_word' id='word_1_177' title='bbox 835 1330 1306 1437; x_wconf 36' lang='lat' dir='ltr'><strong>WINCPII&lt;4L÷EgIIZCYJSS</strong></span> <span class='ocrx_word' id='word_1_178' title='bbox 1318 1330 1534 1375; x_wconf 87' lang='lat' dir='ltr'>HALAE</span> <span class='ocrx_word' id='word_1_179' title='bbox 1554 1330 1950 1375; x_wconf 92' lang='lat' dir='ltr'><strong>SUEUORUM</strong></span> 
     </span>
     <span class='ocr_line' id='line_1_21' title="bbox 1311 1410 2060 1437; baseline -0.003 0"><span class='ocrx_word' id='word_1_180' title='bbox 1311 1429 1318 1437; x_wconf 89' lang='lat'><strong>.</strong></span> <span class='ocrx_word' id='word_1_181' title='bbox 2027 1410 2060 1436; x_wconf 89' lang='lat'><strong>20</strong></span> 
     </span>
    </p>
   </div>
   <div class='ocr_carea' id='block_1_4' title="bbox 347 1469 2080 2568">
    <p class='ocr_par' dir='ltr' id='par_1_6' title="bbox 347 1469 2080 2568">
     <span class='ocr_line' id='line_1_22' title="bbox 434 1469 1990 1517; baseline 0.001 -10"><span class='ocrx_word' id='word_1_182' title='bbox 434 1470 618 1513; x_wconf 83' lang='lat' dir='ltr'><strong>ESTAT,</strong></span> <span class='ocrx_word' id='word_1_183' title='bbox 649 1476 690 1508; x_wconf 85' lang='lat' dir='ltr'><strong>vt</strong></span> <span class='ocrx_word' id='word_1_184' title='bbox 720 1470 773 1508; x_wconf 89' lang='lat' dir='ltr'><strong>D.</strong></span> <span class='ocrx_word' id='word_1_185' title='bbox 801 1470 1048 1508; x_wconf 88' lang='lat' dir='ltr'><strong>NICOLAI</strong></span> <span class='ocrx_word' id='word_1_186' title='bbox 1074 1469 1414 1508; x_wconf 91' lang='lat' dir='ltr'><strong>WINCKLERI</strong></span> <span class='ocrx_word' id='word_1_187' title='bbox 1440 1470 1557 1517; x_wconf 90' lang='lat' dir='ltr'><strong>apud</strong></span> <span class='ocrx_word' id='word_1_188' title='bbox 1583 1469 1755 1508; x_wconf 89' lang='lat' dir='ltr'><strong>Salinas</strong></span> <span class='ocrx_word' id='word_1_189' title='bbox 1780 1469 1990 1508; x_wconf 88' lang='lat' dir='ltr'><strong>Sueuicas</strong></span> 
     </span>
     <span class='ocr_line' id='line_1_23' title="bbox 451 1522 1989 1571; baseline 0 -11"><span class='ocrx_word' id='word_1_190' title='bbox 451 1524 613 1561; x_wconf 90' lang='lat' dir='ltr'><strong>Medici</strong></span> <span class='ocrx_word' id='word_1_191' title='bbox 637 1523 674 1560; x_wconf 90' lang='grc'><strong>8(</strong></span> <span class='ocrx_word' id='word_1_192' title='bbox 697 1523 860 1571; x_wconf 86' lang='lat' dir='ltr'><strong>Phyfici</strong></span> <span class='ocrx_word' id='word_1_193' title='bbox 883 1523 1106 1567; x_wconf 87' lang='lat' dir='ltr'><strong>ordinarii,</strong></span> <span class='ocrx_word' id='word_1_194' title='bbox 1130 1523 1346 1561; x_wconf 91' lang='lat' dir='ltr'><strong>Libellum</strong></span> <span class='ocrx_word' id='word_1_195' title='bbox 1369 1534 1502 1570; x_wconf 91' lang='lat' dir='ltr'><strong>quem</strong></span> <span class='ocrx_word' id='word_1_196' title='bbox 1524 1523 1577 1561; x_wconf 93' lang='lat' dir='ltr'><strong>de</strong></span> <span class='ocrx_word' id='word_1_197' title='bbox 1600 1522 1684 1561; x_wconf 94' lang='lat' dir='ltr'><strong>hoc</strong></span> <span class='ocrx_word' id='word_1_198' title='bbox 1707 1523 1893 1561; x_wconf 92' lang='lat' dir='ltr'><strong>Cometa</strong></span> <span class='ocrx_word' id='word_1_199' title='bbox 1914 1522 1989 1560; x_wconf 94' lang='lat' dir='ltr'><strong>sub</strong></span> 
     </span>
     <span class='ocr_line' id='line_1_24' title="bbox 347 1575 1989 1623; baseline 0.001 -10"><span class='ocrx_word' id='word_1_200' title='bbox 347 1576 471 1614; x_wconf 90' lang='lat' dir='ltr'><strong>titulo</strong></span> <span class='ocrx_word' id='word_1_201' title='bbox 483 1576 669 1623; x_wconf 84' lang='lat' dir='ltr'><strong>specioso</strong></span> <span class='ocrx_word' id='word_1_202' title='bbox 680 1576 1071 1614; x_wconf 79' lang='lat' dir='ltr'><strong>Demonstrationis</strong></span> <span class='ocrx_word' id='word_1_203' title='bbox 1081 1576 1361 1614; x_wconf 86' lang='lat' dir='ltr'><strong>Parallaxeos</strong></span> <span class='ocrx_word' id='word_1_204' title='bbox 1371 1575 1408 1614; x_wconf 88' lang='lat'>&amp;</span> <span class='ocrx_word' id='word_1_205' title='bbox 1418 1576 1627 1614; x_wconf 86' lang='lat' dir='ltr'><strong>distantiae</strong></span> <span class='ocrx_word' id='word_1_206' title='bbox 1637 1588 1664 1614; x_wconf 88' lang='lat' dir='ltr'><strong>a</strong></span> <span class='ocrx_word' id='word_1_207' title='bbox 1673 1582 1820 1614; x_wconf 91' lang='lat' dir='ltr'><strong>centro</strong></span> <span class='ocrx_word' id='word_1_208' title='bbox 1829 1575 1989 1620; x_wconf 83' lang='lat' dir='ltr'><strong>Terrae,</strong></span> 
     </span>
     <span class='ocr_line' id='line_1_25' title="bbox 347 1629 2048 1676; baseline 0.001 -10"><span class='ocrx_word' id='word_1_209' title='bbox 347 1630 653 1676; x_wconf 85' lang='lat' dir='ltr'><strong>promulgauit,</strong></span> <span class='ocrx_word' id='word_1_210' title='bbox 671 1629 745 1667; x_wconf 89' lang='lat' dir='ltr'><strong>sub</strong></span> <span class='ocrx_word' id='word_1_211' title='bbox 762 1630 967 1667; x_wconf 91' lang='lat' dir='ltr'><strong>incudem</strong></span> <span class='ocrx_word' id='word_1_212' title='bbox 983 1630 1186 1667; x_wconf 89' lang='lat' dir='ltr'><strong>Veritatis</strong></span> <span class='ocrx_word' id='word_1_213' title='bbox 1201 1641 1474 1673; x_wconf 89' lang='lat' dir='ltr'><strong>reuocemus‚</strong></span> <span class='ocrx_word' id='word_1_214' title='bbox 1491 1629 1529 1667; x_wconf 89' lang='grc'><strong>8(</strong></span> <span class='ocrx_word' id='word_1_215' title='bbox 1544 1634 1689 1667; x_wconf 90' lang='lat' dir='ltr'><strong>vtrum</strong></span> <span class='ocrx_word' id='word_1_216' title='bbox 1705 1641 1806 1667; x_wconf 91' lang='lat' dir='ltr'><strong>cum</strong></span> <span class='ocrx_word' id='word_1_217' title='bbox 1822 1640 1874 1667; x_wconf 92' lang='lat' dir='ltr'><strong>ea</strong></span> <span class='ocrx_word' id='word_1_218' title='bbox 1890 1640 1990 1667; x_wconf 89' lang='lat' dir='ltr'><strong>con·</strong></span> <span class='ocrx_word' id='word_1_219' title='bbox 2027 1631 2048 1663; x_wconf 49' lang='grc' dir='ltr'><strong>ἢ·</strong></span> 
     </span>
     <span class='ocr_line' id='line_1_26' title="bbox 348 1682 2061 1730; baseline 0 -10"><span class='ocrx_word' id='word_1_220' title='bbox 348 1682 508 1723; x_wconf 73' lang='lat' dir='ltr'><strong>sentiat.</strong></span> <span class='ocrx_word' id='word_1_221' title='bbox 531 1694 610 1720; x_wconf 93' lang='lat' dir='ltr'><strong>nec</strong></span> <span class='ocrx_word' id='word_1_222' title='bbox 630 1694 697 1726; x_wconf 87' lang='lat' dir='ltr'><strong>ne,</strong></span> <span class='ocrx_word' id='word_1_223' title='bbox 720 1682 1057 1729; x_wconf 80' lang='lat' dir='ltr'><strong>disquisitionem</strong></span> <span class='ocrx_word' id='word_1_224' title='bbox 1073 1683 1263 1720; x_wconf 90' lang='lat' dir='ltr'><strong>debitam</strong></span> <span class='ocrx_word' id='word_1_225' title='bbox 1279 1682 1563 1720; x_wconf 85' lang='lat' dir='ltr'><strong>instituamus.</strong></span> <span class='ocrx_word' id='word_1_226' title='bbox 1585 1683 1701 1720; x_wconf 93' lang='lat' dir='ltr'><strong>Licet</strong></span> <span class='ocrx_word' id='word_1_227' title='bbox 1718 1684 1836 1720; x_wconf 91' lang='lat' dir='ltr'><strong>enim</strong></span> <span class='ocrx_word' id='word_1_228' title='bbox 1852 1682 1989 1730; x_wconf 89' lang='lat' dir='ltr'><strong>Scrip-</strong></span> <span class='ocrx_word' id='word_1_229' title='bbox 2028 1694 2061 1719; x_wconf 87' lang='lat'><strong>25</strong></span> 
     </span>
     <span class='ocr_line' id='line_1_27' title="bbox 348 1735 1991 1783; baseline 0.001 -11"><span class='ocrx_word' id='word_1_230' title='bbox 348 1741 440 1773; x_wconf 94' lang='lat' dir='ltr'><strong>tum</strong></span> <span class='ocrx_word' id='word_1_231' title='bbox 456 1735 575 1779; x_wconf 90' lang='lat' dir='ltr'><strong>illud,</strong></span> <span class='ocrx_word' id='word_1_232' title='bbox 592 1741 653 1773; x_wconf 93' lang='lat' dir='ltr'><strong>tot</strong></span> <span class='ocrx_word' id='word_1_233' title='bbox 669 1740 789 1773; x_wconf 86' lang='lat' dir='ltr'><strong>extra</strong></span> <span class='ocrx_word' id='word_1_234' title='bbox 806 1747 984 1773; x_wconf 90' lang='lat' dir='ltr'><strong>ornnem</strong></span> <span class='ocrx_word' id='word_1_235' title='bbox 1001 1736 1184 1773; x_wconf 90' lang='lat' dir='ltr'><strong>modum</strong></span> <span class='ocrx_word' id='word_1_236' title='bbox 1201 1736 1454 1774; x_wconf 90' lang='lat' dir='ltr'><strong>enormibus</strong></span> <span class='ocrx_word' id='word_1_237' title='bbox 1470 1735 1676 1779; x_wconf 91' lang='lat' dir='ltr'><strong>absurdis,</strong></span> <span class='ocrx_word' id='word_1_238' title='bbox 1693 1735 1929 1783; x_wconf 87' lang='lat' dir='ltr'><strong>praesertim</strong></span> <span class='ocrx_word' id='word_1_239' title='bbox 1945 1737 1991 1773; x_wconf 90' lang='lat' dir='ltr'><strong>in</strong></span> 
     </span>
     <span class='ocr_line' id='line_1_28' title="bbox 350 1788 1990 1836; baseline 0 -10"><span class='ocrx_word' id='word_1_240' title='bbox 350 1788 627 1826; x_wconf 85' lang='lat' dir='ltr'><strong>Parallaxeos</strong></span> <span class='ocrx_word' id='word_1_241' title='bbox 639 1791 786 1836; x_wconf 90' lang='lat' dir='ltr'><strong>inepta</strong></span> <span class='ocrx_word' id='word_1_242' title='bbox 798 1789 1192 1831; x_wconf 88' lang='lat' dir='ltr'><strong>Demonstratione,</strong></span> <span class='ocrx_word' id='word_1_243' title='bbox 1207 1789 1375 1833; x_wconf 88' lang='lat' dir='ltr'><strong>scateat,</strong></span> <span class='ocrx_word' id='word_1_244' title='bbox 1387 1794 1430 1826; x_wconf 93' lang='lat' dir='ltr'><strong>vt</strong></span> <span class='ocrx_word' id='word_1_245' title='bbox 1441 1791 1514 1826; x_wconf 87' lang='lat' dir='ltr'><strong>vix</strong></span> <span class='ocrx_word' id='word_1_246' title='bbox 1525 1791 1683 1827; x_wconf 88' lang='lat' dir='ltr'><strong>mereri</strong></span> <span class='ocrx_word' id='word_1_247' title='bbox 1693 1789 1904 1833; x_wconf 87' lang='lat' dir='ltr'><strong>videatur,</strong></span> <span class='ocrx_word' id='word_1_248' title='bbox 1921 1790 1990 1826; x_wconf 92' lang='lat' dir='ltr'><strong>cui</strong></span> 
     </span>
     <span class='ocr_line' id='line_1_29' title="bbox 350 1838 2080 1891; baseline 0.001 -12"><span class='ocrx_word' id='word_1_249' title='bbox 350 1838 680 1891; x_wconf 77' lang='lat' dir='ltr'><strong>examinan-ssdo</strong></span> <span class='ocrx_word' id='word_1_250' title='bbox 693 1841 730 1879; x_wconf 87' lang='lat'>&amp;</span> <span class='ocrx_word' id='word_1_251' title='bbox 743 1842 1022 1880; x_wconf 91' lang='lat' dir='ltr'><strong>diiudicando</strong></span> <span class='ocrx_word' id='word_1_252' title='bbox 1036 1842 1170 1889; x_wconf 91' lang='lat' dir='ltr'><strong>(quod</strong></span> <span class='ocrx_word' id='word_1_253' title='bbox 1182 1848 1331 1880; x_wconf 91' lang='lat' dir='ltr'><strong>tamen</strong></span> <span class='ocrx_word' id='word_1_254' title='bbox 1341 1844 1445 1880; x_wconf 90' lang='lat' dir='ltr'><strong>citra</strong></span> <span class='ocrx_word' id='word_1_255' title='bbox 1454 1841 1666 1880; x_wconf 89' lang='lat' dir='ltr'><strong>Authoris</strong></span> <span class='ocrx_word' id='word_1_256' title='bbox 1676 1841 1992 1889; x_wconf 65' lang='lat' dir='ltr'><strong>despectionem</strong></span> <span class='ocrx_word' id='word_1_257' title='bbox 2016 1847 2080 1880; x_wconf 82' lang='lat'><strong>439</strong></span> 
     </span>
     <span class='ocr_line' id='line_1_30' title="bbox 350 1893 1990 1943; baseline 0.001 -11"><span class='ocrx_word' id='word_1_258' title='bbox 350 1893 510 1933; x_wconf 71' lang='lat' dir='ltr'><strong>dictum</strong></span> <span class='ocrx_word' id='word_1_259' title='bbox 519 1895 637 1941; x_wconf 94' lang='lat' dir='ltr'><strong>volo)</strong></span> <span class='ocrx_word' id='word_1_260' title='bbox 651 1906 784 1942; x_wconf 89' lang='lat' dir='ltr'><strong>opera</strong></span> <span class='ocrx_word' id='word_1_261' title='bbox 796 1895 1070 1942; x_wconf 87' lang='lat' dir='ltr'><strong>aliquantula</strong></span> <span class='ocrx_word' id='word_1_262' title='bbox 1082 1896 1375 1942; x_wconf 87' lang='lat' dir='ltr'><strong>impendatur:</strong></span> <span class='ocrx_word' id='word_1_263' title='bbox 1388 1901 1582 1933; x_wconf 89' lang='lat' dir='ltr'><strong>attamen</strong></span> <span class='ocrx_word' id='word_1_264' title='bbox 1594 1907 1694 1933; x_wconf 88' lang='lat' dir='ltr'><strong>cum</strong></span> <span class='ocrx_word' id='word_1_265' title='bbox 1701 1896 1990 1943; x_wconf 87' lang='lat' dir='ltr'><strong>Argumenta-</strong></span> 
     </span>
     <span class='ocr_line' id='line_1_31' title="bbox 350 1947 2062 1996; baseline 0.001 -12"><span class='ocrx_word' id='word_1_266' title='bbox 350 1949 489 1985; x_wconf 91' lang='lat' dir='ltr'><strong>tiones</strong></span> <span class='ocrx_word' id='word_1_267' title='bbox 501 1947 709 1994; x_wconf 90' lang='lat' dir='ltr'><strong>quasdam</strong></span> <span class='ocrx_word' id='word_1_268' title='bbox 721 1948 951 1995; x_wconf 91' lang='lat' dir='ltr'><strong>pomposas</strong></span> <span class='ocrx_word' id='word_1_269' title='bbox 963 1948 1000 1985; x_wconf 92' lang='grc'><strong>8(</strong></span> <span class='ocrx_word' id='word_1_270' title='bbox 1013 1948 1196 1996; x_wconf 90' lang='lat' dir='ltr'><strong>speciem</strong></span> <span class='ocrx_word' id='word_1_271' title='bbox 1208 1948 1404 1995; x_wconf 90' lang='lat' dir='ltr'><strong>aliquam</strong></span> <span class='ocrx_word' id='word_1_272' title='bbox 1417 1948 1808 1986; x_wconf 85' lang='lat' dir='ltr'><strong>Demonstrationis</strong></span> <span class='ocrx_word' id='word_1_273' title='bbox 1818 1947 1990 1986; x_wconf 88' lang='lat' dir='ltr'><strong>Mathe·</strong></span> <span class='ocrx_word' id='word_1_274' title='bbox 2029 1960 2062 1985; x_wconf 82' lang='lat'><strong>30</strong></span> 
     </span>
     <span class='ocr_line' id='line_1_32' title="bbox 350 2000 1992 2049; baseline 0.001 -12"><span class='ocrx_word' id='word_1_275' title='bbox 350 2002 533 2044; x_wconf 85' lang='lat' dir='ltr'><strong>maticae,</strong></span> <span class='ocrx_word' id='word_1_276' title='bbox 556 2000 1012 2048; x_wconf 88' lang='lat' dir='ltr'><strong>Obseruationumque</strong></span> <span class='ocrx_word' id='word_1_277' title='bbox 1033 2001 1203 2039; x_wconf 90' lang='lat' dir='ltr'><strong>coelitus</strong></span> <span class='ocrx_word' id='word_1_278' title='bbox 1224 2001 1535 2045; x_wconf 90' lang='lat' dir='ltr'><strong>deriuatarum,</strong></span> <span class='ocrx_word' id='word_1_279' title='bbox 1559 2002 1812 2049; x_wconf 89' lang='lat' dir='ltr'><strong>praetendat,</strong></span> <span class='ocrx_word' id='word_1_280' title='bbox 1834 2001 1992 2048; x_wconf 88' lang='lat' dir='ltr'><strong>quibus</strong></span> 
     </span>
     <span class='ocr_line' id='line_1_33' title="bbox 350 2053 1991 2101; baseline 0.001 -11"><span class='ocrx_word' id='word_1_281' title='bbox 350 2053 599 2090; x_wconf 86' lang='lat' dir='ltr'><strong>Parallaxin</strong></span> <span class='ocrx_word' id='word_1_282' title='bbox 614 2059 720 2100; x_wconf 86' lang='lat' dir='ltr'><strong>part.</strong></span> <span class='ocrx_word' id='word_1_283' title='bbox 733 2054 774 2091; x_wconf 58' lang='grc' dir='ltr'><strong>δὲ</strong></span> <span class='ocrx_word' id='word_1_284' title='bbox 793 2054 1124 2101; x_wconf 85' lang='lat' dir='ltr'><strong>distantiamque</strong></span> <span class='ocrx_word' id='word_1_285' title='bbox 1136 2066 1162 2092; x_wconf 88' lang='lat' dir='ltr'><strong>a</strong></span> <span class='ocrx_word' id='word_1_286' title='bbox 1173 2054 1308 2092; x_wconf 91' lang='lat' dir='ltr'><strong>Terra</strong></span> <span class='ocrx_word' id='word_1_287' title='bbox 1320 2055 1344 2093; x_wconf 88' lang='lat'>8</span> <span class='ocrx_word' id='word_1_288' title='bbox 1356 2054 1790 2093; x_wconf 84' lang='lat' dir='ltr'><strong>Semidiametrorurn</strong></span> <span class='ocrx_word' id='word_1_289' title='bbox 1805 2054 1991 2092; x_wconf 82' lang='lat' dir='ltr'><strong>astruere</strong></span> 
     </span>
     <span class='ocr_line' id='line_1_34' title="bbox 351 2107 1991 2155; baseline 0.001 -13"><span class='ocrx_word' id='word_1_290' title='bbox 351 2108 511 2150; x_wconf 88' lang='lat' dir='ltr'><strong>nititur,</strong></span> <span class='ocrx_word' id='word_1_291' title='bbox 529 2117 668 2153; x_wconf 90' lang='lat' dir='ltr'><strong>eaque</strong></span> <span class='ocrx_word' id='word_1_292' title='bbox 681 2108 725 2144; x_wconf 93' lang='lat' dir='ltr'><strong>in</strong></span> <span class='ocrx_word' id='word_1_293' title='bbox 737 2112 856 2153; x_wconf 88' lang='lat' dir='ltr'><strong>parte</strong></span> <span class='ocrx_word' id='word_1_294' title='bbox 869 2107 1223 2145; x_wconf 89' lang='lat' dir='ltr'><strong>antecedentibus</strong></span> <span class='ocrx_word' id='word_1_295' title='bbox 1235 2108 1565 2154; x_wconf 90' lang='lat' dir='ltr'><strong>quodammodo</strong></span> <span class='ocrx_word' id='word_1_296' title='bbox 1577 2107 1808 2155; x_wconf 80' lang='lat' dir='ltr'><strong>astipulari,</strong></span> <span class='ocrx_word' id='word_1_297' title='bbox 1826 2107 1864 2145; x_wconf 88' lang='grc'><strong>8(</strong></span> <span class='ocrx_word' id='word_1_298' title='bbox 1879 2107 1991 2145; x_wconf 88' lang='lat' dir='ltr'><strong>Peri-</strong></span> 
     </span>
     <span class='ocr_line' id='line_1_35' title="bbox 350 2159 1990 2208; baseline 0.001 -12"><span class='ocrx_word' id='word_1_299' title='bbox 350 2161 649 2205; x_wconf 88' lang='lat' dir='ltr'><strong>pateticorum,</strong></span> <span class='ocrx_word' id='word_1_300' title='bbox 671 2160 722 2197; x_wconf 94' lang='lat' dir='ltr'><strong>de</strong></span> <span class='ocrx_word' id='word_1_301' title='bbox 743 2159 820 2197; x_wconf 87' lang='lat' dir='ltr'><strong>fitu</strong></span> <span class='ocrx_word' id='word_1_302' title='bbox 842 2159 1127 2198; x_wconf 89' lang='lat' dir='ltr'><strong>Cometarum</strong></span> <span class='ocrx_word' id='word_1_303' title='bbox 1149 2160 1426 2205; x_wconf 89' lang='lat' dir='ltr'><strong>Elementari‚</strong></span> <span class='ocrx_word' id='word_1_304' title='bbox 1449 2160 1566 2199; x_wconf 86' lang='lat' dir='ltr'><strong>falsae</strong></span> <span class='ocrx_word' id='word_1_305' title='bbox 1588 2161 1800 2208; x_wconf 87' lang='lat' dir='ltr'><strong>Opinioni</strong></span> <span class='ocrx_word' id='word_1_306' title='bbox 1820 2160 1990 2198; x_wconf 90' lang='lat' dir='ltr'><strong>subscri-</strong></span> 
     </span>
     <span class='ocr_line' id='line_1_36' title="bbox 350 2212 2062 2259; baseline 0.001 -11"><span class='ocrx_word' id='word_1_307' title='bbox 350 2212 463 2255; x_wconf 92' lang='lat' dir='ltr'><strong>bere,</strong></span> <span class='ocrx_word' id='word_1_308' title='bbox 488 2212 736 2259; x_wconf 92' lang='lat' dir='ltr'><strong>erroresque</strong></span> <span class='ocrx_word' id='word_1_309' title='bbox 759 2212 1111 2251; x_wconf 88' lang='lat' dir='ltr'><strong>manifestissimos</strong></span> <span class='ocrx_word' id='word_1_310' title='bbox 1134 2216 1239 2251; x_wconf 89' lang='lat' dir='ltr'><strong>citra</strong></span> <span class='ocrx_word' id='word_1_311' title='bbox 1262 2216 1478 2252; x_wconf 90' lang='lat' dir='ltr'><strong>rationem</strong></span> <span class='ocrx_word' id='word_1_312' title='bbox 1499 2213 1760 2252; x_wconf 91' lang='lat' dir='ltr'><strong>confirmare</strong></span> <span class='ocrx_word' id='word_1_313' title='bbox 1780 2213 1990 2257; x_wconf 87' lang='lat' dir='ltr'><strong>videatur,</strong></span> <span class='ocrx_word' id='word_1_314' title='bbox 2029 2225 2062 2250; x_wconf 84' lang='lat'><strong>35</strong></span> 
     </span>
     <span class='ocr_line' id='line_1_37' title="bbox 351 2264 1990 2310; baseline 0.001 -9"><span class='ocrx_word' id='word_1_315' title='bbox 351 2276 441 2302; x_wconf 91' lang='lat' dir='ltr'><strong>non</strong></span> <span class='ocrx_word' id='word_1_316' title='bbox 458 2270 578 2302; x_wconf 85' lang='lat' dir='ltr'><strong>extra</strong></span> <span class='ocrx_word' id='word_1_317' title='bbox 594 2276 686 2302; x_wconf 88' lang='lat' dir='ltr'><strong>rem</strong></span> <span class='ocrx_word' id='word_1_318' title='bbox 702 2277 771 2302; x_wconf 89' lang='lat' dir='ltr'><strong>me</strong></span> <span class='ocrx_word' id='word_1_319' title='bbox 788 2264 1004 2303; x_wconf 68' lang='lat' dir='ltr'><strong>facturum</strong></span> <span class='ocrx_word' id='word_1_320' title='bbox 1020 2267 1216 2310; x_wconf 89' lang='lat' dir='ltr'><strong>arbitror,</strong></span> <span class='ocrx_word' id='word_1_321' title='bbox 1238 2266 1266 2304; x_wconf 85' lang='lat' dir='ltr'><strong>fi</strong></span> <span class='ocrx_word' id='word_1_322' title='bbox 1288 2267 1420 2305; x_wconf 91' lang='lat' dir='ltr'><strong>huius</strong></span> <span class='ocrx_word' id='word_1_323' title='bbox 1437 2269 1568 2305; x_wconf 91' lang='lat' dir='ltr'><strong>etiam</strong></span> <span class='ocrx_word' id='word_1_324' title='bbox 1584 2278 1675 2305; x_wconf 91' lang='lat' dir='ltr'><strong>non</strong></span> <span class='ocrx_word' id='word_1_325' title='bbox 1690 2268 1887 2304; x_wconf 90' lang='lat' dir='ltr'><strong>minimae</strong></span> <span class='ocrx_word' id='word_1_326' title='bbox 1904 2267 1990 2303; x_wconf 88' lang='lat' dir='ltr'><strong>exi-</strong></span> 
     </span>
     <span class='ocr_line' id='line_1_38' title="bbox 351 2317 1990 2367; baseline 0.001 -13"><span class='ocrx_word' id='word_1_327' title='bbox 351 2317 603 2355; x_wconf 84' lang='lat' dir='ltr'><strong>stimationis</strong></span> <span class='ocrx_word' id='word_1_328' title='bbox 619 2318 711 2355; x_wconf 91' lang='lat' dir='ltr'><strong>Viri</strong></span> <span class='ocrx_word' id='word_1_329' title='bbox 726 2321 1028 2365; x_wconf 83' lang='lat' dir='ltr'><strong>pronunciata,</strong></span> <span class='ocrx_word' id='word_1_330' title='bbox 1046 2319 1370 2367; x_wconf 88' lang='lat' dir='ltr'><strong>qualiacunque</strong></span> <span class='ocrx_word' id='word_1_331' title='bbox 1386 2320 1564 2358; x_wconf 89' lang='lat' dir='ltr'><strong>tandem</strong></span> <span class='ocrx_word' id='word_1_332' title='bbox 1581 2331 1633 2358; x_wconf 92' lang='lat' dir='ltr'><strong>ea</strong></span> <span class='ocrx_word' id='word_1_333' title='bbox 1647 2319 1819 2363; x_wconf 86' lang='lat' dir='ltr'><strong>fuerint,</strong></span> <span class='ocrx_word' id='word_1_334' title='bbox 1836 2319 1990 2366; x_wconf 91' lang='lat' dir='ltr'><strong>disqui-</strong></span> 
     </span>
     <span class='ocr_line' id='line_1_39' title="bbox 352 2370 1990 2420; baseline 0.002 -14"><span class='ocrx_word' id='word_1_335' title='bbox 352 2370 490 2407; x_wconf 88' lang='lat' dir='ltr'><strong>fitioni</strong></span> <span class='ocrx_word' id='word_1_336' title='bbox 508 2373 767 2417; x_wconf 88' lang='lat' dir='ltr'><strong>competenti</strong></span> <span class='ocrx_word' id='word_1_337' title='bbox 784 2371 1048 2415; x_wconf 89' lang='lat' dir='ltr'><strong>subiecerim‚</strong></span> <span class='ocrx_word' id='word_1_338' title='bbox 1066 2384 1120 2409; x_wconf 92' lang='lat' dir='ltr'><strong>ne</strong></span> <span class='ocrx_word' id='word_1_339' title='bbox 1137 2372 1191 2410; x_wconf 87' lang='lat' dir='ltr'><strong>ab</strong></span> <span class='ocrx_word' id='word_1_340' title='bbox 1209 2374 1381 2420; x_wconf 89' lang='lat' dir='ltr'><strong>ignaris,</strong></span> <span class='ocrx_word' id='word_1_341' title='bbox 1399 2372 1437 2411; x_wconf 91' lang='grc'><strong>8(</strong></span> <span class='ocrx_word' id='word_1_342' title='bbox 1452 2373 1550 2420; x_wconf 93' lang='lat' dir='ltr'><strong>plus</strong></span> <span class='ocrx_word' id='word_1_343' title='bbox 1567 2384 1701 2420; x_wconf 92' lang='lat' dir='ltr'><strong>quam</strong></span> <span class='ocrx_word' id='word_1_344' title='bbox 1715 2384 1825 2420; x_wconf 92' lang='lat' dir='ltr'><strong>opus</strong></span> <span class='ocrx_word' id='word_1_345' title='bbox 1838 2372 1893 2410; x_wconf 85' lang='lat' dir='ltr'><strong>est</strong></span> <span class='ocrx_word' id='word_1_346' title='bbox 1904 2383 1990 2410; x_wconf 91' lang='lat' dir='ltr'><strong>cre-</strong></span> 
     </span>
     <span class='ocr_line' id='line_1_40' title="bbox 352 2423 1990 2473; baseline 0.001 -13"><span class='ocrx_word' id='word_1_347' title='bbox 352 2423 477 2466; x_wconf 88' lang='lat' dir='ltr'><strong>dulis,</strong></span> <span class='ocrx_word' id='word_1_348' title='bbox 494 2423 673 2461; x_wconf 88' lang='lat' dir='ltr'><strong>deuium</strong></span> <span class='ocrx_word' id='word_1_349' title='bbox 686 2423 723 2460; x_wconf 88' lang='grc'><strong>8(</strong></span> <span class='ocrx_word' id='word_1_350' title='bbox 735 2424 946 2461; x_wconf 88' lang='lat' dir='ltr'><strong>absonum</strong></span> <span class='ocrx_word' id='word_1_351' title='bbox 962 2436 1040 2471; x_wconf 89' lang='lat' dir='ltr'><strong>pro</strong></span> <span class='ocrx_word' id='word_1_352' title='bbox 1056 2436 1160 2462; x_wconf 91' lang='lat' dir='ltr'><strong>vero</strong></span> <span class='ocrx_word' id='word_1_353' title='bbox 1178 2437 1459 2473; x_wconf 86' lang='lat' dir='ltr'><strong>congruoque</strong></span> <span class='ocrx_word' id='word_1_354' title='bbox 1475 2426 1750 2473; x_wconf 90' lang='lat' dir='ltr'><strong>approbetur.</strong></span> <span class='ocrx_word' id='word_1_355' title='bbox 1768 2426 1899 2463; x_wconf 90' lang='lat' dir='ltr'><strong>Nunc</strong></span> <span class='ocrx_word' id='word_1_356' title='bbox 1915 2427 1990 2463; x_wconf 91' lang='lat' dir='ltr'><strong>ita-</strong></span> 
     </span>
     <span class='ocr_line' id='line_1_41' title="bbox 352 2476 2062 2525; baseline 0.004 -13"><span class='ocrx_word' id='word_1_357' title='bbox 352 2487 437 2522; x_wconf 91' lang='lat' dir='ltr'><strong>que</strong></span> <span class='ocrx_word' id='word_1_358' title='bbox 454 2487 553 2522; x_wconf 86' lang='lat' dir='ltr'><strong>quae</strong></span> <span class='ocrx_word' id='word_1_359' title='bbox 570 2476 625 2513; x_wconf 90' lang='lat' dir='ltr'><strong>ab</strong></span> <span class='ocrx_word' id='word_1_360' title='bbox 640 2476 729 2523; x_wconf 92' lang='lat' dir='ltr'><strong>ipso</strong></span> <span class='ocrx_word' id='word_1_361' title='bbox 745 2477 914 2523; x_wconf 89' lang='lat' dir='ltr'><strong>prolata</strong></span> <span class='ocrx_word' id='word_1_362' title='bbox 930 2477 1036 2520; x_wconf 92' lang='lat' dir='ltr'><strong>sunt,</strong></span> <span class='ocrx_word' id='word_1_363' title='bbox 1053 2478 1412 2525; x_wconf 88' lang='lat' dir='ltr'><strong>introspiciamus.</strong></span> <span class='ocrx_word' id='word_1_364' title='bbox 2028 2488 2062 2513; x_wconf 80' lang='lat'><strong>⁴0</strong></span> 
     </span>
     <span class='ocr_line' id='line_1_42' title="bbox 1842 2531 1991 2568; baseline 0 0"><span class='ocrx_word' id='word_1_365' title='bbox 1842 2531 1991 2568; x_wconf 84' lang='lat' dir='ltr'><strong>Asserit</strong></span> 
     </span>
    </p>
   </div>
  </div>
 </body>
</html>
