2209 3213
137 321 156 351 ἦ·

137 427 157 457 ÷

140 543 155 566 5

127 808 155 831 10

127 1073 156 1097 15

125 1339 157 1363 20

125 1606 158 1630 25

112 1759 171 1790 461

125 1872 159 1897 30

125 2138 159 2163 35

127 2404 160 2428 40

514 205 1036 246 RECENTIORIBUS
1057 202 1517 244 PHAENOMENIS
1772 201 1840 239 371

193 327 305 359 mus,
322 315 541 353 declarata
557 314 624 357 est,
642 318 687 351 ut
704 325 795 350 non
811 324 922 360 opus
938 313 984 350 fit
1000 312 1071 350 hic
1088 324 1187 350 eam
1203 317 1408 359 repetere.
1427 310 1535 349 Sunt
1547 315 1695 348 autem
1708 309 1840 347 huius

195 370 410 408 Sextantis
431 368 574 406 ambae
596 366 771 414 Regulae
792 366 874 403 AB
897 366 935 404 8(
955 365 1036 404 AC
1058 365 1304 403 cubitorum
1328 366 1493 402 circiter
1515 365 1658 407 trium,
1683 363 1840 410 quibus

194 424 336 461 Arcus
352 421 482 469 ipfius
498 420 582 458 BD
599 419 795 458 subtensa
812 424 1079 466 coaequatur.

248 475 365 522 Quia
390 486 498 512 uero
523 478 638 512 totus
663 473 733 510 hic
757 472 941 510 Sextans
967 471 1205 519 chalybeus
1230 471 1297 514 est,
1322 470 1360 508 &
1383 470 1438 508 ob
1461 470 1503 508 id
1526 469 1840 517 grauiusculus‚

194 529 332 567 fulcro
349 528 524 565 cuidam
540 528 792 573 imponitur,
814 527 883 562 cui
904 527 1082 562 innixus
1098 527 1209 562 inter
1226 524 1562 562 Obseruandum
1578 522 1842 561 tractabilior

194 582 352 620 euadit.
374 581 499 618 Alias
520 581 638 618 enim
658 579 734 617 suo
755 579 949 625 pondere
970 578 1065 615 usui
1085 578 1195 615 foret
1214 580 1399 624 ineptus.
1423 577 1562 615 Cuius
1579 588 1696 614 nunc
1713 576 1840 614 fabri-

193 647 302 678 cam,
327 646 427 681 quae
449 645 526 681 per
548 639 685 671 totam
708 631 924 678 reliquam
947 630 1161 678 picturam
1184 630 1438 678 defignatur,
1465 630 1519 668 ab
1543 629 1697 667 infima
1719 634 1840 677 parte

193 688 328 735 usque
344 688 400 726 ad
416 687 683 734 superiorem
699 684 985 726 ascendendo,
1003 687 1264 731 aperiemus.

247 741 389 779 Refert
412 742 558 787 itaque
582 738 753 776 VXYZ
776 738 933 785 pedem
956 737 1172 781 infimum,
1199 749 1287 784 quo
1310 737 1458 774 Terrae
1482 736 1662 774 firmiter
1686 736 1839 774 insistit.

194 795 314 832 Huic
325 795 577 841 proximum
589 792 709 839 quafi
721 803 819 829 crus
831 791 886 829 ad
898 791 934 828 T
946 791 1064 838 quod
1077 802 1238 828 cauum
1251 790 1317 833 est,
1332 792 1392 828 ita
1403 795 1448 827 ut
1461 790 1640 827 cochlea
1652 789 1841 837 oblonga

194 848 248 886 ad
273 847 314 894 Q
336 849 382 885 in
404 846 511 884 illud
534 845 774 888 descendat,
799 856 899 891 quae
922 856 999 891 per
1021 844 1155 882 aliam
1179 843 1405 881 cochleam
1430 843 1581 890 (quam
1601 855 1841 890 perennem

194 899 467 948 nuncupant)
484 901 598 937 intra
614 899 645 936 P
661 897 922 941 conclusam,
944 897 1153 935 attollitur
1169 896 1207 934 &
1223 897 1479 943 deprimitur
1495 908 1573 944 pro
1591 908 1643 934 ea
1659 898 1840 939 ratione,

194 966 328 1002 quam
345 953 682 991 Instrumentum
698 951 837 998 ipsum
854 953 995 998 exigit,
1017 956 1145 998 prout
1162 950 1364 987 uidelicet
1380 949 1525 988 Stellae
1542 949 1841 987 Obseruandae

193 1007 464 1046 sublimiores
489 1006 562 1044 uel
587 1005 846 1043 decliuiores
871 1006 1167 1051 apparuerint.
1194 1003 1282 1041 Hae
1305 1014 1413 1040 uero
1436 1003 1579 1041 ambae
1603 1003 1795 1040 cochleae
1819 1015 1841 1040 e

194 1061 329 1099 solido
354 1060 454 1097 ferri
480 1059 665 1097 Metallo
691 1058 900 1100 constant;
931 1057 1307 1104 quemadmodum
1334 1056 1371 1093 8(
1396 1061 1486 1094 tota
1512 1068 1564 1094 ea
1589 1068 1689 1103 quae
1720 1056 1843 1094 restat

194 1114 388 1162 superior
416 1112 541 1150 fulcri
565 1123 678 1159 pars.
709 1111 844 1149 Porro
870 1111 966 1148 HO
992 1115 1103 1148 teres
1129 1110 1293 1147 ferrum
1318 1112 1499 1147 interius
1525 1121 1698 1153 cauum,
1730 1112 1842 1147 circa

195 1167 332 1205 alium
348 1166 588 1213 oblongum
603 1176 733 1203 axem
748 1164 824 1211 ipfi
838 1164 878 1210 Q
891 1163 1095 1206 cochleae‚
1112 1163 1446 1201 intermediante
1464 1163 1664 1210 capitello
1681 1162 1842 1200 ibidem

196 1221 395 1268 expresso,
419 1219 674 1266 copulatum
697 1217 990 1260 conuoluitur‚
1014 1217 1145 1263 idque
1169 1228 1221 1254 ea
1244 1216 1349 1263 lege,
1372 1222 1419 1254 ut
1441 1216 1515 1254 ubi
1538 1216 1738 1260 lubuerit,
1764 1228 1840 1263 per

195 1273 421 1312 cochleam
438 1273 493 1311 ad
505 1272 544 1310 O
557 1274 790 1309 immotum
806 1270 974 1318 figatur.
994 1270 1143 1308 Habet
1158 1281 1266 1307 uero
1282 1270 1366 1307 hoc
1382 1270 1520 1317 ipsum
1536 1275 1647 1307 teres
1664 1269 1839 1314 ferrum,

194 1327 389 1374 superius
406 1325 758 1373 quadrangulare
775 1324 1038 1371 capitellum,
1056 1336 1078 1361 e
1096 1335 1184 1370 quo
1201 1324 1417 1370 egreditur
1433 1335 1545 1370 apex
1561 1324 1753 1370 quidam,
1771 1325 1841 1360 cui

195 1381 315 1419 aliud
332 1379 572 1427 oblongum
587 1378 751 1416 ferrum
767 1389 844 1424 per
860 1377 951 1415 LM
968 1376 1325 1424 repraesentatum
1341 1377 1548 1420 adhaeret,
1568 1376 1685 1423 quod
1702 1376 1841 1423 ipsum

196 1434 412 1472 Sextantis
435 1432 772 1470 Instrumentum
792 1430 867 1468 fibi
887 1432 933 1468 in
954 1431 987 1467 L
1008 1429 1204 1473 affixum,
1229 1430 1267 1467 8(
1289 1442 1365 1477 per
1389 1432 1481 1467 eius
1503 1430 1841 1477 Longitudinem

195 1492 331 1525 totam
353 1486 444 1524 LM
466 1484 726 1527 extenfibile,
748 1489 902 1532 portat.
925 1483 989 1521 ER
1011 1489 1159 1522 autern
1180 1484 1430 1530 capitellum
1451 1483 1558 1520 illud
1580 1483 1840 1529 quadrilate-

196 1552 307 1584 rum,
324 1541 505 1577 interius
520 1538 596 1576 tali
612 1538 858 1575 rotularum
870 1536 1052 1575 artificio
1065 1539 1389 1580 concinnatum,
1407 1542 1453 1574 ut
1469 1536 1647 1583 quando
1660 1538 1842 1573 uertitur

195 1593 325 1640 ipfius
341 1592 521 1630 cochlea
537 1592 592 1630 ad
609 1592 664 1634 N.
682 1596 775 1629 tum
789 1592 916 1637 Apex
933 1590 1005 1627 ille
1021 1602 1097 1638 per
1114 1590 1303 1628 rotulam
1320 1592 1584 1632 interiorem,
1602 1589 1842 1637 oblongum

195 1646 359 1685 ferrum
380 1645 471 1684 LM
492 1657 583 1683 una
604 1656 704 1683 cum
724 1649 814 1682 toto
833 1644 1037 1682 Sextante
1058 1643 1131 1681 fibi
1152 1643 1395 1681 inhaerente
1417 1643 1471 1681 ad
1492 1643 1617 1681 litum
1636 1643 1841 1681 binarum

195 1699 429 1738 Stellarum
444 1699 546 1736 hinc
562 1699 664 1736 inde
680 1698 914 1735 lateraliter
930 1697 1119 1735 inclinet.
1137 1693 1151 1747 ΙΙ

248 1753 328 1791 Per
344 1753 510 1790 Arcum
526 1751 699 1799 insuper
716 1751 797 1794 SR,
818 1751 894 1798 ipfi
909 1750 1023 1788 ferro
1040 1752 1162 1788 tereti
1179 1750 1286 1793 OH,
1304 1750 1355 1787 de
1373 1762 1461 1797 quo
1479 1750 1580 1793 dixi,
1598 1752 1710 1787 circa
1727 1749 1754 1787 S
1770 1761 1841 1796 pe—

197 1806 349 1844 culiari
372 1804 573 1844 iunctura
596 1805 815 1848 insertum,
840 1809 1037 1841 centrum
1058 1804 1113 1841 ad
1135 1804 1175 1840 A
1196 1803 1320 1841 litum
1343 1815 1434 1841 una
1457 1815 1557 1840 cum
1577 1803 1667 1850 ipso
1688 1803 1841 1840 Instru-

196 1865 345 1897 mento
361 1858 582 1902 attollitur,
600 1858 956 1905 deprimiturque‚
973 1862 1102 1904 prout
1118 1856 1352 1894 Stellarum
1364 1857 1562 1894 Altitudo
1578 1856 1650 1894 uel
1667 1856 1841 1894 decliui-

196 1919 261 1951 tas
278 1912 477 1960 postulat;
498 1911 798 1958 firmaturque,
817 1922 917 1948 cum
933 1910 1064 1954 lubet,
1084 1912 1129 1947 in
1146 1910 1301 1948 eodem
1318 1911 1438 1948 Arcu
1454 1921 1530 1957 per
1546 1909 1772 1947 cochleam
1789 1910 1842 1947 ab

196 1966 333 2004 altera
352 1971 474 2013 parte
494 1967 616 2003 iuxta
637 1965 661 2003 9
682 1963 946 2003 adiunetam.
969 1965 1115 2010 Atque
1132 1963 1184 2001 fic
1201 1975 1277 2010 per
1293 1964 1388 2001 haec
1406 1965 1556 2001 omnia
1572 1963 1684 2001 adeo
1700 1963 1843 2000 multi-

196 2019 390 2057 formiter
415 2018 650 2066 compofita
674 2020 923 2055 motionum
949 2017 1220 2055 diuersarum
1245 2017 1438 2060 subsidia,
1470 2016 1653 2054 Sextans
1683 2016 1768 2063 ipse
1799 2018 1844 2054 in

196 2073 380 2120 planum
400 2073 661 2119 quarumuis
679 2071 867 2109 duarum
885 2070 1130 2114 Stellarum,
1153 2082 1466 2117 quamcunque
1481 2070 1659 2107 tandem
1676 2069 1844 2116 dispofi-

195 2128 362 2164 tionem
377 2137 468 2172 prae
480 2125 520 2162 se
531 2124 685 2168 ferant,
702 2125 908 2171 dirigitur,
926 2130 971 2161 ut
988 2124 1268 2170 intercapedo
1281 2135 1435 2162 earum
1448 2135 1525 2170 per
1536 2123 1675 2170 ipsum
1687 2121 1844 2160 rectius

196 2179 455 2217 obtineatur.
472 2178 639 2216 Verum
655 2177 751 2215 haec
767 2189 859 2214 non
875 2183 965 2215 tam
981 2176 1106 2214 facile
1123 2177 1268 2215 uerbis
1285 2182 1578 2224 exponuntur,
1601 2188 1735 2223 quam
1754 2176 1844 2223 ipso

197 2232 363 2270 oculari
378 2233 539 2269 intuitu
555 2231 593 2269 8(
609 2229 863 2269 tractatione
880 2230 1024 2268 debita
1039 2232 1350 2277 percipiuntur.

250 2285 391 2323 Venio
412 2296 530 2322 nunc
550 2284 606 2322 ad
627 2284 814 2322 alterurn
836 2283 1185 2327 Instrumentum‚
1207 2295 1296 2331 quo
1317 2286 1363 2321 in
1384 2284 1467 2321 hoc
1490 2282 1675 2321 Cometa
1693 2282 1843 2320 Obser—

196 2339 346 2376 uando
371 2337 430 2376 vfi
454 2337 614 2381 sumus,
641 2337 945 2383 Quadrantem
970 2336 1170 2374 videlicet
1195 2337 1510 2375 Altitudinibus
1534 2336 1571 2373 8(
1595 2334 1844 2373 Azimuthis

197 2391 322 2429 fimul
342 2391 565 2438 capiendis
585 2391 808 2433 idoneum,
830 2391 954 2427 cuius
974 2389 1164 2427 formam
1185 2390 1222 2428 8(
1243 2389 1495 2428 structuram
1516 2389 1700 2436 sequens
1721 2388 1843 2435 Figu-

198 2446 308 2483 ratio
325 2444 517 2487 ostendit,
535 2455 670 2491 quam
685 2454 803 2481 nunc
820 2454 1105 2490 exponemus.

251 2498 446 2535 Primum
465 2496 552 2544 ipse
569 2496 806 2543 Quadrans
824 2507 846 2533 e
862 2495 998 2533 solido
1017 2498 1272 2543 optimoque
1289 2495 1486 2533 constans
1504 2494 1737 2533 Orichalco
1755 2493 1843 2531 effi-

305 2558 355 2584 47*
1705 2549 1844 2594 giatur
