2209 3213
113 1876 143 1902 10

113 2249 142 2274 15

110 2514 142 2540 20

499 208 1023 248 RECENTIORIBUS
1044 206 1502 246 PHAENOMENIS
1757 206 1825 244 123

236 1382 515 1429 Quapropter
531 1393 631 1419 cum
647 1380 893 1419 differentia
904 1380 1200 1418 Altitudinum
1212 1382 1257 1417 in
1269 1378 1446 1417 diuerfis
1458 1376 1720 1421 Azimuthis,
1738 1388 1829 1414 non

182 1435 429 1474 senfibiliter
448 1435 546 1483 plus
566 1437 716 1479 variet,
738 1434 888 1472 habito
909 1432 1101 1481 respectu
1120 1435 1375 1471 mutationis
1395 1432 1755 1469 Declinationum
1776 1441 1829 1467 ex

181 1490 462 1537 proportione
488 1494 633 1526 motus
658 1487 788 1535 ipfius
813 1487 971 1532 diurni,
1000 1486 1287 1525 consideranti
1313 1485 1500 1524 eandem
1525 1496 1579 1522 ex
1603 1482 1829 1530 superficie

180 1541 341 1585 Terrae,
358 1553 494 1589 quam
509 1541 538 1579 fi
555 1553 608 1579 ex
625 1546 772 1579 centro
789 1540 980 1578 eiusdem
996 1540 1117 1578 fieret
1130 1539 1388 1578 Obseruatio
1406 1538 1550 1585 (prout
1562 1548 1681 1575 nunc
1692 1536 1828 1574 tribus

181 1595 294 1633 hisce
311 1594 727 1633 confiderationibus
743 1593 1039 1631 Altitudinum
1056 1593 1094 1630 8(
1110 1592 1350 1636 Azimuthi‚
1367 1591 1442 1629 sub
1458 1590 1664 1629 incudem
1675 1589 1828 1627 Trian-

180 1648 396 1696 gulorum‚
428 1648 466 1685 8(
495 1659 784 1685 numerorum
808 1649 1037 1690 reuocatis,
1067 1647 1234 1694 liquido
1260 1642 1688 1690 Demonstrauimus)
1717 1642 1829 1681 Satis

181 1707 297 1740 certo
318 1701 356 1739 8(
377 1701 460 1739 hac
481 1706 637 1748 quarta
657 1702 990 1738 ratiocinatione
1013 1700 1100 1747 (vbi
1117 1711 1238 1737 error
1254 1701 1385 1737 etiam
1401 1698 1568 1745 aliquot
1584 1707 1829 1744 paucorum

179 1755 484 1802 scrupulorum
506 1756 551 1792 in
574 1756 781 1801 temporis
804 1755 1026 1797 varietate,
1050 1753 1220 1791 nullam
1242 1752 1430 1790 infinuat
1450 1752 1608 1789 erroris
1629 1749 1827 1797 suspicio-

180 1808 300 1854 nem)
323 1808 556 1846 Cometam
576 1807 695 1845 hunc
715 1809 897 1845 minime
918 1806 1033 1844 fuisse
1055 1806 1391 1848 Elementarem,
1417 1805 1487 1842 sed
1508 1806 1553 1842 in
1576 1803 1665 1851 ipso
1686 1814 1826 1840 remo-

179 1862 328 1900 tissimo
345 1861 525 1899 AEthere
541 1861 689 1898 locum
705 1860 940 1903 obtinuisse‚
957 1860 1183 1898 euidenter
1199 1858 1600 1906 comprobauimus.

216 1977 322 2015 PER
341 1977 498 2015 VIAM
519 1975 850 2014 ADMODUM
872 1974 1200 2013 INGENIOSE
1219 1974 1261 2012 A
1281 1972 1567 2012 IOHANNE
1589 1971 1790 2010 REGIO·

307 2038 614 2078 MONTANO
636 2037 1083 2081 EXCOGITATAM,
1105 2035 1487 2074 PARALLAXIN
1508 2034 1698 2073 HUIUS

379 2100 644 2140 COMETAE
664 2099 887 2139 ADHUC
907 2099 1049 2137 ALIA
1070 2098 1343 2146 QUADAM
1365 2096 1626 2135 RATIONE

800 2161 1205 2200 PERSCRUTARI.

181 2234 640 2327 SVFFICIENTER
660 2233 838 2281 quidem
856 2235 902 2270 in
921 2232 1277 2271 antecedentibus
1293 2230 1650 2269 Demonstratum
1667 2229 1743 2267 esse
1760 2240 1825 2266 ar-

269 2288 415 2332 bitror,
433 2288 666 2326 Cometam
682 2287 800 2325 hunc
816 2286 1068 2324 nullatenus
1084 2284 1365 2323 sublunarem
1382 2284 1566 2326 extitisse‚
1587 2283 1657 2320 sed
1673 2284 1719 2319 in
1735 2281 1825 2329 ipso

179 2340 308 2379 Coelo
318 2343 429 2379 inter
439 2341 578 2379 Orbes
587 2345 821 2388 perpetuos
832 2339 870 2377 8(
879 2338 1123 2382 AEthereos,
1133 2338 1430 2376 sublimiorem
1440 2337 1583 2374 [edem
1592 2335 1667 2373 fibi
1676 2335 1824 2373 vendi-

179 2394 281 2432 casse
289 2394 617 2438 ;Veruntamen,
628 2405 683 2432 ne
692 2393 762 2431 vel
771 2393 990 2441 ignorasse‚
998 2392 1067 2430 vel
1077 2392 1178 2430 data
1187 2403 1321 2439 opera
1330 2391 1516 2438 praeterij
1523 2391 1573 2427 sse
1583 2389 1825 2437 neglexisse-

179 2459 263 2495 que
276 2459 340 2491 ea,
349 2459 457 2495 vquae
470 2448 524 2486 ab
536 2446 867 2486 antecessoribus
879 2445 1030 2484 nostris
1043 2445 1095 2483 de
1107 2444 1191 2483 hoc
1202 2446 1376 2493 negotio
1389 2444 1521 2481 literis
1533 2442 1705 2491 prodita
1717 2442 1824 2491 sunt,

179 2500 417 2539 infimulari
437 2501 652 2548 possimus,
673 2500 891 2538 adducam
912 2500 1043 2537 etiam
1059 2498 1272 2536 vlterioris
1294 2497 1664 2544 comprobationis
1684 2494 1823 2537 causa,

281 2561 335 2588 ,ιω
1726 2558 1825 2586 eam
