2209 3213
360 245 425 281 156
853 241 935 277 DE
957 237 1182 278 MUNDI
1204 237 1505 274 AETHEREI

359 349 697 394 quadriennium
718 348 1093 393 excogitationem,
1115 345 1211 381 licet
1231 355 1330 381 eam
1351 345 1396 380 in
1417 342 1541 390 Opus
1562 343 1913 381 Astronomicum
1934 356 1996 382 re-

359 402 530 437 seruare
547 398 757 436 hac‘tenus
774 398 1090 441 constitueram,
1108 397 1179 434 hic
1194 403 1238 434 vt
1254 397 1505 443 aperiamus
1521 407 1589 433 res
1605 395 1694 443 ipsa
1709 395 1903 442 postulat.

412 454 525 490 Cum
538 452 929 489 animaduertissem
941 456 1132 488 veterem
1146 450 1267 487 illam
1280 449 1317 486 8(
1328 449 1640 487 Ptolemaicam
1653 449 1905 487 Coelestium
1918 450 1996 488 Or-

358 507 477 543 bium
494 504 833 542 distributionem
854 516 943 541 non
960 503 1057 541 satis
1074 505 1349 545 concinnam,
1366 502 1403 539 8(
1420 507 1481 539 tot
1496 507 1806 549 tantorumque
1824 502 1997 551 Epicyc-

357 559 500 595 lorum
516 558 827 599 assumtionem‚
845 557 1002 603 quibus
1018 556 1297 594 habitudines
1311 555 1591 593 Planetarum
1608 555 1662 593 ad
1679 555 1826 593 Solem
1842 567 1997 594 eorun-

357 612 543 657 demque
558 610 964 657 Retrogradationes
977 609 1013 646 &
1026 609 1255 652 Stationes,
1273 620 1373 646 cum
1387 608 1536 655 aliqua
1551 613 1672 655 parte
1689 609 1998 655 inaequalitatis

357 665 605 710 apparentis
629 663 899 705 excusantur,
923 662 1309 709 superuacaneam,
1333 663 1422 699 imo
1446 661 1526 699 has
1550 661 1825 709 Hypotheses
1848 667 1999 700 contra

356 717 444 763 ipsa
457 718 573 753 Artis
589 718 730 762 prima
746 717 959 762 principia
975 727 1167 762 peccare,
1185 715 1289 753 dum
1307 714 1527 752 circularis
1543 720 1687 752 motus
1702 714 1998 761 aequalitatem

357 782 445 806 non
463 771 575 806 circa
591 771 830 816 proprium,
844 774 889 806 vt
906 771 1109 815 oportuit,
1126 768 1195 806 sed
1212 768 1419 811 alienum,
1437 767 1614 805 alterius
1628 767 1827 805 videlicet
1840 768 1997 806 Eccen-

356 824 448 860 trici
470 822 619 869 (quem
639 827 891 868 aequantem
907 822 961 859 ob
979 822 1021 859 id
1038 823 1328 859 communiter
1344 820 1519 866 vocant)
1541 826 1751 864 centrum,
1772 820 1867 859 fieri
1886 822 1996 868 posse

357 877 718 912 inconuenienter
734 875 984 919 admittunt;
1002 886 1190 921 cumque
1205 886 1289 912 vna
1301 873 1635 917 confiderassem,
1653 876 1918 912 neotericam
1934 876 1997 912 in-

355 930 491 975 gentis
512 928 627 965 illius
645 927 878 975 Copernici
898 930 943 965 in
964 927 1032 965 his
1052 928 1107 966 ad
1128 927 1257 965 instar
1276 929 1434 964 mentis
1450 926 1685 964 Aristarchi
1705 926 1838 975 Samij
1863 927 1997 974 (velut

356 987 470 1028 patet
492 992 544 1018 ex
565 981 695 1018 Libro
711 981 988 1019 Archimedis
1007 981 1062 1019 ad
1080 981 1329 1019 Gedionem
1346 980 1540 1018 Siculum
1557 980 1716 1027 Regem
1737 979 1789 1017 de
1810 992 1996 1018 numero

356 1034 521 1080 arenae)
538 1032 828 1072 introductam
845 1036 1194 1078 innouationem,
1211 1038 1303 1071 vtut
1317 1045 1369 1071 ea
1383 1045 1483 1080 quae
1494 1035 1540 1070 in
1552 1033 1817 1071 Ptolemaica
1829 1033 1996 1080 dispofi-

356 1090 473 1125 tione
490 1087 707 1133 superflua
724 1088 1072 1134 dissentaneaque
1088 1087 1348 1131 incidebant,
1367 1086 1464 1124 scite
1481 1086 1721 1124 admodum
1736 1092 1996 1134 praecaueat,

356 1140 553 1187 nihilque
570 1146 720 1178 contra
736 1140 1054 1178 Mathematica
1074 1142 1288 1187 principia
1307 1139 1543 1186 delinquat,
1565 1139 1670 1177 dum
1686 1145 1834 1177 tamen
1849 1139 1997 1178 Terrae

355 1194 549 1240 grossum,
566 1195 748 1241 pigrum,
766 1193 1048 1240 inhabileque
1064 1194 1120 1232 ad
1135 1193 1409 1231 mouendum
1421 1204 1590 1240 corpus,
1607 1193 1727 1230 haud
1739 1192 1996 1231 dissolutiore

355 1253 505 1284 tenore
522 1252 666 1284 motus
683 1246 789 1293 (imo
806 1246 844 1284 8(
860 1247 1016 1284 eodem
1027 1247 1199 1294 triplici)
1212 1258 1346 1293 quam
1358 1245 1567 1284 AEtherea
1578 1245 1653 1283 illa
1664 1245 1833 1283 lumina
1845 1248 1997 1294 agitari

355 1300 506 1341 statuit,
524 1311 615 1337 non
631 1299 770 1337 solum
786 1299 982 1348 Phyfices
999 1301 1233 1347 principiis,
1250 1299 1320 1337 sed
1337 1301 1468 1337 etiam
1479 1298 1748 1337 Authoritati
1763 1299 1997 1337 Sacrarum

356 1353 579 1390 literarum
599 1353 831 1399 aliquoties
849 1352 998 1391 Terrae
1018 1353 1289 1391 stabilitatem
1310 1351 1666 1390 confirmantium
1687 1348 1701 1402 ΙΙ
1723 1352 1867 1400 (prout
1887 1352 1996 1390 alias

355 1406 484 1443 latius
507 1406 800 1452 discutiemus)
824 1406 1043 1454 refragari,
1064 1411 1107 1444 vt
1128 1406 1181 1444 de
1201 1405 1423 1444 vastissima
1444 1407 1680 1452 capacitate
1701 1407 1812 1443 inter
1833 1405 1997 1444 Orbem

356 1459 530 1496 Saturni
544 1458 581 1496 8(
594 1457 811 1497 Οόῖειυειῐῑι
823 1459 1065 1506 Sphaeram‚
1083 1471 1183 1506 quae
1195 1459 1367 1506 prorsus
1380 1458 1601 1497 Sideribus
1612 1470 1754 1496 vacua
1769 1458 1852 1496 hac
1868 1461 1996 1497 ratio-

355 1514 573 1549 cinatione
596 1512 800 1555 redditur,
824 1513 964 1560 deque
988 1512 1084 1550 aliis
1106 1513 1475 1550 inconuenientiis
1498 1511 1612 1549 hanc
1634 1511 1770 1558 ipsam
1793 1511 1996 1559 Specula-

354 1567 520 1602 tionem
532 1566 939 1610 concomitantibus,
956 1578 1073 1604 nunc
1085 1577 1176 1603 non
1188 1565 1347 1609 dicam;
1365 1577 1465 1603 curn
1478 1564 1693 1612 (inquam)
1706 1565 1904 1612 Vtrasque
1916 1564 1996 1603 has

356 1618 631 1665 Hypotheses
643 1618 726 1656 hoc
738 1619 872 1657 modo
884 1631 975 1656 non
986 1619 1107 1657 leues
1119 1618 1400 1657 absurditates
1412 1619 1637 1656 admittere
1649 1618 1995 1665 introspexissem‚

356 1673 463 1718 caepi
484 1683 657 1709 mecum
674 1672 802 1709 altius
819 1672 1022 1715 recolere,
1043 1684 1159 1710 anne
1176 1671 1325 1719 aliqua
1341 1670 1663 1720 Hypothefium
1679 1673 1790 1709 ratio
1805 1673 1996 1709 inueniri

355 1725 493 1770 posset,
520 1736 620 1771 quae
643 1730 735 1762 tum
759 1725 1086 1769 Mathematice,
1111 1731 1205 1763 tum
1228 1727 1359 1763 etiam
1381 1724 1555 1772 Phyfice
1578 1724 1861 1772 vndiquaque
1884 1723 1995 1763 recte

356 1777 576 1821 constaret,
602 1789 745 1824 neque
771 1780 902 1816 etiam
925 1778 1213 1826 Theologicas
1239 1777 1440 1816 censuras
1464 1777 1783 1825 subterfugeret,
1810 1777 1847 1815 &
1871 1777 1996 1815 fimul

356 1833 622 1877 apparentiis
639 1831 895 1869 Coelestibus
915 1832 1103 1870 totaliter
1122 1831 1394 1869 satisfaceret.
1415 1831 1702 1877 Tandemque
1723 1830 1842 1877 quafi
1863 1841 1916 1868 ex
1931 1833 1994 1868 in-

356 1882 522 1929 sperato
532 1883 815 1927 succurrebat,
824 1896 912 1931 qua
922 1884 1269 1923 conformatione
1278 1884 1621 1922 Reuolutionum
1630 1883 1882 1922 Coelestium
1889 1883 1996 1921 ordo

357 1936 692 1974 commodissime
710 1937 1002 1984 disponendus
1014 1940 1173 1981 veniat,
1190 1943 1233 1975 vt
1245 1938 1449 1975 omnibus
1461 1937 1529 1974 his
1541 1939 1882 1984 incongruentiis
1894 1936 1998 1975 ansa

356 1989 660 2035 praecludatur,
678 2002 812 2036 quam
829 2003 947 2029 nunc
958 1990 1251 2038 Philosophiae
1264 1990 1460 2029 Coeleltis
1477 1990 1714 2028 cultoribus
1729 1990 1918 2028 breuiter
1934 1992 1996 2027 in-

356 2041 555 2084 dicatam,
572 2044 920 2081 communicabo.

408 2094 601 2138 Terram,
619 2107 753 2142 quarn
769 2097 1014 2138 incolimus,
1032 2103 1229 2135 centrum
1245 2096 1433 2134 vniuerfi
1449 2108 1676 2144 occupare,
1693 2096 1904 2143 nulloque
1920 2108 1996 2134 an-

355 2159 445 2184 nuo
461 2153 596 2192 motu,
615 2154 658 2185 vt
674 2149 811 2186 voluit
828 2150 1112 2197 Copernicus,
1134 2150 1355 2194 conuolui,
1377 2161 1477 2187 cum
1493 2149 1709 2187 veteribus
1725 2149 1996 2187 Astronomis

355 2200 392 2236 8(
410 2199 687 2248 Phyficorum
704 2205 884 2249 receptis
899 2203 1142 2247 Sententiis,
1160 2203 1454 2241 attestantibus
1469 2202 1655 2250 idipsum
1667 2202 1808 2240 Sacris
1824 2202 1997 2249 insuper

355 2253 519 2295 Literis,
546 2256 651 2291 citra
676 2266 806 2292 omne
833 2256 1015 2293 dubium
1040 2256 1314 2294 statuendum
1340 2255 1511 2299 censeo;
1537 2258 1659 2293 iuxta
1683 2255 1865 2293 Terram
1889 2267 1995 2293 vero

355 2308 555 2343 omnium
575 2307 760 2345 Orbium
781 2308 955 2346 secundi
975 2309 1148 2347 mobilis
1170 2314 1317 2347 centra
1336 2309 1507 2352 versari,
1528 2313 1572 2346 vt
1592 2308 1854 2346 Ptolemaeus
1871 2307 1908 2345 &
1924 2319 1994 2346 ve-

354 2364 464 2396 teres
476 2360 761 2403 crediderunt‚
779 2372 869 2398 non
886 2362 1105 2409 astipulor;
1123 2362 1192 2400 sed
1204 2364 1263 2400 ita
1275 2364 1478 2400 circuitus
1491 2361 1696 2400 Coelestes
1707 2360 1995 2399 administrari

353 2412 510 2455 iudico,
528 2418 570 2449 vt
586 2413 717 2450 ambo
733 2413 1007 2452 solummodo
1024 2415 1185 2453 Mundi
1201 2415 1449 2459 luminaria,
1466 2420 1713 2461 temporum
1730 2413 1993 2452 discrimina-

353 2466 460 2502 tioni
472 2465 763 2510 inseruientia‚
779 2466 816 2503 &
830 2466 953 2505 fimul
965 2469 1240 2506 remotissima
1251 2470 1539 2515 omniumque
1552 2467 1740 2505 aliarum
1752 2469 1995 2505 contentrix

355 2516 524 2556 Cetaua
540 2518 734 2566 Sphaera,
751 2519 933 2558 Terram
948 2526 1161 2568 tanquam
1177 2527 1374 2559 centrum
1391 2520 1566 2559 suarum
1583 2520 1912 2558 reuolutionum
1931 2531 1993 2557 re-

1798 2573 1992 2620 spiciant;

2038 836 2068 861 10

2025 1360 2084 1392 187

2033 1632 2067 1657 25

2035 1897 2068 1923 30

2034 2163 2067 2188 35

2032 2426 2066 2451 40
