2209 3213
321 220 395 256 244
814 217 895 253 DE
918 215 1142 253 MUNDI
1163 214 1464 252 AETHEREI

374 325 471 362 DIE
495 324 615 361 XIIII
640 322 977 360 DECEMBRIS
999 322 1336 369 Longitudinem
1358 323 1451 359 eius
1471 322 1526 359 ad
1549 321 1600 360 28
1620 331 1661 358 xx
1682 322 1865 365 deducit,
1887 323 1957 360 vbi

320 389 454 415 vnum
472 379 635 414 circiter
651 376 833 423 gradum
849 377 996 412 minus
1012 375 1156 413 debito
1172 374 1314 412 habet.

373 431 470 467 DIE
487 429 640 470 XVIII.
659 431 716 466 ait
734 440 835 466 eum
851 428 965 465 fuisse
982 430 1027 465 in
1043 429 1257 474 principio
1269 427 1464 471 Piscium,
1481 428 1551 466 vbi
1567 428 1739 466 duobus
1755 429 1958 476 gradibus

320 483 475 523 deficit:
494 483 611 519 Nam
623 482 859 519 secundum
872 481 1054 518 Piscium
1066 481 1249 528 gradum
1261 482 1350 518 iam
1362 481 1632 528 adimplerat.
1650 481 1700 519 In
1712 482 1958 520 Latitudine

319 547 452 582 quam
469 535 679 572 constituit
695 540 800 582 part.
819 534 881 577 28,
898 534 995 572 satis
1010 533 1157 572 exaffle
1169 533 1346 581 scopum
1357 536 1506 581 tetigit;
1523 534 1671 572 saltem
1683 537 1801 572 enim
1813 537 1959 582 quinis

318 588 525 635 scrupulis
542 600 568 625 a
585 588 709 625 nobis
726 589 870 624 minor
887 599 938 625 ea
954 593 1055 625 tunc
1073 587 1300 625 obseruata
1317 586 1383 624 est.

372 642 470 678 DIE
491 641 594 678 XIX
616 640 967 684 DECEMBRIS,
989 642 1047 678 ait
1068 640 1108 677 se
1130 640 1380 678 Parallaxin
1401 642 1493 677 eius
1514 641 1718 678 inuenisse
1741 643 1959 679 minorem

318 696 366 732 27
383 696 573 737 minutis,
589 694 659 731 sed
676 705 763 740 quo
779 696 824 730 in
840 693 930 737 fitu,
948 693 985 731 &
1002 693 1160 740 quibus
1176 693 1417 731 rationibus
1433 704 1488 730 ne
1505 693 1576 731 hic
1592 693 1770 740 quidem
1786 694 1958 738 indicat,

318 748 454 785 multo
471 749 616 784 minus
629 752 671 784 vt
685 747 960 785 Geometrice
973 746 1263 789 Demonstret;
1280 746 1323 784 id
1340 746 1457 793 quod
1474 746 1601 784 valde
1618 748 1664 784 in
1679 746 1781 794 ipso,
1799 759 1887 794 quo
1903 748 1958 786 ad

317 800 595 838 Parallaxeos
612 800 847 837 exilitatem
864 800 1258 838 contradicentibus
1274 799 1633 847 persuadendam,
1650 799 1854 838 defidero.

371 854 469 891 DIE
492 853 617 890 XXII
641 853 993 895 DECEMBRIS,
1017 853 1144 891 refert
1166 853 1206 890 se
1231 853 1417 891 eandem
1440 851 1633 900 aspectus
1656 853 1958 898 diuerfitatem,

317 919 407 944 non
430 909 643 944 maiorem
666 907 717 944 20
739 906 873 953 scrup.
895 906 1228 954 deprehendisse,
1254 906 1371 953 quod
1395 908 1526 944 etiam
1549 906 1824 944 solummodo
1844 906 1958 945 affir-

317 965 418 1001 mat,
436 972 525 997 non
542 960 766 997 euidenter
782 960 946 1007 probat.
964 960 1130 997 Locum
1147 964 1294 998 autem
1305 965 1408 997 tunc
1418 961 1611 1006 primum
1621 961 1667 997 in
1678 959 1703 997 2
1713 959 1897 1007 gradum
1916 962 1952 1004 )(

318 1015 498 1060 reponit,
516 1015 590 1060 qui
607 1014 733 1051 nobis
749 1012 837 1050 fere
854 1015 1057 1060 quintum
1073 1012 1342 1060 adimplerat.

370 1066 470 1103 DIE
490 1066 635 1103 XXIII
657 1066 1006 1110 DECEMBRIS,
1028 1066 1365 1114 Longitudinem
1386 1068 1480 1104 eius
1499 1068 1543 1103 in
1559 1066 1583 1104 3
1606 1068 1644 1110 )(
1666 1066 1862 1110 collocat,
1883 1068 1958 1114 qui

317 1120 442 1157 nobis
458 1121 503 1156 in
520 1120 562 1158 δὲ
584 1120 620 1163 )(
640 1119 932 1166 deprehensus
945 1119 1011 1157 est.
1029 1120 1078 1157 In
1091 1119 1338 1157 Latitudine
1350 1124 1498 1158 tamen
1510 1131 1601 1157 non
1617 1119 1805 1157 multum
1818 1131 1844 1158 a
1854 1131 1959 1157 vero

317 1173 487 1216 recedit,
504 1172 763 1210 constituens
780 1184 878 1210 eam
894 1178 1000 1219 part.
1017 1173 1101 1212 283⁴.

371 1226 470 1263 DIE
481 1225 646 1263 XXVII
659 1225 1009 1269 DECEMBRIS,
1023 1237 1122 1263 cum
1134 1228 1223 1264 iam
1235 1225 1469 1264 defecatior
1480 1237 1590 1264 aura
1600 1237 1752 1263 veram
1762 1225 1959 1264 Cometae

317 1279 664 1326 magnitudinem
685 1278 722 1316 &
743 1278 1016 1326 splendorem
1033 1279 1170 1317 oculis
1187 1278 1448 1322 exhibuisset‚
1469 1281 1528 1317 ait
1543 1278 1583 1316 se
1600 1279 1850 1317 Parallaxin
1867 1281 1960 1317 eius

318 1332 663 1370 animaduertisse
687 1333 727 1370 15
751 1334 916 1369 circiter
938 1332 1252 1379 scrupulorum.
1278 1333 1423 1379 Atque
1447 1332 1542 1370 haec
1566 1331 1621 1370 est
1643 1332 1794 1370 vltima
1816 1332 1960 1370 Paral-

317 1386 467 1422 laxeos
488 1385 542 1423 ab
563 1385 652 1432 ipso
673 1385 890 1422 denotatae
912 1386 1142 1433 assignatio.
1165 1384 1554 1431 Quemadmodum
1570 1396 1674 1423 vero
1693 1387 1812 1432 prius
1829 1388 1961 1424 etiam

316 1438 487 1476 testatus
503 1438 609 1481 sum,
627 1449 728 1475 eum
744 1438 995 1476 Parallaxes
1011 1438 1189 1485 quidem
1205 1437 1317 1476 redte
1330 1438 1577 1476 Lunaribus
1592 1440 1785 1476 minores
1800 1439 1960 1486 vbique

318 1491 499 1534 efficere,
523 1491 708 1529 Cometa
727 1491 855 1539 longe
876 1491 1003 1538 supra
1023 1491 1138 1529 hanc
1159 1494 1204 1529 in
1222 1491 1312 1539 ipso
1328 1491 1508 1529 AEthere
1523 1491 1731 1535 versante,
1754 1492 1959 1539 quodque

2000 816 2030 841 10

2000 1082 2030 1107 15

1999 1348 2032 1373 20

318 1556 391 1582 eas
407 1556 433 1581 a
449 1546 662 1591 principio
678 1541 916 1594 ma-{liores‚
934 1545 1090 1583 deinde
1106 1545 1329 1583 successiue
1346 1547 1540 1582 minores
1555 1544 1704 1582 reddit.
1722 1545 1824 1583 Erat
1841 1547 1960 1583 enim
1984 1555 2048 1586 297

318 1597 503 1635 Cometa
519 1597 573 1635 ab
590 1599 713 1635 initio
729 1596 874 1635 Terris
890 1599 1085 1643 vicinior,
1105 1598 1292 1645 ideoque
1308 1603 1411 1636 tunc
1427 1600 1571 1636 maius
1587 1598 1866 1636 Parallaxeos
1883 1598 1959 1636 dis-

317 1652 481 1688 crimen
503 1650 736 1698 ingerebat,
762 1650 918 1689 deinde
943 1651 1157 1698 paulatim
1181 1653 1389 1689 remotior
1411 1649 1560 1695 factus,
1586 1653 1803 1689 minorem
1828 1653 1960 1690 etiam

317 1702 509 1750 aspectus
530 1703 821 1741 diuerfitatem
842 1704 1098 1742 insinuabat.
1121 1705 1195 1742 An
1215 1716 1319 1742 vero
1340 1704 1514 1752 praecise
1535 1704 1632 1742 talis
1652 1704 1779 1742 fuerit
1800 1705 1959 1752 vbique

316 1757 595 1794 Parallaxeos
615 1757 830 1801 mensura,
855 1758 1032 1804 qualem
1053 1757 1128 1805 ipfi
1150 1757 1481 1796 CORNELIVS
1503 1757 1734 1796 GEMMA
1756 1758 1958 1802 attribuit,

316 1822 407 1847 non
431 1812 648 1847 immerito
669 1810 928 1848 dubitationi
949 1811 1004 1849 est
1025 1810 1279 1855 obnoxium,
1305 1822 1406 1849 cum
1429 1811 1500 1849 ille
1523 1810 1767 1858 fimpliciter
1789 1816 1960 1849 tantum

317 1874 415 1900 eam
435 1863 568 1901 talem
584 1863 698 1901 suisse
715 1864 930 1909 asseueret‚
952 1876 1032 1902 nec
1053 1864 1150 1902 loca
1166 1866 1259 1902 eius
1276 1863 1485 1912 exquifita
1500 1866 1546 1901 in
1561 1863 1674 1902 binis
1691 1864 1868 1902 diuersis
1883 1864 1957 1902 Al-

316 1916 584 1960 titudinibus,
599 1928 698 1954 cum
714 1917 947 1955 interuallo
958 1919 1178 1965 temporis,
1191 1917 1229 1956 &
1241 1922 1385 1956 motus
1397 1917 1471 1955 vifi
1483 1917 1538 1955 ad
1549 1929 1704 1955 verum
1715 1919 1959 1965 proprium-

317 1981 400 2016 que
427 1969 671 2013 collatione‚
697 1976 825 2017 prout
849 1970 982 2008 fecisse
1009 1973 1211 2018 oportuit,
1237 1973 1283 2009 in
1306 1970 1734 2009 Demonstrationem
1760 1971 1958 2009 adducat.

316 2022 440 2059 Vnde
466 2022 537 2060 hae
563 2025 675 2061 circa
697 2023 947 2061 Parallaxin
972 2026 1065 2062 eius
1090 2024 1334 2072 positiones,
1361 2024 1517 2062 eodem
1539 2024 1672 2062 modo
1696 2035 1784 2071 quo
1807 2024 1861 2062 ab
1884 2023 1959 2062 illo

317 2075 574 2120 astruuntur,
596 2076 650 2113 ab
672 2076 768 2124 alijs
788 2079 938 2124 negari
958 2078 1135 2124 possunt,
1157 2089 1258 2115 cum
1279 2079 1403 2116 certis
1423 2076 1815 2124 sufficientibusque
1836 2077 1960 2121 datis,

317 2128 354 2165 &
368 2128 647 2167 Geometrica
659 2130 912 2167 certitudine
924 2130 1111 2175 fundari,
1127 2131 1181 2169 ab
1193 2130 1283 2178 ipso
1294 2130 1494 2168 Authore
1506 2142 1597 2168 non
1609 2130 1959 2178 comprobentur.

318 2182 367 2218 Et
383 2186 495 2219 certe
507 2181 536 2219 fi
548 2193 639 2219 rem
655 2184 844 2229 penitius
856 2195 955 2221 cum
968 2182 1258 2222 exafflioribus
1271 2183 1659 2222 Obseruationibus
1671 2183 1960 2228 conferemus,

317 2234 387 2272 hae
404 2235 653 2272 Parallaxes
670 2247 696 2273 a
713 2235 904 2274 Gemma
920 2242 1142 2275 annotatae
1159 2237 1304 2275 adhuc
1320 2239 1470 2275 nimiae
1487 2236 1693 2275 euadunt.

370 2287 488 2324 Nam
498 2288 597 2325 DIE
606 2288 690 2325 XX
701 2288 979 2333 Nouembris,
992 2302 1091 2327 cum
1101 2290 1351 2328 Parallaxin
1363 2292 1456 2328 eius
1465 2290 1605 2328 statuit
1614 2290 1664 2327 40
1672 2291 1957 2334 minutorum,

317 2352 407 2378 non
423 2341 611 2378 multum
627 2341 737 2379 vltra
753 2342 802 2380 85
820 2342 1175 2381 Semidiametros
1191 2343 1338 2382 Terrae
1360 2355 1386 2381 a
1404 2343 1530 2381 nobis
1551 2348 1744 2380 remotus
1764 2342 1908 2386 fuisset,
1931 2343 1960 2380 fi

315 2398 482 2431 tantam
498 2392 706 2441 Aspec'tus
727 2395 1016 2433 diuerfitatem
1037 2398 1081 2434 in
1103 2397 1281 2435 Circulo
1299 2396 1566 2440 Altitudinis,
1586 2396 1656 2433 vel
1676 2397 1798 2434 iuxta
1818 2396 1957 2443 ipsum

316 2446 565 2491 Finitorem‚
583 2447 843 2485 exhibuisset.

369 2499 468 2537 DIE
478 2499 582 2537 XIX
592 2500 941 2547 DECEMBRIS,
953 2514 1052 2540 cum
1063 2514 1161 2541 earn
1170 2505 1292 2550 ponit
1301 2503 1351 2541 27
1361 2505 1515 2541 minut.
1524 2502 1736 2540 duntaxat
1745 2502 1814 2540 130
1823 2502 1957 2541 Semi-

1736 2555 1957 2594 diametris

1998 1614 2032 1639 25

1996 1879 2030 1905 30

1999 2145 2032 2170 35

1995 2411 2028 2435 40
