2209 3213
520 219 1042 263 RECENTIORIBUS
1061 218 1521 260 PHAENOMENIS
1775 217 1844 259 313

201 333 244 371 Ρ.
257 332 319 371 68.
332 331 395 369 M.
408 331 444 370 7.
462 330 666 377 Cumque
683 330 817 367 Latus
832 329 914 366 AB
931 327 978 366 fit
993 328 1109 376 grad.
1127 327 1190 366 39.
1206 329 1311 365 min.
1329 327 1392 371 20,
1409 326 1447 364 &
1463 326 1554 370 AF,
1572 326 1614 364 P.
1627 326 1690 365 70.
1705 325 1769 364 M.
1781 325 1845 369 38,

202 384 573 432 complementum
589 382 909 420 Declinationis
922 381 1133 425 Cometae‚
1150 392 1243 418 non
1258 380 1406 418 latebit
1421 382 1596 418 tertium
1610 380 1743 418 Latus
1759 378 1846 423 BF,

201 439 318 487 grad.
335 438 389 476 61.
404 438 510 475 min.
527 436 603 479 213,
625 435 664 473 &
684 435 738 473 ob
759 435 814 479 id,
836 446 889 472 ex
909 434 1045 472 tribus
1065 436 1154 472 iam
1170 436 1351 482 cognitis
1366 433 1594 471 Lateribus
1612 431 1847 470 innotescet

201 491 404 539 Angulus
413 490 496 528 AB
504 490 548 533 F,
558 489 601 527 P.
611 489 674 527 94.
685 488 749 526 M.
759 488 795 531 2,
806 487 1069 525 Verticalem
1079 487 1277 525 Cometae
1287 499 1314 525 a
1323 487 1563 524 Meridiani
1574 491 1695 534 parte
1705 486 1848 523 Borea

148 560 164 585 5
201 543 493 587 manifestam,
510 544 586 590 qui
601 541 656 580 ab
673 553 738 585 eo,
755 552 888 588 quem
903 552 980 587 per
991 540 1171 578 Stellam
1182 542 1302 587 prius
1314 540 1533 583 duximus,
1550 539 1670 577 distat
1681 539 1798 587 grad.
1810 539 1847 577 7.

201 600 306 636 min.
321 597 406 641 373,
423 596 541 644 quod
557 595 692 633 ferme
709 594 944 632 concordat
960 605 1060 631 cum
1077 593 1320 631 discrimine
1336 595 1456 641 prius
1473 604 1496 630 e
1511 594 1688 640 proprio
1705 591 1848 630 nostro

202 651 401 689 Cometae
420 654 545 687 motu
565 649 776 692 deriuato‚
798 646 1099 684 deficientibus
1119 646 1268 684 saltem
1289 646 1460 684 duobus
1480 645 1702 693 scrupulis.
1722 644 1848 683 Vnde

201 704 300 742 satis
319 708 447 750 patet,
468 702 609 750 ipsum
626 701 824 739 Cometae
845 700 993 737 locum
1013 711 1040 737 a
1059 699 1250 737 Sculteto
1270 699 1641 746 praesuppofitum,
1663 710 1754 736 non
1774 709 1848 745 pa-

201 757 408 795 trocinari
416 761 507 794 tam
519 754 711 793 euidenti
722 756 768 791 in
777 752 1051 791 verticalium
1062 751 1140 790 fitu
1151 752 1421 796 differentiae,
1434 763 1567 799 quem
1578 758 1726 790 tamen
1735 753 1850 789 vniri

135 825 165 850 ιο
202 810 274 848 ille
294 808 670 857 praesupponebat.
691 807 785 845 Irno
802 806 831 844 fi
847 806 1203 844 Declinationem
1223 817 1334 848 eam,
1357 817 1492 852 quam
1511 805 1598 852 ipse
1618 806 1850 843 annotauit

202 863 318 912 grad.
335 863 389 901 18.
405 864 510 900 min.
525 861 588 905 29,
605 865 698 899 vtut
712 862 860 898 minus
876 870 1128 907 congruam,
1146 861 1191 896 in
1208 858 1434 896 confilium
1450 858 1794 901 adhibuerimus,
1811 857 1849 895 &

203 928 257 955 ex
276 916 372 960 hac,
395 927 472 963 per
491 913 628 953 solam
648 913 999 961 Longitudinem‚
1020 911 1328 950 Ascenfionem
1349 912 1548 950 Cometae
1570 910 1746 949 Rectam
1765 910 1849 948 for-

202 971 486 1013 mauerimus‚
502 969 734 1015 proueniet
749 966 824 1004 illa
839 966 956 1014 grad.
971 965 1052 1003 331.
1069 967 1174 1003 min.
1187 965 1250 1002 22.
1267 966 1413 1012 Atque
1429 965 1532 1002 hinc
1547 964 1577 1002 fi
1592 966 1716 1002 iuxta
1731 969 1849 1002 ante-

203 1023 428 1062 cedentem
441 1021 678 1069 processum
688 1019 962 1058 verticalium
973 1018 1219 1056 differentia
1230 1020 1488 1065 inquiratur,
1506 1018 1664 1056 euadet
1674 1017 1750 1055 illa
1760 1028 1848 1055 vno

136 1093 166 1118 15
202 1076 340 1124 gradu
359 1075 504 1114 adhuc
519 1076 662 1112 maior
677 1084 813 1121 quam
833 1078 975 1115 antea,
997 1076 1142 1119 vtpote
1163 1077 1270 1119 part.
1287 1072 1323 1109 8.
1340 1073 1445 1109 min.
1461 1071 1525 1116 37,
1546 1076 1589 1108 vt
1610 1072 1849 1118 experienti

202 1129 329 1168 facile
345 1128 562 1166 constabit.

256 1183 483 1226 Praeterea,
504 1181 534 1219 fi
555 1182 653 1228 quis
673 1180 820 1218 locum
836 1178 982 1217 Stellae
998 1178 1298 1216 Andromedae
1315 1189 1342 1216 a
1357 1178 1483 1216 nobis
1499 1189 1591 1215 non
1607 1179 1685 1215 rite
1702 1176 1851 1215 consti—

202 1241 345 1274 tutum
369 1235 601 1282 suspicetur
627 1233 763 1281 (quod
788 1238 937 1271 tamen
961 1233 1022 1270 ita
1047 1232 1123 1269 esse
1147 1243 1200 1269 ex
1223 1231 1313 1279 ipsa
1336 1230 1510 1269 Coelesti
1535 1230 1852 1269 Obseruatione

203 1289 455 1327 nullatenus
470 1287 740 1335 probabitur)
757 1286 968 1333 malitque
985 1297 1088 1323 eum
1103 1285 1240 1329 fitum,
1260 1296 1393 1332 quem
1409 1284 1592 1322 Tabulae
1609 1284 1852 1322 Prutenicae

132 1358 166 1384 20
203 1342 266 1380 illi
276 1342 484 1386 tribuunt,
500 1353 579 1389 pro
591 1346 686 1379 rato
698 1340 882 1383 seruare,
900 1340 975 1386 qui
988 1338 1054 1383 est,
1072 1350 1160 1386 quo
1172 1339 1228 1376 ad
1240 1338 1591 1386 Longitudinem‚
1609 1339 1654 1375 in
1667 1337 1785 1385 grad.
1798 1336 1852 1375 10.

203 1398 307 1434 min.
325 1395 376 1434 52
394 1401 455 1439 V,
472 1395 510 1432 &
526 1394 834 1438 Latitudinem,
851 1393 894 1430 P.
910 1393 965 1430 41.
982 1394 1087 1430 min.
1104 1392 1141 1436 Ο,
1160 1403 1251 1430 non
1267 1397 1416 1429 tamen
1433 1391 1600 1435 efficiet,
1617 1395 1661 1428 vt
1676 1390 1854 1429 Sculteti

203 1449 467 1487 Dedomena
483 1446 639 1486 rectius
654 1448 765 1485 tueri
782 1451 929 1494 queat;
947 1445 1157 1493 fiquidem
1168 1447 1215 1483 in
1226 1445 1475 1483 Latitudine
1491 1456 1517 1483 a
1533 1444 1685 1482 nostris
1698 1446 1853 1481 inuen-

203 1504 256 1540 tis
277 1502 333 1540 est
352 1501 502 1540 saltem
518 1503 650 1539 trium
665 1500 968 1547 scrupulorum
984 1498 1242 1543 differentia,
1264 1498 1302 1535 8(
1322 1498 1373 1536 43
1394 1498 1470 1536 illa
1489 1500 1672 1541 minuta,
1695 1497 1853 1544 quibus

204 1555 450 1603 Longitudo
461 1554 735 1592 Tabularum
750 1553 957 1597 abundat,
974 1563 1066 1590 non
1082 1551 1300 1590 excusabit
1315 1552 1338 1590 7
1350 1551 1421 1589 vel
1431 1551 1456 1589 8
1467 1551 1684 1599 graduum
1700 1550 1853 1589 distan-

134 1625 168 1650 25
204 1611 323 1654 tiam,
339 1608 618 1646 verticalibus
634 1607 833 1645 Cometae
850 1606 888 1644 8(
904 1605 1049 1644 Stellae
1066 1605 1407 1643 intercidentem.

256 1662 403 1706 Porro,
427 1661 457 1699 fi
478 1673 556 1709 per
578 1661 765 1699 eandem
788 1660 1005 1707 Figuram,
1029 1658 1273 1697 distantiam
1296 1658 1479 1696 Crinitae
1499 1669 1527 1696 a
1547 1657 1741 1704 Septima
1760 1657 1852 1695 An-

204 1715 427 1754 dromedae
443 1717 489 1753 in
504 1714 693 1752 secunda
707 1713 1024 1752 Obseruatione
1042 1712 1433 1760 explorauerimus‚
1450 1722 1736 1758 nequaquam
1752 1721 1852 1748 con-

203 1769 356 1807 sonam
371 1768 446 1813 illi,
463 1779 599 1816 quam
611 1767 825 1806 Scultetus
839 1767 1077 1810 denotauit,
1095 1767 1387 1808 inueniemus,
1405 1764 1523 1812 quod
1539 1764 1593 1802 fic
1608 1763 1852 1802 manifesta-

115 1833 180 1865 393
204 1823 330 1861 bitur.
351 1822 578 1870 Angulum
596 1821 728 1859 GAE
749 1820 959 1858 distantiae
980 1815 1215 1869 Co-ssmetae
1236 1830 1263 1856 a
1283 1818 1536 1856 Meridiano
1557 1817 1772 1856 Scultetus
1793 1817 1854 1864 (vt

135 1892 169 1918 30
206 1875 336 1923 ipfius
351 1875 519 1923 placitis
535 1886 653 1913 nunc
669 1873 925 1920 infistamus)
942 1875 988 1910 in
1003 1872 1196 1920 Trigono
1212 1871 1288 1910 suo
1305 1872 1435 1910 Sexto
1456 1870 1718 1909 demonstrat
1737 1870 1853 1908 fuisse

206 1929 249 1967 P.
261 1929 324 1967 66.
336 1931 441 1967 min.
454 1929 508 1966 41.
525 1927 728 1976 Angulus
744 1939 849 1965 vero
866 1926 994 1964 DAE
1010 1926 1221 1964 distantiae
1237 1925 1383 1963 Stellae
1399 1924 1699 1963 Andromedae
1715 1935 1742 1962 a
1758 1923 1853 1961 Me·

206 1982 378 2021 ridiano
394 1982 590 2029 superius
606 1982 744 2029 patuit
762 1992 839 2028 per
855 1979 1082 2027 Angulum
1098 1978 1230 2023 BAC,
1251 1978 1368 2026 grad.
1385 1978 1447 2017 52.
1464 1980 1569 2016 min.
1587 1978 1650 2022 46,
1672 1979 1708 2015 is
1727 1976 1758 2015 fi
1777 1988 1853 2015 au-

205 2035 368 2074 feratur
383 2047 410 2073 a
424 2037 572 2082 priori,
588 2034 783 2072 refiduus
795 2035 874 2071 erit
884 2032 1088 2081 Angulus
1101 2032 1245 2076 GAD,
1260 2043 1314 2070 ex
1325 2043 1413 2079 quo
1425 2033 1470 2069 in
1481 2030 1722 2079 Triangulo
1734 2030 1855 2069 ACF

206 2089 412 2127 constabit
426 2088 630 2136 Angulus
646 2087 775 2131 FAC,
792 2098 893 2125 cum
908 2086 954 2124 fit
969 2097 1083 2124 vnus
1099 2085 1138 2123 8(
1152 2085 1270 2123 idem
1286 2097 1387 2123 cum
1402 2087 1559 2132 priore,
1581 2096 1635 2122 ex
1650 2084 1732 2122 AC
1748 2094 1854 2122 vero

136 2158 169 2184 35
207 2142 529 2190 complemento
555 2141 876 2179 Declinationis
898 2139 1056 2184 Stellae,
1081 2139 1199 2187 grad.
1221 2139 1285 2177 49.
1308 2140 1413 2176 min.
1437 2139 1474 2183 9,
1500 2138 1538 2176 8(
1562 2138 1643 2175 AF
1665 2137 1853 2185 comple-

205 2202 355 2234 mento
369 2195 689 2233 Declinationis
702 2194 913 2237 Cometae,
929 2195 1052 2231 iuxta
1067 2193 1319 2237 Scultetum‚
1336 2192 1379 2230 P.
1391 2192 1445 2230 71.
1459 2192 1522 2230 M.
1535 2191 1589 2236 31,
1606 2190 1778 2229 duobus
1794 2192 1854 2228 vi-

206 2249 359 2288 delicet
370 2248 598 2287 Lateribus
614 2246 777 2286 dictum
788 2246 1016 2295 Angulum
1032 2246 1367 2290 continentibus,
1384 2245 1552 2283 elicitur
1566 2244 1642 2283 CF
1658 2244 1856 2282 distantia

207 2303 406 2341 Cometae
432 2302 470 2339 8(
493 2300 750 2349 [ιιρι-ειᾱὶἇὶεε
775 2300 919 2339 Stellae
944 2299 1257 2344 Andromedae,
1282 2299 1399 2347 grad.
1423 2299 1485 2337 25.
1511 2300 1616 2336 min.
1640 2298 1694 2342 21,
1720 2308 1855 2345 quam

206 2356 422 2394 Scultetus
444 2355 544 2393 facit
566 2356 609 2393 P.
626 2355 689 2393 28.
713 2354 777 2392 M.
794 2354 861 2398 25;
884 2353 999 2391 vnde
1022 2353 1120 2401 plus
1142 2355 1319 2400 integris
1341 2352 1477 2390 tribus
1498 2351 1704 2400 gradibus
1726 2353 1854 2388 inter-

135 2424 169 2450 40
207 2410 373 2457 capedo
395 2409 525 2457 ipfius
546 2420 572 2447 a
592 2410 778 2456 propriis
801 2407 1176 2445 constitutionibus
1196 2406 1403 2444 abundat.
1427 2405 1504 2444 Sin
1523 2416 1629 2443 vero
1650 2404 1854 2442 Declina-

205 2464 373 2501 tionem
392 2464 623 2506 veriorem,
647 2473 747 2509 quae
769 2462 974 2508 prouenit
996 2472 1050 2498 ex
1072 2459 1202 2508 ipfius
1222 2459 1513 2507 Longitudine
1535 2458 1573 2496 &
1593 2458 1854 2501 Latitudine,

207 2516 364 2555 eodem
378 2516 513 2554 modo
529 2515 874 2559 adhibuerimus,
891 2515 1121 2562 proueniet
1136 2513 1271 2552 Latus
1287 2513 1376 2557 FC,
1395 2512 1639 2551 distantiam
1655 2511 1854 2602 gosmtfiae

314 2578 348 2603 40
1758 2575 1780 2601 e
1816 2574 1855 2601 ae
