2209 3213
371 209 437 246 146
863 203 946 241 DE
967 202 1192 241 MUNDI
1213 201 1514 240 AETHEREI

369 314 569 360 prouenit
594 311 697 353 HC,
721 310 762 347 P.
780 309 841 346 92.
864 309 927 346 M.
945 308 1020 351 1322,
1046 308 1083 345 &
1106 308 1308 356 Angulus
1328 307 1480 351 AHC,
1504 308 1546 345 P.
1564 308 1626 346 67.
1649 308 1712 346 M.
1729 308 1791 346 46.
1816 308 1941 346 Vnde
1964 310 2009 346 in

368 367 558 413 Trigono
571 365 611 401 D
621 364 665 401 H
675 363 725 405 K,
744 374 796 399 ex
808 362 986 409 Angulo
999 361 1039 398 D
1049 361 1142 399 HK
1157 361 1291 399 modo
1306 360 1533 408 patefadto,
1551 360 1588 398 8(
1605 361 1852 399 Latitudine
1865 361 2009 399 Stellae

372 424 397 462 Q
417 419 521 460 HK,
544 418 585 454 P.
604 417 638 454 2.
657 416 719 453 M.
738 416 790 458 17,
813 415 959 452 euadit
976 414 1177 462 Angulus
1199 414 1354 457 HDK,
1377 414 1419 451 P.
1436 414 1499 452 22.
1516 414 1580 452 M.
1597 414 1651 457 21,
1674 416 1748 461 qui
1768 414 2009 452 admodum

368 471 571 518 exquisite
598 481 697 507 cum
723 468 912 515 Angulo,
943 479 1075 514 quem
1104 467 1245 505 cauda
1274 479 1350 514 per
1380 472 1509 514 caput
1536 466 1690 505 educta
1715 467 1928 505 efficiebat
1953 467 2009 505 ad

368 525 631 570 Eclipticarn,
654 521 873 564 consentit,
895 520 1100 558 differens
1116 520 1265 558 saltem
1282 520 1336 558 ab
1353 520 1442 567 ipso
1458 532 1546 557 vno
1562 520 1764 567 scrupulo
1780 520 1910 567 plane
1927 516 2008 570 in-ll
2047 533 2062 558 5

366 576 558 615 sensibili.
576 577 633 613 At
649 575 678 612 fi
695 575 749 612 ad
766 574 914 612 Solem
931 573 1083 611 caudae
1100 572 1279 611 dufftum
1295 575 1712 616 examinauerimus,
1730 575 2009 611 inueniemus
2037 580 2098 612 173

367 643 418 668 ex
438 630 534 667 loco
555 631 597 673 Θ
616 631 661 665 in
678 628 720 665 P.
738 628 791 664 13.
809 627 872 665 M.
890 627 931 664 31
954 630 1010 670 ,(Ὺ,
1032 626 1069 664 8(
1091 627 1201 664 datis
1218 626 1416 664 Cometae
1437 626 1554 669 locis,
1576 628 1622 663 in
1637 626 1878 673 Triangulo
1894 626 2008 670 FCI,

367 684 498 721 Latus
510 682 578 724 FI,
596 682 638 719 P.
652 681 714 719 53.
728 680 790 717 M.
803 680 866 723 53,
880 679 968 722 FC,
981 680 1023 717 P.
1036 679 1099 717 22.
1114 679 1176 717 Μ.
1189 680 1225 717 6.
1243 679 1522 726 Quapropter
1534 679 1609 723 IC,
1627 681 1705 717 erit
1716 679 1758 717 P.
1771 679 1834 717 56.
1847 679 1910 717 M.
1923 679 2009 723 53³5,

366 737 402 773 &
420 735 621 783 Angulus
638 734 752 776 CIF,
769 734 811 771 P.
829 733 891 771 26.
910 732 973 770 M.
990 733 1044 776 41,
1065 735 1139 780 qui
1156 732 1211 770 est
1227 732 1528 770 Inclinationis
1544 734 1695 779 capitis
1711 732 1767 770 ad
1783 732 1929 770 Solem
1946 743 2009 770 re-

365 788 506 836 spectu
532 788 762 835 Eclipticae,
789 786 994 824 differens
1020 786 1074 824 ab
1100 797 1152 823 eo
1179 788 1254 833 qui
1278 797 1355 832 per
1381 786 1568 823 caudam
1594 785 1631 823 8(
1658 791 1786 833 caput
1811 785 1941 824 fiebat
1963 785 2010 825 44
2050 798 2081 823 ιο

364 842 579 890 gradibus.
866 874 966 912 DIE
986 874 1126 912 ΧΧΧ.
1149 873 1507 912 NOVEMBRIS.

481 938 560 977 OC
584 938 652 976 die
677 937 829 975 caudae
854 938 1103 974 extremitas
1126 935 1304 974 Stellam
1328 937 1373 973 in
1397 936 1485 974 Ore
1508 935 1653 984 Pegasi
1678 935 1924 983 attingebat,
1950 937 2010 973 ita

497 997 657 1035 tamen,
679 996 722 1028 vt
740 990 919 1027 inferior
936 990 974 1027 8(
991 989 1329 1027 Meridionalior
1345 989 1498 1027 caudae
1514 1000 1616 1036 pars
1632 994 1837 1033 extrema,
1856 989 1918 1027 Os
1934 989 2009 1026 Pe-

365 1045 449 1093 gasl
465 1045 665 1092 stringere
682 1043 1117 1087 animaduerteretur,
1137 1048 1316 1089 eratque
1332 1041 1466 1089 paulo
1483 1042 1733 1090 protensior,
1751 1041 1789 1079 8(
1805 1041 2010 1079 nonnihil

364 1101 596 1136 incuruata
611 1097 758 1135 versus
774 1098 992 1139 verticem,
1013 1101 1057 1133 vt
1078 1096 1133 1133 ob
1154 1096 1209 1139 id,
1230 1095 1260 1132 fi
1280 1107 1356 1142 per
1375 1095 1540 1133 lineam
1556 1093 1719 1133 rectam
1735 1107 1761 1133 a
1777 1097 1916 1142 capite
1932 1095 2008 1132 du·
2050 1108 2080 1133 15

365 1152 503 1189 cenda
523 1151 644 1194 foret,
666 1150 869 1188 cecidisset
890 1149 1020 1196 ipfius
1035 1149 1246 1187 medietas
1263 1151 1376 1186 circa
1392 1148 1454 1187 Os
1470 1148 1627 1196 Pegafi,
1649 1148 1769 1195 quafi
1784 1160 1872 1186 vna
1887 1153 2010 1195 parte

366 1205 464 1252 plus
475 1204 620 1242 versus
633 1204 833 1241 Boream.
850 1203 1011 1240 Addidi
1028 1204 1175 1249 itaque
1186 1213 1324 1239 vnum
1340 1202 1524 1249 gradum
1535 1201 1591 1239 ad
1602 1201 1897 1239 Latitudinem
1910 1201 2010 1239 Oris

366 1257 522 1305 Pegasi,
539 1269 618 1305 pro
635 1257 787 1295 caudae
805 1257 1073 1294 extremitate
1086 1255 1124 1292 8(
1135 1255 1292 1292 deinde
1308 1255 1482 1302 processi
1493 1256 1539 1292 in
1550 1254 1668 1292 hunc
1680 1255 1879 1292 modum:
1897 1254 2009 1292 Lon-

366 1311 514 1358 gitudo
531 1312 681 1358 capitis
698 1310 896 1348 Cometae
914 1314 1005 1347 erat
1021 1310 1067 1346 in
1083 1309 1125 1346 P.
1143 1309 1196 1346 15.
1215 1308 1278 1346 M.
1292 1308 1316 1346 3
1332 1317 1390 1352 m,
1408 1308 1624 1351 Latitudo,
1641 1308 1684 1345 P.
1696 1308 1758 1345 24.
1772 1307 1834 1345 M.
1847 1307 1898 1345 29
1910 1307 2008 1345 Bor.

366 1364 611 1411 Longitudo
633 1363 729 1406 loci,
755 1365 800 1400 in
824 1374 956 1410 quem
979 1362 1120 1400 cauda
1143 1361 1393 1405 ducebatur,
1420 1361 1575 1399 eadem
1597 1372 1697 1398 cum
1720 1361 2009 1408 Longitudine
2047 1373 2081 1399 20

367 1417 467 1455 Oris
488 1416 644 1464 Pegafi,
666 1417 708 1454 P.
725 1416 788 1454 26.
810 1416 874 1453 M.
891 1416 928 1459 6,
950 1414 1152 1453 Latitudo
1173 1415 1217 1452 P.
1234 1414 1296 1452 23.
1314 1414 1378 1452 M.
1395 1415 1431 1457 7,
1452 1426 1541 1452 vna
1560 1419 1681 1461 parte
1703 1414 1857 1452 eadem
1878 1413 2011 1452 Stella

366 1470 604 1507 Borealior.
627 1469 692 1507 Est
708 1470 867 1507 idcirco
884 1468 1087 1516 Angulus
1104 1467 1235 1511 BAC,
1253 1467 1295 1505 P.
1313 1468 1357 1505 ll.
1376 1467 1439 1505 M.
1457 1467 1492 1511 3,
1509 1467 1603 1510 AC.
1620 1467 1664 1505 P.
1681 1467 1743 1505 65.
1761 1467 1824 1505 M.
1841 1467 1895 1511 31,
1912 1467 2008 1510 AB,

365 1523 407 1561 P.
430 1523 491 1561 66.
514 1523 577 1561 M.
599 1523 662 1561 53.
689 1522 838 1569 Quare
861 1522 963 1559 hinc
987 1522 1155 1559 elicitur
1178 1521 1311 1558 Latus
1334 1520 1426 1564 BC,
1452 1521 1494 1558 P.
1517 1521 1570 1558 lO.
1592 1520 1655 1558 M.
1678 1521 1722 1563 11,
1748 1520 1785 1557 8(
1808 1520 2010 1568 Angulus

365 1576 505 1619 ΑΒΕ,
527 1577 569 1614 P.
591 1576 654 1614 80.
677 1576 739 1613 M.
762 1576 815 1619 10,
837 1576 1097 1622 dabiturque
1118 1573 1321 1621 Angulus
1342 1574 1654 1617 Inclinationis‚
1676 1573 1719 1611 P.
1736 1574 1799 1611 25.
1821 1573 1884 1611 M.
1904 1573 1930 1610 1.
1952 1573 2010 1610 At

367 1632 411 1667 in
430 1633 456 1672 Ω
476 1629 620 1673 Stella,
638 1631 761 1666 cuius
778 1628 1024 1676 Longitudo
1041 1632 1144 1670 erat,
1160 1629 1207 1664 in
1222 1627 1265 1664 P.
1283 1627 1336 1664 10.
1354 1627 1417 1664 M.
1434 1628 1458 1665 5
1481 1633 1537 1675 m,
1555 1627 1769 1670 Latitudo,
1787 1627 1829 1664 P.
1842 1626 1878 1664 2.
1892 1626 1955 1663 M.
1968 1626 2010 1663 16
2047 1639 2080 1664 25

366 1683 520 1725 Borea,
532 1682 612 1720 fuit
623 1684 668 1719 in
680 1682 918 1729 Triangulo
931 1680 1079 1723 HAC,
1092 1681 1225 1718 Latus
1237 1680 1344 1723 AH,
1357 1680 1400 1717 P.
1413 1680 1475 1718 87.
1489 1680 1552 1717 M.
1564 1680 1628 1723 44,
1640 1680 1734 1723 AC,
1747 1680 1790 1717 P.
1802 1680 1865 1718 65.
1879 1679 1942 1717 M.
1954 1679 2008 1722 31,

366 1736 567 1783 Angulus
584 1735 731 1777 HAC,
754 1736 796 1772 P.
814 1735 875 1773 94.
894 1734 957 1772 M.
974 1734 1037 1778 58,
1058 1734 1246 1780 ideoque
1263 1733 1395 1770 Latus
1412 1732 1516 1776 HC,
1537 1733 1580 1770 P.
1597 1733 1660 1770 93.
1678 1733 1741 1770 M.
1758 1733 1843 1775 3422,
1865 1732 1903 1769 8(
1919 1733 2009 1769 An—

366 1789 492 1836 gulus
505 1789 597 1826 AH
607 1788 655 1831 C,
673 1789 715 1825 Ρ.
728 1789 790 1826 65.
804 1788 867 1825 M.
881 1788 956 1827 172⁷.
974 1787 1092 1825 Hinc
1104 1789 1150 1824 in
1161 1786 1400 1833 Triangulo
1413 1786 1454 1823 D
1464 1786 1508 1823 H
1518 1786 1568 1829 K,
1585 1797 1637 1823 ex
1650 1788 1821 1833 cognito
1832 1784 2010 1833 Angulo

368 1841 523 1885 DHK,
546 1841 583 1878 8(
604 1842 756 1879 Latere
778 1841 872 1878 HK
893 1840 1140 1879 Latitudine
1165 1843 1207 1883 Q,
1229 1851 1321 1877 non
1341 1838 1611 1887 ignorabitur
1630 1839 1833 1886 Angulus
1854 1838 2009 1881 HDK,

367 1894 409 1931 P.
422 1894 484 1932 24.
502 1895 565 1932 M.
578 1895 640 1937 49,
659 1896 733 1941 qui
751 1894 805 1931 est
822 1894 1122 1931 Inclinationis
1140 1894 1290 1939 capitis
1308 1892 1518 1936 Cometae,
1536 1892 1573 1929 8(
1590 1892 1734 1930 Stellae
1754 1895 1780 1935 Q
1800 1891 1856 1929 ad
1872 1891 2009 1938 Eclip-
2047 1903 2082 1929 30

367 1949 510 1989 ticam,
527 1947 755 1994 differtque
772 1947 921 1985 saltem
938 1947 1170 1984 duodecim
1181 1945 1391 1993 scrupulis
1402 1945 1716 1983 insensibilibus
1728 1957 1754 1983 a
1764 1946 1898 1992 priori
1910 1956 2010 1982 cau-

368 2001 435 2038 dae
457 2000 511 2037 ad
533 2006 661 2047 caput
682 2000 1023 2047 Eclipticamque
1044 1999 1345 2037 Inclinatione.
1369 1999 1427 2036 At
1451 2000 1495 2035 in
1516 1998 1628 2041 Sole,
1653 2010 1705 2036 ex
1728 1998 1825 2035 loco
1849 1999 1942 2035 eius
1965 1999 2011 2034 in

368 2053 410 2090 P.
429 2053 481 2091 18.
499 2053 562 2090 M.
580 2053 630 2091 38
652 2058 708 2095 ,ἔκ
726 2056 804 2090 erit
820 2053 888 2096 FI,
906 2053 948 2091 P.
965 2053 1028 2091 56.
1046 2052 1109 2090 M.
1126 2052 1189 2095 25,
1207 2051 1295 2095 FC,
1312 2052 1355 2089 P.
1372 2052 1434 2089 24.
1453 2051 1516 2088 M.
1533 2051 1596 2095 29,
1613 2051 1688 2095 IC,
1705 2051 1747 2088 P.
1764 2051 1826 2089 59.
1844 2050 1907 2088 M.
1924 2050 2009 2094 462³,

369 2106 480 2153 Ergo
491 2106 730 2150 Inclinatio,
742 2106 854 2144 P.28.
863 2107 926 2144 M.
935 2106 997 2149 40,
1010 2105 1255 2152 discrepans
1267 2105 1321 2142 ab
1335 2103 1564 2142 edudtione
1576 2105 1729 2142 caudae
1739 2104 1785 2143 3}
1794 2103 2009 2151 gradibus,

368 2159 482 2197 vnde
499 2170 551 2196 ea
568 2171 667 2206 quae
683 2162 803 2206 prius
820 2159 1095 2201 ostendimus,
1117 2158 1262 2196 adhuc
1279 2157 1457 2196 vlterius
1473 2157 1756 2204 comprobata
1772 2157 1978 2194 euadunt.
1996 2153 2011 2206 ΙΙ
2048 2169 2081 2195 35

990 2249 1388 2294 DECEMBRIS
2036 2255 2098 2287 174

1115 2317 1215 2354 DIE
1237 2317 1266 2354 Ι.

456 2379 494 2418 O
516 2380 584 2418 die
606 2379 747 2417 cauda
767 2379 1078 2417 obseruabatur
1097 2379 1274 2416 tendere
1295 2380 1340 2416 in
1360 2378 1507 2416 locum
1529 2379 1603 2425 qui
1620 2377 1674 2415 est
1692 2379 1803 2415 inter
1823 2379 2011 2425 primam

473 2433 572 2470 colli
593 2431 736 2480 Pegasi
758 2432 940 2470 Marcab
961 2431 1131 2475 dictam,
1156 2431 1193 2469 8(
1216 2431 1342 2469 binas
1364 2431 1462 2469 illas
1484 2433 1529 2468 in
1549 2431 1695 2468 medio
1718 2431 1818 2468 colli
1841 2430 2009 2477 positas,

370 2491 459 2523 erat
472 2488 589 2523 enim
600 2485 734 2532 paulo
746 2485 843 2532 plus
856 2496 990 2531 quarn
1002 2485 1095 2522 heri
1109 2485 1280 2522 eleuata
1291 2484 1418 2531 supra
1429 2484 1490 2522 Os
1499 2483 1644 2531 Pegasi
1653 2483 1798 2521 versus
1809 2483 2008 2527 Boream,
2048 2495 2081 2520 40

1888 2541 2008 2583 parte
