2209 3213
141 794 172 819 10

142 1059 171 1084 15

121 1213 186 1245 459

139 1325 172 1351 20

139 1593 172 1617 25

140 1858 174 1884 30

141 2125 173 2150 35

140 2390 173 2415 40

512 197 595 236 DE
617 197 843 236 MUNDI
863 197 1028 237 AETH.
1050 197 1317 236 RECENT.
1340 197 1550 236 PHAEN.
1776 198 1855 237 369

209 316 353 342 meros
377 303 562 348 redacta,
585 310 628 341 vt
652 304 747 342 haec
771 305 1056 352 oppugnandi
1079 305 1398 352 euellendique,
1425 307 1477 353 ijs
1503 307 1577 352 qui
1602 316 1695 342 rem
1720 304 1856 351 ipsam

210 359 398 405 capiunt,
411 359 650 404 omniaque
660 357 862 395 Veritatis
871 357 1008 395 studio
1019 358 1166 395 dextre
1177 357 1264 395 fine
1276 359 1531 405 praeiudicio
1542 357 1579 395 8(
1590 369 1706 396 caeco
1718 360 1857 396 animi

209 409 367 449 affectu
383 410 641 457 ponderant,
659 410 783 448 nulla
799 410 905 448 iusta
922 410 1087 448 Occafio
1104 410 1289 458 superfit.

262 463 671 505 Verumenimuero,
694 465 798 510 quia
816 463 869 501 de
886 463 1182 501 Instrumentis
1199 463 1236 501 &
1252 464 1419 512 medijs,
1442 464 1600 511 quibus
1621 464 1754 502 huius
1771 464 1855 502 Co-

208 522 337 554 metae
364 516 703 554 Obseruationes
727 516 1000 563 perfecimus,
1027 516 1246 563 aliquibus
1272 517 1380 554 forte
1405 517 1616 555 haesitatio
1639 517 1857 555 nonnulla

209 569 417 616 obrepere
440 569 569 616 possit,
594 575 738 607 vtrum
758 569 913 607 scilicet
933 569 1008 607 illa
1029 574 1119 607 tam
1140 569 1305 608 affabre
1327 570 1365 607 &
1386 570 1612 618 diligenter
1633 570 1857 608 elaborata

208 622 380 665 fuerint,
401 628 445 660 vt
466 624 572 660 citra
593 633 771 660 omnem
794 622 998 660 senfibilis
1022 625 1180 660 erroris
1202 622 1487 670 suspicionem
1511 623 1609 661 satis
1632 628 1858 661 accuratas

209 675 560 719 obseruationes,
591 676 749 722 quibus
779 681 871 713 tuto
902 677 1053 713 omnia
1078 682 1236 713 caetera
1260 677 1393 714 modo
1420 675 1531 714 dic‘ta
1555 676 1856 720 fundarentur,

208 729 403 776 praebere
433 730 671 776 potuerint;
701 729 861 766 idcirco
887 729 1005 775 quod
1030 731 1076 766 in
1101 729 1231 766 Libro
1257 729 1451 767 consulto
1481 730 1761 767 intermissum
1790 729 1857 773 est,

209 793 327 819 nunc
339 781 730 829 compensabimus,
743 781 781 819 &
793 782 983 819 duorum
996 781 1277 829 Organorum
1289 782 1511 826 fabricam,
1527 795 1717 830 quorum
1728 783 1856 820 bene-

208 834 308 872 ficio
321 835 617 882 principaliter
630 834 968 873 Obseruationes
980 834 1113 872 huius
1126 835 1324 873 Cometae
1337 835 1616 879 absoluimus,
1634 836 1689 873 ob
1706 836 1858 874 oculos

208 899 437 936 ponemus,
459 888 498 926 8(
511 887 756 925 secundum
776 887 874 926 suas
894 893 1038 935 partes
1059 888 1391 935 explicabimus:
1416 889 1632 927 Sextantis
1653 889 1856 927 Astrono-

208 943 310 979 mici
325 940 536 985 videlicet,
553 941 591 978 8(
608 940 877 987 Quadrantis
894 941 1201 979 Azimuthalis.
1224 942 1346 989 Radij
1365 954 1470 979 vero
1493 942 1633 988 (cuius
1651 944 1858 980 conueni—

209 996 297 1032 enti
320 994 611 1042 Longitudine
635 994 818 1041 praediti,
843 993 880 1031 8(
904 994 1125 1032 orichalco
1149 995 1341 1042 vndique
1368 994 1552 1037 obducti,
1579 995 1701 1033 vsum
1726 998 1858 1033 etiam

209 1059 535 1094 nonnunquam
551 1046 852 1093 adhibuimus)
870 1046 1199 1091 confectionem,
1217 1048 1286 1085 vel
1303 1060 1356 1086 ex
1372 1048 1452 1092 his,
1475 1060 1574 1095 quae
1592 1048 1858 1087 Clarissimus

210 1100 553 1139 Mathematicus
571 1100 763 1138 Gemma
784 1100 939 1138 Frifius
961 1102 1013 1138 de
1035 1112 1087 1138 eo
1108 1101 1318 1148 peculiari
1339 1101 1506 1139 Libello
1526 1102 1760 1149 proposuit,
1782 1113 1858 1139 no-

210 1155 366 1192 tiorem
382 1154 458 1191 esse
475 1154 672 1197 arbitror,
689 1165 825 1201 quam
840 1159 884 1191 vt
900 1165 1011 1201 opus
1027 1153 1073 1191 fit
1089 1154 1160 1191 hic
1177 1160 1383 1192 retexere.
1400 1151 1415 1204 ΙΙ

264 1206 333 1244 Ne
349 1218 455 1244 vero
471 1206 611 1254 longis
627 1207 862 1244 verborum
879 1207 1135 1254 ambagibus
1152 1219 1219 1245 res
1236 1207 1325 1255 ipsa
1340 1207 1632 1255 protrahatur,
1653 1208 1855 1246 inuolua-

209 1265 379 1307 turque,
409 1260 602 1307 ipsorum
626 1260 1027 1304 Instrumentorum‚
1054 1261 1106 1298 de
1132 1261 1290 1308 quibus
1315 1261 1484 1308 loquor,
1515 1261 1856 1299 delineationem

210 1312 397 1360 aspectui
419 1313 655 1361 subijciam.
680 1313 748 1351 Sic
770 1315 887 1351 enim
908 1313 997 1361 ipsa
1018 1312 1225 1352 structura
1247 1315 1505 1357 euidentius,
1529 1326 1663 1361 quam
1686 1315 1856 1361 prolixa

210 1366 505 1414 descriptione,
522 1366 695 1414 patebit.

263 1420 405 1467 thue
418 1421 610 1467 primum
622 1419 751 1467 ipfius
763 1419 992 1464 Sextantis‚
1010 1432 1098 1467 quo
1115 1420 1334 1459 distantias
1351 1420 1530 1458 dimensi
1546 1420 1705 1464 sumus,
1723 1420 1856 1468 expli-

210 1475 429 1511 cationem
445 1473 761 1521 aggrediamur,
778 1473 1110 1521 repraesentatur
1126 1475 1161 1511 is
1178 1476 1223 1511 in
1239 1474 1443 1521 sequente
1460 1480 1562 1522 typo
1577 1486 1653 1521 per
1664 1474 1856 1518 ABCD,

209 1529 269 1564 ita
289 1532 335 1564 ut
355 1528 478 1564 iuxta
493 1527 534 1564 A
550 1532 748 1564 centrum
764 1526 1039 1564 Instrumenti
1060 1527 1118 1570 fit,
1140 1527 1224 1565 BD
1240 1528 1382 1565 Arcus
1400 1530 1493 1565 eius
1509 1530 1554 1564 in
1570 1528 1621 1565 60
1636 1533 1780 1574 partes
1796 1527 1856 1565 di-

209 1579 421 1624 stributus,
445 1580 483 1618 8(
505 1582 551 1617 in
573 1579 649 1618 sua
671 1579 872 1627 scrupula
894 1582 1047 1627 prima,
1072 1581 1204 1618 modo
1226 1581 1352 1618 nobis
1373 1581 1525 1618 usitato
1550 1580 1700 1627 (quem
1720 1582 1766 1618 in
1786 1580 1856 1618 de-

209 1632 436 1680 scriptione
454 1632 723 1679 Quadrantis
739 1645 843 1671 mox
859 1633 1124 1680 aperiemus)
1146 1634 1399 1671 subdiuisus.
1422 1634 1501 1671 Per
1517 1634 1599 1671 AB
1617 1634 1654 1671 &
1671 1633 1752 1672 AC
1768 1633 1858 1681 ipsa

210 1686 368 1724 Latera
389 1686 477 1724 fiue
501 1686 677 1734 Regulae
701 1686 987 1730 Instrumenti,
1014 1687 1172 1734 quibus
1195 1688 1337 1725 Arcus
1361 1687 1433 1725 ille
1459 1687 1856 1734 comprehenditur,

210 1739 586 1787 repraesentantur,
608 1751 708 1787 quae
729 1742 774 1777 in
793 1741 833 1777 A
854 1742 967 1778 circa
988 1741 1226 1778 rotundum
1247 1740 1424 1778 clauum
1445 1746 1716 1787 coaptantur,
1737 1740 1790 1778 fic
1811 1746 1858 1778 ut

210 1793 413 1840 ampliari
433 1793 506 1831 uel
526 1792 736 1831 coarctari
756 1795 802 1831 in
822 1793 1006 1831 modum
1027 1795 1175 1831 circini
1196 1794 1357 1841 possint,
1381 1794 1512 1841 idque
1535 1805 1611 1841 per
1631 1793 1857 1831 cochleam

212 1846 321 1891 GH,
347 1858 447 1893 quae
472 1846 569 1884 licet
595 1845 756 1885 direc'ta
780 1846 838 1891 sit,
863 1852 1012 1884 tamen
1037 1848 1083 1884 in
1108 1858 1160 1885 ea
1182 1852 1316 1894 parte,
1343 1859 1431 1894 qua
1454 1846 1627 1894 Regulis
1650 1846 1857 1890 adhaeret,

210 1899 462 1937 matricibus
491 1899 593 1937 hinc
619 1900 719 1937 inde
744 1900 980 1937 mobilibus
1005 1902 1065 1937 ita
1089 1899 1290 1948 affigitur,
1321 1906 1367 1938 ut
1393 1900 1559 1938 arcuali
1585 1899 1858 1938 Instrumenti

211 1955 350 1990 motui
365 1952 655 1990 nihilominus
671 1953 902 1990 commode
919 1953 1135 1991 inseruiat.
1154 1953 1221 1991 1&
1234 1954 1272 1991 K
1288 1953 1383 1991 sunt
1399 1954 1487 1991 duo
1504 1953 1749 1996 manubria,
1767 1956 1858 2000 qui-

211 2006 291 2044 bus
306 2005 643 2044 Instrumentum
660 2008 770 2044 inter
784 2006 1120 2044 Obseruandum
1136 2006 1490 2054 apprehenditur.
1509 2007 1542 2044 B
1556 2006 1593 2044 &
1606 2006 1643 2044 C
1660 2006 1755 2044 sunt
1771 2007 1859 2044 duo

211 2060 475 2106 pinnacidia,
501 2061 622 2097 iuxta
647 2071 747 2106 quae
771 2060 925 2097 oculus
948 2060 1003 2097 ad
1024 2060 1065 2097 A
1086 2071 1221 2107 prope
1247 2065 1444 2098 centrum
1470 2060 1643 2107 positus,
1669 2060 1725 2097 ad
1750 2060 1860 2098 duas

211 2112 365 2150 Stellas
387 2112 673 2151 Obseruando
698 2113 790 2160 (per
811 2113 1143 2160 ampliationem
1165 2113 1202 2150 &
1224 2112 1517 2152 coarctionem
1538 2113 1702 2161 Anguli
1726 2113 1858 2157 ΒΑΕ,

210 2165 423 2203 beneficio
440 2165 632 2203 cochleae
648 2166 762 2212 GH)
780 2166 988 2210 collimat;
1006 2168 1065 2204 ita
1081 2172 1126 2204 ut
1138 2167 1280 2204 Arcus
1296 2169 1407 2204 inter
1424 2167 1457 2204 B
1470 2166 1508 2204 8(
1521 2167 1557 2204 C
1574 2166 1858 2213 comprehen-

210 2218 279 2256 sus
295 2230 449 2256 earum
465 2219 708 2257 distantiam
725 2219 1000 2266 representet:
1018 2219 1095 2257 nisi
1112 2220 1231 2267 quod
1244 2220 1486 2258 Parallaxis
1498 2219 1772 2257 Instrumenti
1790 2219 1859 2266 (fic

211 2274 329 2309 enim
345 2277 448 2310 tunc
464 2274 672 2320 temporis
688 2274 912 2320 negotium
926 2272 1010 2310 hoc
1022 2275 1191 2311 executi
1203 2273 1363 2317 sumus,
1380 2274 1514 2311 modo
1526 2273 1794 2311 Paralleliter
1805 2272 1859 2310 ab

211 2330 395 2372 utraque
425 2331 546 2373 parte
572 2326 926 2373 pinnacidiorum
953 2326 1219 2364 collineandi
1244 2327 1445 2364 nondum
1470 2326 1728 2372 adinuento)
1759 2337 1858 2373 quae

210 2379 498 2425 proueniebat
518 2391 545 2417 a
566 2378 811 2416 differentia
829 2381 940 2416 inter
957 2384 1154 2417 centrum
1171 2380 1287 2417 uisus
1304 2379 1342 2417 8(
1358 2386 1555 2417 centrum
1572 2379 1858 2421 Instrumenti,

210 2431 503 2470 subtrahenda
515 2434 677 2476 ueniat,
690 2434 814 2470 cuius
825 2432 1148 2471 Demonstratio
1158 2435 1291 2480 inque
1302 2444 1511 2471 numeros
1521 2431 1727 2476 reductio,
1741 2438 1858 2470 ante-

211 2484 389 2523 cedente
406 2485 549 2528 Libro,
566 2486 640 2523 ubi
657 2485 709 2523 de
727 2497 779 2523 eo
796 2485 1013 2530 Sextante,
1031 2498 1120 2533 quo
1132 2487 1267 2524 Noua
1279 2486 1411 2525 Stella
1424 2486 1759 2529 Obseruabatur,
1777 2487 1859 2533 egi-

317 2546 350 2571 47
1746 2549 1856 2581 mus,
