2209 3213
103 802 134 827 lo

66 956 116 987 Cc
124 956 161 986 4v

103 1068 133 1093 15

99 1334 132 1358 20

99 1599 132 1624 25

98 1865 132 1890 30

74 2125 152 2156 Dd‘

98 2396 131 2421 40

645 205 729 243 DE
750 205 1023 244 COMETA
1043 205 1212 244 ANNI
1234 206 1340 244 1585
1740 206 1817 243 405

173 324 196 350 e
216 312 361 360 splene
381 317 563 358 atraque
583 311 669 349 bile
690 313 904 359 originem
924 312 1143 356 ducentes,
1164 312 1295 359 idque
1315 313 1575 359 potissimum
1593 314 1638 349 in
1655 313 1707 359 ijs
1723 323 1814 349 cor-

172 366 363 413 poribus,
389 376 489 412 quae
512 364 580 402 his
603 363 906 403 affeclionibus
928 376 1020 412 prae
1044 367 1210 403 caeteris
1233 365 1427 403 obnoxia
1450 365 1644 403 existunt.
1671 365 1814 403 Rebus

172 420 304 456 etiam
318 429 340 456 e
354 417 490 456 Terra
505 417 780 456 nascentibus
797 418 835 455 &
850 416 983 455 victui
998 418 1233 456 hominum
1249 424 1598 466 caeterorumque
1614 420 1814 456 animan-

171 473 281 509 tium
305 471 545 518 necessarijs
569 470 639 508 hic
662 470 924 509 Saturninus
949 471 1135 509 Cometa
1157 483 1248 509 non
1274 474 1480 519 exiguum
1506 472 1815 510 detrimentum

171 526 377 568 minatur,
397 523 512 561 vnde
532 535 726 561 annonae
748 526 904 561 caritas
925 523 963 561 8(
983 524 1121 562 fames
1141 526 1188 561 in
1207 525 1448 562 multorum
1470 527 1709 572 perniciem
1729 524 1814 563 late

171 577 362 621 saeuient,
384 582 599 624 eruntque
619 579 731 614 inter
751 576 955 614 homines
975 575 1128 620 luctus,
1151 582 1337 615 terrores
1359 578 1397 615 &
1417 590 1590 626 magnae
1607 578 1813 626 angustiae

171 630 409 677 crebraque
429 630 561 668 exilia
582 629 620 667 8(
639 629 960 677 persecutiones
979 630 1252 677 multiplices.
1275 630 1393 677 Quia
1413 642 1518 668 vero
1539 630 1609 668 hic
1628 631 1814 669 Cometa

170 683 245 721 sub
261 682 378 731 figno
402 685 439 727 )(
462 688 638 721 exortus
654 683 771 720 estin
790 685 832 727 [l
853 683 972 720 Iouis
990 685 1036 720 in
1053 683 1129 720 suo
1151 683 1410 721 detrimento
1431 684 1680 731 retrogradi,
1703 684 1813 721 Reli-

170 738 311 784 gionis
328 736 366 773 8(
381 738 638 774 mutationis
653 736 800 784 legum
816 735 957 779 causa,
973 738 1198 784 grauiores
1214 736 1358 774 adhuc
1372 737 1585 775 tumultus
1603 737 1640 774 8(
1657 737 1813 779 clades,

171 801 306 836 quam
326 791 473 837 priora
488 794 688 836 tempora
703 789 908 833 tulerunt,
929 791 1122 826 minitari
1137 789 1319 834 videtur,
1343 790 1579 837 praesertim
1600 802 1700 828 cum
1723 801 1814 827 non

170 842 298 890 longe
315 842 369 880 ab
385 841 651 890 AEquinofflj
670 841 831 889 puncto
847 842 1057 885 inciderit,
1075 842 1193 889 quod
1208 842 1306 880 teste
1323 843 1565 881 Ptolomaeo
1580 843 1814 881 Sacrorum

171 895 528 943 significationem
541 895 684 933 habet.
701 895 842 933 Plebis
855 895 1029 942 insuper
1043 895 1344 933 calamitosum
1356 896 1509 934 statum
1521 896 1559 933 8(
1571 896 1815 934 Seditiones

170 948 462 996 inauspicatas
483 960 506 986 e
527 948 881 996 Dodecatemorij
906 948 1091 986 Piscium
1113 954 1272 986 natura
1294 961 1385 986 non
1407 946 1421 999 ΙΙ
1443 949 1619 987 obscure
1642 955 1814 996 porten-

171 1002 241 1040 dit.
266 1002 470 1049 Cumque
493 1001 563 1039 hic
584 1001 784 1050 Signiferi
807 1002 941 1045 locus,
965 1003 1011 1039 in
1033 1013 1122 1049 quo
1144 1001 1330 1039 Cometa
1352 1004 1543 1050 incoepit,
1560 1002 1815 1049 Triplicitati

170 1056 342 1102 Aqueae
362 1055 604 1102 deputetur,
626 1055 821 1102 copiosas
842 1055 880 1092 8(
900 1055 1224 1102 intempestiuas
1240 1055 1538 1093 Humiditates
1555 1055 1814 1102 aliquandiu

171 1109 383 1151 excitabit,
408 1119 518 1155 quas
539 1113 689 1146 tamen
710 1108 765 1146 ob
785 1108 986 1146 festinum
1006 1110 1052 1145 in
1072 1109 1280 1152 Arietem,
1305 1111 1379 1155 qui
1400 1109 1452 1146 de
1469 1108 1660 1156 Trigono
1682 1109 1814 1156 lgneo

170 1161 237 1205 est,
258 1161 496 1204 tranfitum,
515 1173 607 1199 non
622 1163 770 1199 minus
785 1161 1077 1199 immoderato
1094 1162 1239 1199 colore
1256 1161 1294 1199 8(
1310 1161 1492 1199 ficcitate
1508 1162 1682 1199 vicissim
1699 1173 1813 1199 corn-

169 1214 375 1261 pensabit.
392 1214 527 1252 Varia
543 1214 668 1252 simul
679 1216 725 1252 in
736 1216 852 1252 Aere
864 1214 1063 1262 prodigia
1075 1214 1112 1251 8(
1125 1215 1327 1252 Meteora
1342 1214 1513 1253 insolita
1529 1215 1814 1262 apparebunt.

170 1267 489 1315 Nauigationes
505 1270 637 1306 etiam
654 1267 692 1305 8(
707 1270 941 1306 maritimae
957 1270 1283 1315 negociationes
1299 1268 1553 1314 periculosae
1570 1273 1708 1311 erunt,
1728 1280 1814 1306 cre-

169 1320 335 1368 braque
355 1320 590 1359 audientur
609 1320 852 1369 naufragia,
877 1321 932 1359 ob
955 1321 1256 1368 tempestatum
1279 1321 1664 1359 increbrescentem
1685 1321 1814 1358 vehe—

168 1376 396 1417 mentiam;
414 1374 532 1421 quod
548 1386 575 1412 a
590 1374 789 1412 Cometae
805 1374 938 1412 huius
953 1373 1126 1412 influxu
1142 1386 1233 1412 non
1249 1374 1446 1412 alienum
1463 1375 1551 1418 esse,
1569 1374 1673 1412 dum
1690 1376 1725 1412 is
1741 1375 1814 1412 ad—

168 1427 255 1465 huc
277 1427 481 1471 existeret,
504 1428 730 1465 euidenter
750 1430 900 1475 patuit.
922 1427 1148 1474 Siquidem
1165 1430 1278 1465 circa
1293 1427 1345 1465 26
1361 1428 1477 1465 diem
1494 1426 1693 1465 octobris
1715 1439 1815 1465 cum

169 1480 297 1518 Luna
311 1480 509 1518 AEtherei
525 1480 563 1518 8(
580 1480 868 1519 Elementaris
887 1481 1049 1518 Mundi
1070 1482 1347 1519 internuncia
1363 1493 1389 1519 a
1406 1481 1595 1519 Saturno
1617 1480 1814 1518 defluens

168 1533 244 1581 ipfi
270 1533 468 1572 Cometae
493 1534 743 1581 applicaret,
772 1539 894 1572 tanta
921 1536 966 1572 in
994 1533 1145 1572 nostris
1171 1534 1271 1572 Oris
1296 1534 1541 1572 Ventorum
1566 1534 1813 1581 Tempestas

169 1587 370 1631 inualuit,
391 1586 525 1625 flante
541 1587 811 1625 intenfissime
828 1587 947 1625 Noto
965 1587 1002 1625 8(
1018 1587 1247 1632 Libanoto,
1270 1592 1482 1634 quantam
1500 1587 1668 1634 aliquot
1687 1589 1815 1624 annis

168 1640 528 1687 praecedentibus,
559 1652 691 1678 nemo
721 1640 976 1678 nostratium
1005 1642 1221 1678 meminit:
1253 1652 1353 1688 quae
1385 1643 1516 1678 etiam
1541 1652 1632 1678 non
1659 1642 1816 1688 exigua

169 1693 334 1731 damna
348 1693 485 1731 Terra
500 1696 701 1741 marique
718 1693 845 1732 dedit.
862 1694 1009 1731 Veluti
1025 1694 1135 1731 alias
1152 1705 1329 1741 quoque
1347 1694 1610 1741 perdurante
1630 1693 1713 1731 hoc
1731 1695 1814 1731 Co—

168 1751 285 1785 meta
296 1746 541 1784 Ventorum
556 1747 785 1794 impetuosi
800 1746 930 1785 flatus
946 1747 1069 1785 solito
1086 1747 1324 1785 crebriores
1339 1746 1728 1784 &turbulentiores
1745 1758 1815 1783 ex-

167 1801 356 1838 titerunt.
378 1800 595 1838 Praeterea
614 1800 713 1838 licet
733 1800 803 1838 hic
821 1800 1008 1838 Cometa
1024 1800 1201 1838 Saturni
1220 1805 1426 1838 naturam
1445 1802 1619 1847 proprie
1641 1799 1679 1837 8(
1699 1802 1814 1846 prin-

169 1853 364 1900 cipaliter
380 1852 604 1897 referebat,
624 1865 724 1891 cum
741 1854 886 1892 Marte
901 1859 1051 1892 tamen
1067 1865 1158 1891 non
1174 1855 1405 1891 minimam
1422 1853 1547 1890 simul
1563 1852 1814 1900 analogiam

169 1906 366 1950 obtinuit,
390 1917 443 1944 eo
467 1907 585 1954 quod
606 1912 801 1955 tempore
823 1907 1056 1955 Nouilunij
1080 1908 1174 1945 eius
1195 1908 1517 1954 apparitionem
1537 1908 1736 1953 proxime
1757 1905 1815 1943 se-

169 1961 340 2006 quentis
355 1961 402 1997 in
417 1960 442 1998 7
459 1959 615 1998 Gradu
630 1966 676 2000 V
695 1959 786 2007 (sub
803 1962 929 1998 cuius
945 1962 1077 1998 etiam
1094 1960 1214 2008 Signi
1229 1960 1391 1998 vltimis
1407 1959 1602 2006 partibus
1619 1959 1814 2006 Ecclipti—

168 2024 266 2050 cam
286 2012 576 2060 pertranfiuit)
595 2013 849 2057 versaretur,
871 2013 961 2061 ipso
983 2013 1128 2051 Marte
1145 2013 1183 2051 8(
1200 2013 1399 2051 Cometae
1417 2012 1454 2050 8(
1471 2013 1647 2051 Saturni
1667 2012 1815 2050 locum

169 2065 433 2113 disponente.
449 2066 587 2104 Erunt
598 2068 746 2114 itaque
758 2065 947 2104 Effectus
959 2066 1089 2114 ipsius
1101 2078 1127 2105 a
1140 2067 1313 2114 Martijs
1325 2068 1456 2104 etiam
1468 2065 1712 2113 significatis
1725 2077 1815 2103 non

168 2119 409 2157 admodum
420 2119 566 2164 alieni,
579 2119 617 2157 8(
629 2120 793 2158 morbis
803 2119 1004 2158 Cronicis
1016 2120 1069 2158 de
1081 2116 1276 2169 qui-flbus
1287 2119 1415 2167 supra
1426 2120 1528 2162 dixi,
1540 2124 1692 2157 acutos
1703 2130 1814 2165 eque

168 2171 346 2210 cholera
370 2172 491 2211 flaua
517 2172 858 2216 efferuescentes,
888 2173 1252 2211 intermiscebunt.
1284 2173 1487 2220 Inprimis
1511 2183 1617 2209 vero
1642 2171 1814 2209 hostiles

168 2227 408 2263 inimicitiae
425 2225 463 2263 8(
478 2226 621 2264 bellici
637 2226 819 2269 furores,
836 2238 928 2264 non
944 2226 1031 2264 fine
1047 2226 1289 2264 multorum
1305 2226 1424 2264 caede
1439 2225 1477 2263 &
1491 2225 1712 2273 sanguine,
1729 2225 1814 2262 late

168 2278 360 2322 saeuient,
377 2281 423 2316 in
439 2279 598 2326 quibus
614 2284 763 2317 tamen
778 2279 907 2327 plura
922 2279 1037 2323 dolo,
1055 2279 1235 2317 occultis
1250 2279 1430 2323 technis,
1448 2278 1609 2316 insidiis
1622 2278 1659 2315 8(
1671 2278 1813 2325 prodi-

167 2332 371 2376 tionibus,
385 2343 519 2379 quam
531 2338 682 2379 aperto
694 2333 853 2377 Marte,
865 2338 1139 2385 peragentur.
1153 2333 1331 2370 Externi
1344 2334 1475 2370 etiam
1487 2331 1673 2369 alicuius
1685 2330 1814 2368 hostis

168 2385 385 2423 aduentus
403 2386 604 2433 portendi
620 2386 803 2430 videtur,
823 2388 898 2433 qui
914 2397 941 2424 a
957 2385 1326 2424 Meridionalibus
1341 2385 1490 2422 Terrae
1506 2385 1701 2432 partibus
1717 2395 1813 2430 pro-

168 2438 379 2485 grediens,
397 2438 673 2477 Borealiores
689 2438 912 2477 infestabit.
929 2438 1226 2477 Plurimorum
1242 2441 1389 2485 itaque
1402 2438 1653 2475 Hominum
1670 2439 1812 2474 interi-

168 2496 248 2534 tus,
261 2502 352 2530 non
363 2491 503 2529 solum
513 2491 625 2540 peste
638 2491 676 2530 8(
687 2492 945 2530 morborum
954 2494 1087 2530 variis
1098 2491 1330 2540 generibus
1343 2492 1487 2539 (prout
1499 2490 1693 2537 superius
1705 2490 1813 2587 indi)-

1695 2554 1793 2580 caui
