<?xml version="1.0" encoding="UTF-8"?>
<!DOCTYPE html PUBLIC "-//W3C//DTD XHTML 1.0 Transitional//EN"
    "http://www.w3.org/TR/xhtml1/DTD/xhtml1-transitional.dtd">
<html xmlns="http://www.w3.org/1999/xhtml" xml:lang="en" lang="en">
 <head>
  <title>
</title>
<meta http-equiv="Content-Type" content="text/html;charset=utf-8" />
  <meta name='ocr-system' content='tesseract 3.04.00' />
  <meta name='ocr-capabilities' content='ocr_page ocr_carea ocr_par ocr_line ocrx_word'/>
</head>
<body>
  <div class='ocr_page' id='page_1' title='image "./operaomniaedidit04brahuoft_0298.png"; bbox 0 0 2209 3213; ppageno 0'>
   <div class='ocr_carea' id='block_1_1' title="bbox 348 220 1490 265">
    <p class='ocr_par' dir='ltr' id='par_1_1' title="bbox 348 220 1490 265">
     <span class='ocr_line' id='line_1_1' title="bbox 348 220 1490 265; baseline -0.007 0"><span class='ocrx_word' id='word_1_1' title='bbox 348 228 424 265; x_wconf 85' lang='lat'>280</span> <span class='ocrx_word' id='word_1_2' title='bbox 840 222 923 260; x_wconf 90' lang='lat' dir='ltr'>DE</span> <span class='ocrx_word' id='word_1_3' title='bbox 945 221 1169 259; x_wconf 93' lang='lat' dir='ltr'><strong>MUNDI</strong></span> <span class='ocrx_word' id='word_1_4' title='bbox 1190 220 1490 258; x_wconf 88' lang='lat' dir='ltr'><strong>AETHEREI</strong></span> 
     </span>
    </p>
   </div>
   <div class='ocr_carea' id='block_1_2' title="bbox 345 326 2037 798">
    <p class='ocr_par' dir='ltr' id='par_1_2' title="bbox 346 326 1984 533">
     <span class='ocr_line' id='line_1_2' title="bbox 400 326 1984 375; baseline -0.002 -6"><span class='ocrx_word' id='word_1_5' title='bbox 400 334 562 369; x_wconf 90' lang='lat' dir='ltr'>Verum</span> <span class='ocrx_word' id='word_1_6' title='bbox 575 342 628 367; x_wconf 88' lang='lat' dir='ltr'>ne</span> <span class='ocrx_word' id='word_1_7' title='bbox 642 329 745 375; x_wconf 91' lang='lat' dir='ltr'>quid</span> <span class='ocrx_word' id='word_1_8' title='bbox 758 328 873 375; x_wconf 88' lang='lat' dir='ltr'>dubij</span> <span class='ocrx_word' id='word_1_9' title='bbox 888 328 1030 370; x_wconf 89' lang='lat' dir='ltr'>lateat,</span> <span class='ocrx_word' id='word_1_10' title='bbox 1048 327 1279 364; x_wconf 89' lang='lat' dir='ltr'>Cometam</span> <span class='ocrx_word' id='word_1_11' title='bbox 1291 326 1346 363; x_wconf 91' lang='lat' dir='ltr'>ad</span> <span class='ocrx_word' id='word_1_12' title='bbox 1358 332 1529 373; x_wconf 91' lang='lat' dir='ltr'>tempus</span> <span class='ocrx_word' id='word_1_13' title='bbox 1540 327 1758 374; x_wconf 83' lang='lat' dir='ltr'>Vtriusque</span> <span class='ocrx_word' id='word_1_14' title='bbox 1772 328 1984 366; x_wconf 91' lang='lat' dir='ltr'>Obserua-</span> 
     </span>
     <span class='ocr_line' id='line_1_3' title="bbox 346 378 1984 429; baseline -0.002 -6"><span class='ocrx_word' id='word_1_15' title='bbox 346 387 486 425; x_wconf 82' lang='lat' dir='ltr'>tionis.</span> <span class='ocrx_word' id='word_1_16' title='bbox 505 396 556 420; x_wconf 88' lang='lat' dir='ltr'>ex</span> <span class='ocrx_word' id='word_1_17' title='bbox 570 380 882 419; x_wconf 83' lang='lat' dir='ltr'>Altitudinibus</span> <span class='ocrx_word' id='word_1_18' title='bbox 895 380 932 417; x_wconf 86' lang='lat'>&amp;</span> <span class='ocrx_word' id='word_1_19' title='bbox 945 379 1193 417; x_wconf 82' lang='lat' dir='ltr'>Azimuthis</span> <span class='ocrx_word' id='word_1_20' title='bbox 1205 391 1231 417; x_wconf 93' lang='lat' dir='ltr'>a</span> <span class='ocrx_word' id='word_1_21' title='bbox 1242 378 1470 417; x_wconf 88' lang='lat' dir='ltr'>Thaddaeo</span> <span class='ocrx_word' id='word_1_22' title='bbox 1483 380 1812 427; x_wconf 88' lang='lat' dir='ltr'>praesuppofitis,</span> <span class='ocrx_word' id='word_1_23' title='bbox 1829 381 1984 429; x_wconf 87' lang='lat' dir='ltr'>Longi-</span> 
     </span>
     <span class='ocr_line' id='line_1_4' title="bbox 347 430 1984 479; baseline -0.002 -4"><span class='ocrx_word' id='word_1_24' title='bbox 347 439 541 475; x_wconf 90' lang='lat' dir='ltr'>tudinem</span> <span class='ocrx_word' id='word_1_25' title='bbox 563 435 599 472; x_wconf 92' lang='grc'>8(</span> <span class='ocrx_word' id='word_1_26' title='bbox 621 433 914 471; x_wconf 83' lang='lat' dir='ltr'>Latitudinem</span> <span class='ocrx_word' id='word_1_27' title='bbox 935 432 1056 470; x_wconf 89' lang='lat' dir='ltr'>suam</span> <span class='ocrx_word' id='word_1_28' title='bbox 1077 432 1210 470; x_wconf 91' lang='lat' dir='ltr'>modo</span> <span class='ocrx_word' id='word_1_29' title='bbox 1231 430 1436 479; x_wconf 58' lang='lat' dir='ltr'>praedieio</span> <span class='ocrx_word' id='word_1_30' title='bbox 1458 432 1702 477; x_wconf 86' lang='lat' dir='ltr'>exhibuisse‚</span> <span class='ocrx_word' id='word_1_31' title='bbox 1723 433 1841 472; x_wconf 90' lang='lat' dir='ltr'>lubet</span> <span class='ocrx_word' id='word_1_32' title='bbox 1861 435 1984 472; x_wconf 90' lang='lat' dir='ltr'>breui</span> 
     </span>
     <span class='ocr_line' id='line_1_5' title="bbox 347 485 1240 533; baseline -0.007 -5"><span class='ocrx_word' id='word_1_33' title='bbox 347 488 724 527; x_wconf 78' lang='lat' dir='ltr'>Demonstratione</span> <span class='ocrx_word' id='word_1_34' title='bbox 741 486 926 533; x_wconf 92' lang='lat' dir='ltr'>idipsum</span> <span class='ocrx_word' id='word_1_35' title='bbox 942 485 1240 532; x_wconf 88' lang='lat' dir='ltr'>comprobare.</span> 
     </span>
    </p>

    <p class='ocr_par' dir='ltr' id='par_1_3' title="bbox 345 537 2037 798">
     <span class='ocr_line' id='line_1_6' title="bbox 399 537 2037 588; baseline -0.001 -9"><span class='ocrx_word' id='word_1_36' title='bbox 399 544 547 588; x_wconf 89' lang='lat' dir='ltr'>Itaque</span> <span class='ocrx_word' id='word_1_37' title='bbox 569 542 613 577; x_wconf 92' lang='lat' dir='ltr'>in</span> <span class='ocrx_word' id='word_1_38' title='bbox 635 540 836 586; x_wconf 88' lang='lat' dir='ltr'>assignata</span> <span class='ocrx_word' id='word_1_39' title='bbox 857 539 1025 586; x_wconf 85' lang='lat' dir='ltr'>Figura,</span> <span class='ocrx_word' id='word_1_40' title='bbox 1046 538 1118 575; x_wconf 91' lang='lat' dir='ltr'>vbi</span> <span class='ocrx_word' id='word_1_41' title='bbox 1138 537 1359 576; x_wconf 89' lang='lat' dir='ltr'><strong>GDBAF</strong></span> <span class='ocrx_word' id='word_1_42' title='bbox 1376 538 1578 576; x_wconf 87' lang='lat' dir='ltr'>Circulus</span> <span class='ocrx_word' id='word_1_43' title='bbox 1599 539 1900 578; x_wconf 89' lang='lat' dir='ltr'>Meridianum</span> <span class='ocrx_word' id='word_1_44' title='bbox 1920 552 1983 578; x_wconf 91' lang='lat' dir='ltr'>re·</span> <span class='ocrx_word' id='word_1_45' title='bbox 2022 554 2037 578; x_wconf 89' lang='lat'><strong>5</strong></span> 
     </span>
     <span class='ocr_line' id='line_1_7' title="bbox 346 590 1983 642; baseline -0.001 -9"><span class='ocrx_word' id='word_1_46' title='bbox 346 595 583 642; x_wconf 81' lang='lat' dir='ltr'>praesentat,</span> <span class='ocrx_word' id='word_1_47' title='bbox 601 593 684 629; x_wconf 90' lang='lat' dir='ltr'>DE</span> <span class='ocrx_word' id='word_1_48' title='bbox 700 592 999 638; x_wconf 88' lang='lat' dir='ltr'>AEquatorem,</span> <span class='ocrx_word' id='word_1_49' title='bbox 1017 593 1140 628; x_wconf 91' lang='lat' dir='ltr'>cuius</span> <span class='ocrx_word' id='word_1_50' title='bbox 1156 590 1287 628; x_wconf 88' lang='lat' dir='ltr'>Polus</span> <span class='ocrx_word' id='word_1_51' title='bbox 1302 593 1348 628; x_wconf 91' lang='lat' dir='ltr'>in</span> <span class='ocrx_word' id='word_1_52' title='bbox 1363 592 1417 634; x_wconf 87' lang='lat' dir='ltr'>A,</span> <span class='ocrx_word' id='word_1_53' title='bbox 1435 590 1560 629; x_wconf 90' lang='lat' dir='ltr'>GEF</span> <span class='ocrx_word' id='word_1_54' title='bbox 1575 591 1867 631; x_wconf 90' lang='lat' dir='ltr'>Horizontem</span> <span class='ocrx_word' id='word_1_55' title='bbox 1883 605 1983 631; x_wconf 91' lang='lat' dir='ltr'>cum</span> 
     </span>
     <span class='ocr_line' id='line_1_8' title="bbox 346 643 1984 691; baseline -0.001 -6"><span class='ocrx_word' id='word_1_56' title='bbox 346 649 420 686; x_wconf 83' lang='lat' dir='ltr'>suo</span> <span class='ocrx_word' id='word_1_57' title='bbox 433 647 536 685; x_wconf 88' lang='lat' dir='ltr'>Polo</span> <span class='ocrx_word' id='word_1_58' title='bbox 550 649 593 683; x_wconf 90' lang='lat' dir='ltr'>in</span> <span class='ocrx_word' id='word_1_59' title='bbox 606 646 652 687; x_wconf 82' lang='grc' dir='ltr'>Β,</span> <span class='ocrx_word' id='word_1_60' title='bbox 669 645 714 682; x_wconf 89' lang='lat' dir='ltr'>fit</span> <span class='ocrx_word' id='word_1_61' title='bbox 731 645 785 682; x_wconf 87' lang='lat' dir='ltr'>ad</span> <span class='ocrx_word' id='word_1_62' title='bbox 802 646 990 691; x_wconf 87' lang='lat' dir='ltr'>primam</span> <span class='ocrx_word' id='word_1_63' title='bbox 1003 643 1366 682; x_wconf 84' lang='lat' dir='ltr'>obseruationem</span> <span class='ocrx_word' id='word_1_64' title='bbox 1377 644 1519 682; x_wconf 92' lang='lat' dir='ltr'>Locus</span> <span class='ocrx_word' id='word_1_65' title='bbox 1532 644 1730 683; x_wconf 82' lang='lat' dir='ltr'>Cometae</span> <span class='ocrx_word' id='word_1_66' title='bbox 1742 648 1788 683; x_wconf 88' lang='lat' dir='ltr'>in</span> <span class='ocrx_word' id='word_1_67' title='bbox 1801 646 1849 684; x_wconf 91' lang='lat' dir='ltr'>C.</span> <span class='ocrx_word' id='word_1_68' title='bbox 1867 646 1984 684; x_wconf 91' lang='lat' dir='ltr'>Cum</span> 
     </span>
     <span class='ocr_line' id='line_1_9' title="bbox 345 697 1983 748; baseline -0.001 -10"><span class='ocrx_word' id='word_1_69' title='bbox 345 704 470 748; x_wconf 88' lang='lat' dir='ltr'>igitur</span> <span class='ocrx_word' id='word_1_70' title='bbox 479 702 524 737; x_wconf 93' lang='lat' dir='ltr'>in</span> <span class='ocrx_word' id='word_1_71' title='bbox 533 697 771 745; x_wconf 87' lang='lat' dir='ltr'>Triangulo</span> <span class='ocrx_word' id='word_1_72' title='bbox 782 697 866 735; x_wconf 88' lang='lat' dir='ltr'>CA</span> <span class='ocrx_word' id='word_1_73' title='bbox 874 697 908 734; x_wconf 90' lang='grc' dir='ltr'><strong>Β</strong></span> <span class='ocrx_word' id='word_1_74' title='bbox 918 697 1074 735; x_wconf 85' lang='lat' dir='ltr'>dentur</span> <span class='ocrx_word' id='word_1_75' title='bbox 1083 697 1171 734; x_wconf 93' lang='lat' dir='ltr'>duo</span> <span class='ocrx_word' id='word_1_76' title='bbox 1181 697 1350 740; x_wconf 83' lang='lat' dir='ltr'>Latera,</span> <span class='ocrx_word' id='word_1_77' title='bbox 1360 697 1438 734; x_wconf 85' lang='lat' dir='ltr'>BA</span> <span class='ocrx_word' id='word_1_78' title='bbox 1449 697 1819 744; x_wconf 89' lang='lat' dir='ltr'>complementum</span> <span class='ocrx_word' id='word_1_79' title='bbox 1828 699 1983 737; x_wconf 89' lang='lat' dir='ltr'>Eleua-</span> 
     </span>
     <span class='ocr_line' id='line_1_10' title="bbox 345 749 1983 798; baseline 0 -7"><span class='ocrx_word' id='word_1_80' title='bbox 345 756 474 791; x_wconf 88' lang='lat' dir='ltr'>tionis</span> <span class='ocrx_word' id='word_1_81' title='bbox 486 753 578 790; x_wconf 91' lang='lat' dir='ltr'>Poli</span> <span class='ocrx_word' id='word_1_82' title='bbox 590 751 738 798; x_wconf 87' lang='lat' dir='ltr'>Pragae</span> <span class='ocrx_word' id='word_1_83' title='bbox 754 750 870 797; x_wconf 90' lang='lat' dir='ltr'>grad.</span> <span class='ocrx_word' id='word_1_84' title='bbox 883 750 945 788; x_wconf 85' lang='lat'><strong>39.</strong></span> <span class='ocrx_word' id='word_1_85' title='bbox 957 752 1061 787; x_wconf 91' lang='lat' dir='ltr'>min.</span> <span class='ocrx_word' id='word_1_86' title='bbox 1074 750 1137 793; x_wconf 89' lang='lat'>53,</span> <span class='ocrx_word' id='word_1_87' title='bbox 1154 749 1191 787; x_wconf 90' lang='lat' dir='ltr'>C</span> <span class='ocrx_word' id='word_1_88' title='bbox 1200 750 1233 787; x_wconf 87' lang='lat' dir='ltr'>B</span> <span class='ocrx_word' id='word_1_89' title='bbox 1250 749 1622 797; x_wconf 90' lang='lat' dir='ltr'>complementum</span> <span class='ocrx_word' id='word_1_90' title='bbox 1633 750 1886 790; x_wconf 86' lang='lat' dir='ltr'>Altitudinis</span> <span class='ocrx_word' id='word_1_91' title='bbox 1899 753 1983 791; x_wconf 92' lang='lat' dir='ltr'>Co-</span> 
     </span>
    </p>
   </div>
   <div class='ocr_carea' id='block_1_3' title="bbox 615 808 1717 1882">
    <p class='ocr_par' dir='ltr' id='par_1_4' title="bbox 615 808 1717 1882">
     <span class='ocr_line' id='line_1_11' title="bbox 615 808 1717 1882; baseline 0 0"><span class='ocrx_word' id='word_1_92' title='bbox 615 808 1717 1882; x_wconf 95' lang='lat' dir='ltr'> </span> 
     </span>
    </p>
   </div>
   <div class='ocr_carea' id='block_1_4' title="bbox 344 1919 2072 2605">
    <p class='ocr_par' dir='ltr' id='par_1_5' title="bbox 344 1919 2072 2605">
     <span class='ocr_line' id='line_1_12' title="bbox 344 1919 2072 1973; baseline 0.001 -16"><span class='ocrx_word' id='word_1_93' title='bbox 344 1927 471 1958; x_wconf 87' lang='lat' dir='ltr'>metae</span> <span class='ocrx_word' id='word_1_94' title='bbox 484 1923 528 1958; x_wconf 91' lang='lat' dir='ltr'>in</span> <span class='ocrx_word' id='word_1_95' title='bbox 541 1921 651 1961; x_wconf 59' lang='lat' dir='ltr'>dicia</span> <span class='ocrx_word' id='word_1_96' title='bbox 664 1923 990 1966; x_wconf 80' lang='lat' dir='ltr'>obseruatione,</span> <span class='ocrx_word' id='word_1_97' title='bbox 1003 1923 1046 1960; x_wconf 93' lang='lat' dir='ltr'>P.</span> <span class='ocrx_word' id='word_1_98' title='bbox 1055 1923 1116 1961; x_wconf 88' lang='lat'>50.</span> <span class='ocrx_word' id='word_1_99' title='bbox 1128 1919 1142 1973; x_wconf 93' lang='grc' dir='ltr'>ΙΙ</span> <span class='ocrx_word' id='word_1_100' title='bbox 1153 1923 1287 1967; x_wconf 91' lang='lat' dir='ltr'><strong>M.30,</strong></span> <span class='ocrx_word' id='word_1_101' title='bbox 1300 1922 1338 1960; x_wconf 87' lang='lat'>&amp;</span> <span class='ocrx_word' id='word_1_102' title='bbox 1350 1923 1552 1970; x_wconf 83' lang='lat' dir='ltr'>Angulus</span> <span class='ocrx_word' id='word_1_103' title='bbox 1566 1922 1634 1960; x_wconf 90' lang='lat' dir='ltr'>his</span> <span class='ocrx_word' id='word_1_104' title='bbox 1646 1921 1984 1969; x_wconf 88' lang='lat' dir='ltr'>comprehensus</span> <span class='ocrx_word' id='word_1_105' title='bbox 2008 1927 2072 1958; x_wconf 89' lang='lat'>347</span> 
     </span>
     <span class='ocr_line' id='line_1_13' title="bbox 345 1975 1982 2023; baseline 0.001 -13"><span class='ocrx_word' id='word_1_106' title='bbox 345 1985 398 2010; x_wconf 86' lang='lat' dir='ltr'>ex</span> <span class='ocrx_word' id='word_1_107' title='bbox 419 1975 739 2021; x_wconf 90' lang='lat' dir='ltr'>complemento</span> <span class='ocrx_word' id='word_1_108' title='bbox 760 1976 987 2014; x_wconf 89' lang='lat' dir='ltr'>Azimuthi</span> <span class='ocrx_word' id='word_1_109' title='bbox 1007 1978 1135 2023; x_wconf 89' lang='lat' dir='ltr'>primi</span> <span class='ocrx_word' id='word_1_110' title='bbox 1156 1976 1212 2014; x_wconf 94' lang='lat' dir='ltr'>ad</span> <span class='ocrx_word' id='word_1_111' title='bbox 1233 1975 1565 2014; x_wconf 91' lang='lat' dir='ltr'>Semicirculum</span> <span class='ocrx_word' id='word_1_112' title='bbox 1587 1975 1744 2013; x_wconf 89' lang='lat' dir='ltr'>constet</span> <span class='ocrx_word' id='word_1_113' title='bbox 1764 1975 1880 2023; x_wconf 88' lang='lat' dir='ltr'>grad.</span> <span class='ocrx_word' id='word_1_114' title='bbox 1902 1975 1982 2012; x_wconf 86' lang='lat'><strong>149.</strong></span> 
     </span>
     <span class='ocr_line' id='line_1_14' title="bbox 345 2027 1982 2076; baseline 0.001 -13"><span class='ocrx_word' id='word_1_115' title='bbox 345 2029 448 2063; x_wconf 91' lang='lat' dir='ltr'>min.</span> <span class='ocrx_word' id='word_1_116' title='bbox 465 2027 501 2071; x_wconf 94' lang='lat' dir='ltr'>O,</span> <span class='ocrx_word' id='word_1_117' title='bbox 519 2030 596 2065; x_wconf 89' lang='lat' dir='ltr'>erit</span> <span class='ocrx_word' id='word_1_118' title='bbox 612 2031 785 2066; x_wconf 90' lang='lat' dir='ltr'>tertium</span> <span class='ocrx_word' id='word_1_119' title='bbox 802 2029 934 2067; x_wconf 90' lang='lat' dir='ltr'>Latus</span> <span class='ocrx_word' id='word_1_120' title='bbox 951 2029 1035 2067; x_wconf 86' lang='lat' dir='ltr'>CA</span> <span class='ocrx_word' id='word_1_121' title='bbox 1053 2029 1424 2076; x_wconf 90' lang='lat' dir='ltr'>complementum</span> <span class='ocrx_word' id='word_1_122' title='bbox 1440 2029 1758 2067; x_wconf 92' lang='lat' dir='ltr'>Declinationis</span> <span class='ocrx_word' id='word_1_123' title='bbox 1773 2028 1982 2070; x_wconf 86' lang='lat' dir='ltr'>Cometae,</span> 
     </span>
     <span class='ocr_line' id='line_1_15' title="bbox 346 2079 1984 2130; baseline 0.001 -14"><span class='ocrx_word' id='word_1_124' title='bbox 346 2079 387 2116; x_wconf 88' lang='grc' dir='ltr'>Ρ.</span> <span class='ocrx_word' id='word_1_125' title='bbox 405 2079 466 2117; x_wconf 82' lang='grc'>86.</span> <span class='ocrx_word' id='word_1_126' title='bbox 485 2080 547 2117; x_wconf 89' lang='grc' dir='ltr'>Μ.</span> <span class='ocrx_word' id='word_1_127' title='bbox 564 2081 627 2125; x_wconf 85' lang='grc'>20,</span> <span class='ocrx_word' id='word_1_128' title='bbox 652 2081 689 2118; x_wconf 89' lang='grc'>8(</span> <span class='ocrx_word' id='word_1_129' title='bbox 712 2082 867 2120; x_wconf 92' lang='lat' dir='ltr'>deinde</span> <span class='ocrx_word' id='word_1_130' title='bbox 891 2084 935 2119; x_wconf 91' lang='lat' dir='ltr'>in</span> <span class='ocrx_word' id='word_1_131' title='bbox 959 2082 1115 2120; x_wconf 90' lang='lat' dir='ltr'>eodem</span> <span class='ocrx_word' id='word_1_132' title='bbox 1135 2082 1387 2130; x_wconf 88' lang='lat' dir='ltr'>Triangulo,</span> <span class='ocrx_word' id='word_1_133' title='bbox 1412 2093 1465 2119; x_wconf 85' lang='lat' dir='ltr'>ex</span> <span class='ocrx_word' id='word_1_134' title='bbox 1487 2082 1622 2119; x_wconf 90' lang='lat' dir='ltr'>tribus</span> <span class='ocrx_word' id='word_1_135' title='bbox 1646 2082 1872 2119; x_wconf 90' lang='lat' dir='ltr'>Lateribus</span> <span class='ocrx_word' id='word_1_136' title='bbox 1894 2083 1984 2118; x_wconf 88' lang='lat' dir='ltr'>iam</span> 
     </span>
     <span class='ocr_line' id='line_1_16' title="bbox 346 2134 1984 2182; baseline 0.001 -13"><span class='ocrx_word' id='word_1_137' title='bbox 346 2135 537 2179; x_wconf 85' lang='lat' dir='ltr'>cognitis,</span> <span class='ocrx_word' id='word_1_138' title='bbox 550 2134 782 2172; x_wconf 82' lang='lat' dir='ltr'>innotescet</span> <span class='ocrx_word' id='word_1_139' title='bbox 792 2135 993 2182; x_wconf 85' lang='lat' dir='ltr'>Angulus</span> <span class='ocrx_word' id='word_1_140' title='bbox 1002 2135 1133 2179; x_wconf 73' lang='grc' dir='ltr'>ΒΑΕ,</span> <span class='ocrx_word' id='word_1_141' title='bbox 1145 2135 1200 2173; x_wconf 90' lang='lat' dir='ltr'>G.</span> <span class='ocrx_word' id='word_1_142' title='bbox 1208 2135 1271 2173; x_wconf 88' lang='lat'><strong>23.</strong></span> <span class='ocrx_word' id='word_1_143' title='bbox 1280 2135 1343 2173; x_wconf 91' lang='lat' dir='ltr'>M.</span> <span class='ocrx_word' id='word_1_144' title='bbox 1351 2135 1414 2179; x_wconf 87' lang='grc'>28,</span> <span class='ocrx_word' id='word_1_145' title='bbox 1424 2135 1668 2173; x_wconf 84' lang='lat' dir='ltr'>distantiam</span> <span class='ocrx_word' id='word_1_146' title='bbox 1677 2135 1984 2181; x_wconf 85' lang='lat' dir='ltr'>AEquatoriam</span> 
     </span>
     <span class='ocr_line' id='line_1_17' title="bbox 347 2185 2054 2234; baseline 0 -12"><span class='ocrx_word' id='word_1_147' title='bbox 347 2185 543 2223; x_wconf 84' lang='lat' dir='ltr'>Cometae</span> <span class='ocrx_word' id='word_1_148' title='bbox 555 2198 581 2224; x_wconf 90' lang='lat' dir='ltr'>a</span> <span class='ocrx_word' id='word_1_149' title='bbox 593 2187 744 2224; x_wconf 93' lang='lat' dir='ltr'>Medio</span> <span class='ocrx_word' id='word_1_150' title='bbox 758 2187 873 2225; x_wconf 90' lang='lat' dir='ltr'>Coeli</span> <span class='ocrx_word' id='word_1_151' title='bbox 889 2188 1214 2234; x_wconf 77' lang='lat' dir='ltr'>repraesentans.</span> <span class='ocrx_word' id='word_1_152' title='bbox 1233 2188 1350 2234; x_wconf 88' lang='lat' dir='ltr'>Quia</span> <span class='ocrx_word' id='word_1_153' title='bbox 1361 2200 1466 2226; x_wconf 93' lang='lat' dir='ltr'>vero</span> <span class='ocrx_word' id='word_1_154' title='bbox 1478 2188 1618 2226; x_wconf 88' lang='lat' dir='ltr'>Locus</span> <span class='ocrx_word' id='word_1_155' title='bbox 1631 2187 1755 2231; x_wconf 90' lang='lat' dir='ltr'>Solis,</span> <span class='ocrx_word' id='word_1_156' title='bbox 1773 2199 1826 2224; x_wconf 84' lang='lat' dir='ltr'>ex</span> <span class='ocrx_word' id='word_1_157' title='bbox 1842 2186 1984 2224; x_wconf 82' lang='lat' dir='ltr'>nostra</span> <span class='ocrx_word' id='word_1_158' title='bbox 2024 2198 2054 2222; x_wconf 84' lang='lat'>15</span> 
     </span>
     <span class='ocr_line' id='line_1_18' title="bbox 346 2238 1984 2288; baseline 0.001 -14"><span class='ocrx_word' id='word_1_159' title='bbox 346 2238 607 2276; x_wconf 81' lang='lat' dir='ltr'>restitutione</span> <span class='ocrx_word' id='word_1_160' title='bbox 629 2242 673 2277; x_wconf 89' lang='lat' dir='ltr'>in</span> <span class='ocrx_word' id='word_1_161' title='bbox 695 2242 788 2277; x_wconf 89' lang='lat' dir='ltr'>eius</span> <span class='ocrx_word' id='word_1_162' title='bbox 808 2246 942 2284; x_wconf 90' lang='lat' dir='ltr'>motu,</span> <span class='ocrx_word' id='word_1_163' title='bbox 964 2242 1019 2279; x_wconf 90' lang='lat' dir='ltr'>ad</span> <span class='ocrx_word' id='word_1_164' title='bbox 1036 2241 1093 2279; x_wconf 91' lang='lat' dir='ltr'>H.</span> <span class='ocrx_word' id='word_1_165' title='bbox 1111 2242 1134 2279; x_wconf 88' lang='grc'>5</span> <span class='ocrx_word' id='word_1_166' title='bbox 1151 2253 1177 2279; x_wconf 91' lang='lat' dir='ltr'>a</span> <span class='ocrx_word' id='word_1_167' title='bbox 1193 2241 1381 2279; x_wconf 89' lang='lat' dir='ltr'>Meridie</span> <span class='ocrx_word' id='word_1_168' title='bbox 1398 2243 1492 2278; x_wconf 90' lang='lat' dir='ltr'>eius</span> <span class='ocrx_word' id='word_1_169' title='bbox 1508 2241 1593 2279; x_wconf 92' lang='lat' dir='ltr'>diei</span> <span class='ocrx_word' id='word_1_170' title='bbox 1610 2240 1883 2288; x_wconf 91' lang='lat' dir='ltr'>completam,</span> <span class='ocrx_word' id='word_1_171' title='bbox 1904 2239 1984 2277; x_wconf 85' lang='lat' dir='ltr'>fuit</span> 
     </span>
     <span class='ocr_line' id='line_1_19' title="bbox 347 2291 1981 2342; baseline 0.001 -15"><span class='ocrx_word' id='word_1_172' title='bbox 347 2291 406 2336; x_wconf 89' lang='lat' dir='ltr'>(vt</span> <span class='ocrx_word' id='word_1_173' title='bbox 422 2293 541 2338; x_wconf 89' lang='lat' dir='ltr'>prius</span> <span class='ocrx_word' id='word_1_174' title='bbox 558 2292 663 2338; x_wconf 85' lang='lat' dir='ltr'>dixi)</span> <span class='ocrx_word' id='word_1_175' title='bbox 680 2295 725 2330; x_wconf 89' lang='lat' dir='ltr'>in</span> <span class='ocrx_word' id='word_1_176' title='bbox 740 2293 781 2330; x_wconf 91' lang='lat' dir='ltr'>P.</span> <span class='ocrx_word' id='word_1_177' title='bbox 794 2294 846 2331; x_wconf 90' lang='lat'>14.</span> <span class='ocrx_word' id='word_1_178' title='bbox 861 2294 923 2331; x_wconf 92' lang='lat' dir='ltr'>M.</span> <span class='ocrx_word' id='word_1_179' title='bbox 936 2294 1008 2333; x_wconf 49' lang='lat'>283</span> <span class='ocrx_word' id='word_1_180' title='bbox 1026 2298 1082 2338; x_wconf 58' lang='lat' dir='ltr'>if,</span> <span class='ocrx_word' id='word_1_181' title='bbox 1100 2300 1190 2332; x_wconf 84' lang='lat' dir='ltr'>erat</span> <span class='ocrx_word' id='word_1_182' title='bbox 1206 2294 1335 2342; x_wconf 88' lang='lat' dir='ltr'>ipfius</span> <span class='ocrx_word' id='word_1_183' title='bbox 1347 2293 1548 2331; x_wconf 89' lang='lat' dir='ltr'>Ascenfio</span> <span class='ocrx_word' id='word_1_184' title='bbox 1560 2293 1688 2332; x_wconf 65' lang='lat' dir='ltr'>Recta</span> <span class='ocrx_word' id='word_1_185' title='bbox 1701 2293 1755 2331; x_wconf 91' lang='lat' dir='ltr'>G.</span> <span class='ocrx_word' id='word_1_186' title='bbox 1768 2293 1857 2331; x_wconf 85' lang='lat'><strong>253.</strong></span> <span class='ocrx_word' id='word_1_187' title='bbox 1870 2292 1933 2330; x_wconf 94' lang='lat' dir='ltr'><strong>M.</strong></span> <span class='ocrx_word' id='word_1_188' title='bbox 1946 2292 1981 2330; x_wconf 85' lang='lat'><strong>9.</strong></span> 
     </span>
     <span class='ocr_line' id='line_1_20' title="bbox 347 2343 1982 2394; baseline 0.001 -14"><span class='ocrx_word' id='word_1_189' title='bbox 347 2343 537 2390; x_wconf 89' lang='lat' dir='ltr'>Ideoque</span> <span class='ocrx_word' id='word_1_190' title='bbox 550 2345 686 2382; x_wconf 89' lang='lat' dir='ltr'>Horis</span> <span class='ocrx_word' id='word_1_191' title='bbox 698 2357 724 2383; x_wconf 90' lang='lat' dir='ltr'>a</span> <span class='ocrx_word' id='word_1_192' title='bbox 736 2346 922 2384; x_wconf 91' lang='lat' dir='ltr'>Meridie</span> <span class='ocrx_word' id='word_1_193' title='bbox 939 2347 962 2384; x_wconf 93' lang='lat'><strong>5</strong></span> <span class='ocrx_word' id='word_1_194' title='bbox 979 2347 1238 2385; x_wconf 78' lang='lat' dir='ltr'>addentibus</span> <span class='ocrx_word' id='word_1_195' title='bbox 1254 2347 1413 2394; x_wconf 88' lang='lat' dir='ltr'>gradus</span> <span class='ocrx_word' id='word_1_196' title='bbox 1428 2347 1491 2391; x_wconf 90' lang='lat'>75,</span> <span class='ocrx_word' id='word_1_197' title='bbox 1508 2346 1587 2384; x_wconf 90' lang='lat' dir='ltr'>fuit</span> <span class='ocrx_word' id='word_1_198' title='bbox 1603 2358 1655 2384; x_wconf 92' lang='lat' dir='ltr'>eo</span> <span class='ocrx_word' id='word_1_199' title='bbox 1671 2351 1896 2383; x_wconf 87' lang='lat' dir='ltr'>momento</span> <span class='ocrx_word' id='word_1_200' title='bbox 1908 2345 1982 2382; x_wconf 90' lang='lat' dir='ltr'>As-</span> 
     </span>
     <span class='ocr_line' id='line_1_21' title="bbox 347 2396 1983 2446; baseline 0.001 -13"><span class='ocrx_word' id='word_1_201' title='bbox 347 2396 487 2434; x_wconf 86' lang='lat' dir='ltr'>cenfio</span> <span class='ocrx_word' id='word_1_202' title='bbox 509 2397 636 2436; x_wconf 69' lang='lat' dir='ltr'>Recla</span> <span class='ocrx_word' id='word_1_203' title='bbox 656 2398 792 2446; x_wconf 89' lang='lat' dir='ltr'>Medij</span> <span class='ocrx_word' id='word_1_204' title='bbox 812 2399 927 2437; x_wconf 87' lang='lat' dir='ltr'>Coeli</span> <span class='ocrx_word' id='word_1_205' title='bbox 947 2406 1053 2446; x_wconf 89' lang='lat' dir='ltr'>part.</span> <span class='ocrx_word' id='word_1_206' title='bbox 1070 2400 1159 2438; x_wconf 86' lang='lat'><strong>328.</strong></span> <span class='ocrx_word' id='word_1_207' title='bbox 1176 2402 1280 2437; x_wconf 92' lang='lat' dir='ltr'>min.</span> <span class='ocrx_word' id='word_1_208' title='bbox 1296 2396 1333 2438; x_wconf 65' lang='lat'><strong>9.</strong></span> <span class='ocrx_word' id='word_1_209' title='bbox 1355 2400 1473 2437; x_wconf 91' lang='lat' dir='ltr'>Hinc</span> <span class='ocrx_word' id='word_1_210' title='bbox 1493 2399 1523 2437; x_wconf 89' lang='lat' dir='ltr'><strong>fi</strong></span> <span class='ocrx_word' id='word_1_211' title='bbox 1543 2399 1766 2437; x_wconf 87' lang='lat' dir='ltr'>auferatur</span> <span class='ocrx_word' id='word_1_212' title='bbox 1781 2398 1983 2445; x_wconf 87' lang='lat' dir='ltr'>Angulus</span> 
     </span>
     <span class='ocr_line' id='line_1_22' title="bbox 347 2451 2054 2496; baseline 0 -10"><span class='ocrx_word' id='word_1_213' title='bbox 347 2451 466 2496; x_wconf 89' lang='lat' dir='ltr'>prius</span> <span class='ocrx_word' id='word_1_214' title='bbox 489 2452 707 2492; x_wconf 87' lang='lat' dir='ltr'>inuentus,</span> <span class='ocrx_word' id='word_1_215' title='bbox 731 2451 973 2490; x_wconf 80' lang='lat' dir='ltr'>distantiam</span> <span class='ocrx_word' id='word_1_216' title='bbox 996 2453 1194 2490; x_wconf 91' lang='lat' dir='ltr'>videlicet</span> <span class='ocrx_word' id='word_1_217' title='bbox 1215 2453 1412 2491; x_wconf 90' lang='lat' dir='ltr'>Cometae</span> <span class='ocrx_word' id='word_1_218' title='bbox 1435 2464 1462 2490; x_wconf 92' lang='lat' dir='ltr'>a</span> <span class='ocrx_word' id='word_1_219' title='bbox 1485 2452 1737 2490; x_wconf 88' lang='lat' dir='ltr'>Meridiano</span> <span class='ocrx_word' id='word_1_220' title='bbox 1760 2451 1982 2494; x_wconf 85' lang='lat' dir='ltr'>exhibens,</span> <span class='ocrx_word' id='word_1_221' title='bbox 2021 2462 2054 2486; x_wconf 86' lang='lat'>20</span> 
     </span>
     <span class='ocr_line' id='line_1_23' title="bbox 347 2503 1983 2551; baseline 0.001 -12"><span class='ocrx_word' id='word_1_222' title='bbox 347 2505 548 2549; x_wconf 90' lang='lat' dir='ltr'>prouenit</span> <span class='ocrx_word' id='word_1_223' title='bbox 565 2503 693 2551; x_wconf 81' lang='lat' dir='ltr'>ipsius</span> <span class='ocrx_word' id='word_1_224' title='bbox 706 2504 906 2542; x_wconf 83' lang='lat' dir='ltr'>Ascenfio</span> <span class='ocrx_word' id='word_1_225' title='bbox 919 2504 1046 2544; x_wconf 70' lang='lat' dir='ltr'>Recta</span> <span class='ocrx_word' id='word_1_226' title='bbox 1058 2506 1100 2543; x_wconf 84' lang='lat' dir='ltr'><strong>P.</strong></span> <span class='ocrx_word' id='word_1_227' title='bbox 1113 2506 1202 2543; x_wconf 88' lang='lat'><strong>304.</strong></span> <span class='ocrx_word' id='word_1_228' title='bbox 1216 2506 1278 2544; x_wconf 92' lang='lat' dir='ltr'><strong>M.</strong></span> <span class='ocrx_word' id='word_1_229' title='bbox 1291 2507 1344 2549; x_wconf 89' lang='lat'>41,</span> <span class='ocrx_word' id='word_1_230' title='bbox 1362 2505 1668 2543; x_wconf 83' lang='lat' dir='ltr'>Declinatione</span> <span class='ocrx_word' id='word_1_231' title='bbox 1681 2507 1786 2548; x_wconf 90' lang='lat' dir='ltr'>eius,</span> <span class='ocrx_word' id='word_1_232' title='bbox 1804 2516 1857 2542; x_wconf 84' lang='lat' dir='ltr'>ex</span> <span class='ocrx_word' id='word_1_233' title='bbox 1869 2516 1983 2542; x_wconf 93' lang='lat' dir='ltr'>com-</span> 
     </span>
     <span class='ocr_line' id='line_1_24' title="bbox 1749 2557 1969 2605; baseline 0 -10"><span class='ocrx_word' id='word_1_234' title='bbox 1749 2557 1969 2605; x_wconf 89' lang='lat' dir='ltr'>plemento</span> 
     </span>
    </p>
   </div>
  </div>
 </body>
</html>
