2209 3213
104 1973 161 2005 111

121 2244 151 2270 15

117 2509 150 2535 20

508 218 1032 260 RECENTIORIBUS
1052 219 1511 259 PHAENOMENIS
1783 219 1833 257 97

190 334 276 370 que
298 323 431 361 Latus
453 323 536 361 AB
559 330 737 364 maneat
760 326 802 364 P.
824 327 887 365 34.
910 328 972 366 M.
992 328 1028 372 7,
1053 327 1090 365 &
1113 327 1201 365 AK
1223 326 1269 364 fit
1291 327 1334 364 P.
1351 326 1413 365 89.
1431 326 1494 363 M.
1512 326 1548 369 0,
1572 337 1625 363 ex
1646 324 1834 372 comple-

189 381 339 414 mento
356 375 675 416 Declinationis
691 379 746 417 ad
762 379 878 418 hanc
894 381 1069 419 Horam
1084 380 1332 423 verificatae,
1350 381 1428 417 erit
1444 379 1577 417 Latus
1593 378 1687 422 ΒΚ,
1709 378 1752 415 Ρ.
1769 378 1833 416 82.

190 429 254 467 Μ.
266 429 319 467 12.
337 428 616 477 Quapropter
632 433 1004 479 complementum
1020 435 1126 478 eius,
1142 433 1342 471 videlicet
1353 432 1456 477 KN,
1474 432 1516 470 P.
1528 432 1564 470 7.
1578 431 1641 469 M.
1653 431 1717 475 48,
1734 442 1834 478 quae

190 482 279 520 duo
294 483 559 529 inquirenda
574 485 892 532 proposuimus.

189 1656 300 1695 PRO
316 1655 652 1694 PARALLAXI
669 1655 732 1693 IN
747 1655 1009 1694 CIRCULO
1022 1655 1335 1694 VERTICALI
1351 1656 1736 1704 INQUIRENDA
1750 1659 1836 1697 AD

233 1718 572 1765 VTRAMQUE
589 1717 911 1756 INUENTAM
928 1717 1366 1762 ALTITUDINEM,
1383 1718 1431 1757 SI
1449 1720 1789 1759 STATUATUR

513 1779 760 1818 COMETA
776 1779 840 1817 IN
857 1779 1075 1817 INFIMA
1092 1779 1517 1820 CONCAUITATE

736 1841 1002 1880 SPHAERAE
1019 1842 1289 1881 LUNARIS.

262 1913 304 1951 D
321 1912 402 1951 has
418 1914 622 1951 inuentas
635 1912 913 1957 Altitudines‚
929 1917 973 1950 vt
989 1912 1229 1951 Parallaxis
1244 1916 1437 1961 primum
1453 1917 1499 1953 in
1516 1915 1694 1954 Circulo
1710 1917 1836 1953 verti-

306 1966 388 2004 cali
408 1966 697 2014 inuestigetur,
718 1965 952 2013 descriptus
968 1968 1116 2004 veniat
1135 1968 1181 2004 in
1201 1979 1377 2006 annexa
1393 1968 1551 2016 Figura
1567 1965 1582 2019 ΙΙ
1599 1968 1836 2015 Quadrans

189 2018 354 2057 Circuli
369 2019 626 2057 Altitudinis
642 2019 827 2063 BCDE,
848 2021 1048 2066 proxime
1068 2019 1182 2058 infra
1198 2023 1520 2059 concauitatem
1537 2022 1667 2060 Orbis
1683 2022 1835 2066 Lunae,

187 2071 436 2120 supremam
461 2075 662 2110 omnium
688 2072 1030 2117 Elementorum,
1056 2075 1182 2111 cuius
1207 2079 1405 2112 centrum
1430 2074 1476 2113 fit
1499 2076 1552 2120 A,
1579 2077 1692 2113 circa
1717 2075 1835 2122 quod

188 2127 320 2163 etiam
336 2125 580 2174 defignatur
596 2125 945 2164 circumferentia
955 2125 1103 2164 Terrae
1120 2126 1236 2170 FIK,
1253 2127 1556 2175 ducanturque
1573 2128 1629 2166 ad
1645 2129 1677 2166 F
1692 2128 1835 2176 super-

187 2177 332 2217 ficiem
346 2178 508 2223 Terrae,
530 2179 568 2217 ἀ
588 2179 629 2216 Α
649 2179 875 2223 Centrum,
897 2190 950 2217 ex
972 2179 1009 2217 C
1030 2179 1068 2217 &
1089 2179 1130 2217 D
1151 2179 1281 2218 lineae
1301 2180 1440 2219 rec‘tae.
1464 2181 1746 2220 Manifestum
1767 2181 1834 2226 est,

188 2232 307 2278 quod
322 2232 525 2280 Angulus
541 2232 596 2270 ad
614 2232 663 2276 C,
684 2234 876 2280 priorem
892 2232 1142 2270 Parallaxin
1163 2235 1208 2271 in
1225 2233 1403 2272 Circulo
1419 2235 1686 2279 Altitudinis,
1708 2235 1763 2273 ad
1780 2235 1835 2279 D,

187 2284 467 2331 posteriorem
488 2285 757 2330 determinet,
779 2287 855 2333 qui
876 2285 964 2323 duo
981 2290 1024 2323 vt
1044 2288 1335 2333 inquirantur,
1356 2288 1623 2335 producatur
1643 2290 1835 2335 primum

188 2337 277 2383 CF,
294 2338 433 2376 donec
450 2350 503 2376 ex
514 2339 555 2376 A
566 2338 643 2386 ipsi
658 2338 1030 2386 perpendicularis
1047 2345 1244 2378 occurrat
1256 2342 1302 2378 in
1314 2341 1372 2378 H.
1391 2341 1671 2389 Quapropter
1686 2344 1731 2379 in
1742 2341 1834 2378 Tri-

187 2391 351 2439 angulo
367 2392 442 2429 ΡΑ
451 2392 509 2435 H,
532 2403 632 2430 cum
647 2392 850 2440 Angulus
866 2392 1013 2436 AFH,
1034 2392 1081 2430 fit
1096 2393 1281 2440 aequalis
1297 2394 1475 2442 Angulo
1493 2395 1624 2438 CFB.
1646 2394 1834 2442 comple-

186 2449 336 2482 mento
361 2445 618 2483 Altitudinis
642 2447 811 2493 prioris,
836 2450 982 2493 vtpote
1007 2445 1083 2493 ipfi
1108 2447 1433 2495 contrapofitus‚
1459 2448 1502 2485 P.
1519 2448 1582 2486 60.
1604 2447 1668 2485 M.
1685 2448 1770 2491 353,
1797 2447 1835 2484 &

188 2496 321 2535 Latus
338 2497 425 2543 FA,
447 2498 779 2538 Semidiameter
799 2498 948 2537 Terrae
968 2498 1176 2538 statuatur
1196 2502 1387 2548 partium
1408 2501 1556 2539 100000
1578 2501 1638 2548 (vt
1659 2502 1834 2539 maiori-

298 2559 328 2584 13
1753 2554 1834 2591 bus
