2209 3213
132 819 162 844 10

132 1086 162 1110 15

111 1185 176 1217 412

129 1351 163 1377 20

130 1618 163 1644 25

131 1884 165 1910 30

132 2151 165 2176 35

145 2355 166 2386 ,1-

132 2417 166 2442 40

518 217 1042 260 RECENTIORIBUS
1062 215 1521 256 PHAENOMENIS
1768 210 1845 252 327

197 328 381 367 modum
401 326 551 366 Claris.
573 326 715 364 nostro
736 337 837 364 aeuo
858 325 1213 368 Mathematicus,
1235 323 1449 362 PETRVS
1470 321 1742 361 NONNIVS
1764 321 1844 359 Hi-

197 381 370 429 spanus,
391 383 438 418 in
453 380 655 419 Secundo
673 380 802 417 Libro
824 380 876 417 de
892 380 998 416 Arte
1015 378 1281 426 Nauigandi‚
1304 382 1455 415 contra
1471 376 1729 414 Cardanum
1750 386 1845 412 eru-

199 435 284 473 dite
301 433 339 472 &
354 445 456 471 vere
473 433 640 476 disserit;
662 434 737 479 qui
759 434 891 470 etiam
907 434 952 469 in
969 431 1136 469 Libello
1152 431 1204 469 de
1222 430 1510 478 Crepusculis,
1532 429 1700 467 dudum
1717 428 1845 471 edito,

198 488 433 526 Sententiae
444 486 648 524 Alhazen
660 485 698 523 &
710 485 955 523 Vitellionis
968 486 1303 531 quamproxime
1320 484 1403 521 hac
1419 485 1465 520 in
1480 487 1601 530 parte
1617 481 1845 525 subscribit,

198 540 498 579 demonstrans
526 538 818 586 propositione
849 538 901 581 18,
934 537 1151 575 summam
1180 548 1397 584 vaporum
1428 536 1740 574 exaltationem
1770 535 1846 572 esse

198 593 433 632 stadiorum
453 594 618 630 circiter
637 592 732 635 380;
753 591 825 629 vbi
847 593 978 629 etiam
994 590 1184 628 Plinium
1202 590 1357 637 Capite
1378 589 1428 627 23
1449 589 1566 627 Libri
1585 588 1774 627 Secundi
1794 588 1846 625 de

198 647 373 685 Mundo
394 648 472 684 rite
493 645 709 689 emendat,
731 656 819 691 quo
840 646 886 681 in
906 644 1003 681 loco
1024 643 1095 681 ille
1112 644 1402 681 Possidonium
1421 644 1479 680 ait
1498 641 1734 689 prodidisse‚
1755 652 1847 678 non

198 702 345 738 minus
361 699 651 747 quadraginta
667 698 918 736 Stadiorum
932 709 958 734 a
969 696 1105 734 Terra
1116 696 1406 734 Altitudinem
1423 696 1511 739 esse‚
1529 698 1574 733 in
1591 706 1679 742 qua
1695 694 1847 732 nubila

199 765 249 792 ac
264 753 395 790 Venti
411 751 647 799 Nubesque
663 752 940 799 proueniant,
962 750 1063 787 inde
1082 761 1242 797 purum
1259 750 1563 796 liquidumque
1580 748 1618 786 8(
1634 750 1845 795 inpertur-

198 806 311 844 batae
323 806 433 844 lucis
444 806 608 843 Aerem
624 804 695 851 (fic
711 806 830 842 enim
846 803 936 851 ipsa
951 803 1076 850 Plinij
1094 803 1227 840 verba
1243 802 1412 848 sonant)
1430 802 1516 839 illic
1534 800 1750 848 (inquam)
1767 812 1846 848 pro

198 859 341 907 stadijs
350 858 652 906 quadraginta,
664 857 849 905 legenda
861 857 937 895 esse
948 857 1094 903 potius
1107 856 1436 903 quadringenta,
1449 867 1540 892 non
1553 854 1629 892 abs
1641 866 1686 892 re
1697 859 1847 892 monet

199 913 420 951 Nonnius.
505 917 508 918 ’

252 966 316 1004 Ex
325 965 393 1003 his
403 965 501 1003 satis
510 969 639 1012 patet,
652 963 892 1002 Scultetum
903 962 1099 1001 Cardani
1108 961 1406 1000 fundamentis
1414 961 1622 999 inualidis
1631 962 1846 1003 innixum,

199 1019 413 1067 Regiones
428 1019 569 1061 Aeris,
591 1019 637 1055 in
658 1017 816 1064 quibus
837 1016 976 1054 nubes
997 1015 1035 1053 &
1056 1020 1226 1053 caeterae
1243 1015 1534 1062 impressiones
1550 1019 1847 1061 procreantur,

199 1074 346 1110 minus
362 1076 461 1119 apte
477 1071 712 1115 distinxisse‚
730 1070 835 1108 dum
852 1081 926 1107 eas
940 1070 1129 1106 nimium
1141 1080 1167 1106 a
1178 1068 1326 1106 Terrae
1338 1067 1561 1115 superficie
1574 1067 1729 1110 eleuat,
1747 1078 1846 1104 con-

199 1125 374 1163 stituens
390 1126 639 1172 proximam
655 1123 841 1161 nubium
857 1122 1149 1160 Altitudinem
1165 1122 1216 1160 72
1232 1121 1491 1164 Miliarium,
1513 1132 1613 1167 quae
1629 1126 1778 1158 tamen
1795 1132 1847 1157 ex

199 1178 394 1217 Alhasen
414 1178 453 1216 &
473 1177 719 1221 Vitellione,
743 1173 758 1226 ΙΙ
781 1188 808 1214 a
831 1176 990 1223 quibus
1013 1187 1148 1223 quam
1171 1176 1406 1212 minimum
1430 1174 1490 1219 (vt
1513 1173 1618 1219 dixi)
1641 1173 1848 1211 Nonnius

199 1232 389 1276 dissentit,
402 1231 616 1279 colligitur
627 1231 668 1268 12
681 1230 878 1268 Miliaria
888 1241 980 1267 non
992 1229 1213 1266 excedere.
1228 1228 1322 1265 Nec
1334 1227 1577 1265 authoritas
1589 1238 1611 1264 e
1625 1226 1845 1270 Cardano,

199 1285 269 1323 vel
280 1285 377 1333 alijs
390 1286 535 1332 petita,
552 1295 653 1331 quae
668 1283 786 1328 falso,
803 1288 847 1321 vt
862 1283 1169 1325 iudicauimus,
1186 1281 1474 1319 fundamento
1491 1282 1700 1324 innititur,
1717 1279 1846 1326 ipsius

200 1338 526 1377 assumtionibus
542 1339 851 1385 patrocinatur.
874 1335 1100 1383 Siquidem
1116 1335 1224 1379 haec,
1245 1334 1275 1372 fi
1295 1334 1399 1372 alibi
1414 1333 1591 1381 vspiam‚
1610 1335 1656 1371 in
1672 1332 1845 1371 Mathe-

199 1393 368 1430 maticis
385 1402 520 1438 quam
534 1392 717 1429 minime
732 1390 880 1428 locum
895 1394 1098 1427 meretur.
1118 1388 1287 1426 Frustra
1303 1390 1430 1435 igitur
1445 1387 1642 1425 laborem
1657 1386 1847 1424 insumfit

200 1447 246 1483 in
261 1445 372 1483 adeo
388 1444 528 1482 subtili
544 1445 852 1482 numeratione
865 1443 1026 1481 harum
1037 1441 1371 1485 dimensionum,
1389 1452 1498 1488 quas
1510 1440 1640 1487 vsque
1653 1442 1698 1477 in
1710 1440 1846 1487 passus

202 1498 517 1543 GeometricOS‚
539 1497 577 1536 &
597 1509 752 1536 eorum
768 1496 986 1544 aliquotas
1001 1500 1158 1543 partes,
1178 1495 1426 1533 distribuere
1442 1493 1680 1532 frustraneo
1697 1493 1845 1531 labore

200 1551 404 1590 sustinuit.

254 1605 371 1643 Licet
386 1616 492 1643 vero
508 1604 847 1648 concesserimus,
863 1607 1031 1641 tantam
1047 1603 1124 1640 esse
1139 1601 1444 1650 supremorum
1458 1611 1675 1647 vaporum
1691 1599 1846 1637 Altitu—

201 1658 361 1702 dinem,
383 1663 595 1706 quantam
612 1669 635 1695 e
652 1657 860 1695 Cardano
876 1655 1189 1704 praesupposuit
1205 1655 1432 1698 Scultetus,
1449 1666 1549 1701 quae
1565 1653 1763 1691 videlicet
1779 1653 1846 1691 193

201 1711 398 1750 Miliaria
421 1711 690 1750 Germanica
712 1712 903 1758 attingat,
927 1709 1153 1757 quomodo
1176 1708 1466 1746 nihilominus
1488 1707 1657 1745 saluare
1679 1708 1846 1754 poterit,

202 1765 435 1804 Cometam
451 1764 806 1803 exhalationibus
821 1764 937 1801 siccis
951 1763 1218 1801 constantem
1229 1761 1453 1800 ascendisse
1465 1761 1593 1808 supra
1604 1760 1847 1798 altissimum

202 1830 453 1856 conuexum
473 1818 660 1856 nubium
679 1817 768 1855 fere
788 1817 950 1864 septem
969 1816 1088 1854 mille
1110 1816 1373 1860 Miliaribus,
1396 1820 1440 1853 vt
1462 1814 1534 1852 ille
1557 1813 1642 1861 ipse
1666 1813 1846 1856 inducit;

201 1871 412 1919 fiquidem
423 1871 547 1910 nulla
558 1871 760 1909 Meteora
776 1870 906 1908 altius
922 1870 1190 1914 attolluntur,
1208 1880 1343 1917 quam
1356 1868 1410 1906 est
1421 1878 1638 1915 vaporum
1649 1866 1850 1913 suprema

202 1925 404 1963 eleuatio.
425 1925 551 1963 Vnde
573 1924 660 1972 ipse
684 1924 930 1968 Cardanus,
954 1935 1007 1961 ex
1031 1935 1119 1970 quo
1142 1922 1257 1960 hanc
1281 1921 1596 1960 dimensionem
1618 1920 1705 1957 fine
1728 1921 1850 1957 omni

202 1978 335 2016 dubio
353 1978 467 2025 (licet
478 1978 663 2026 idipsum
675 1989 766 2016 non
777 1976 953 2023 indicet)
971 1976 1168 2015 desumfit
1180 1975 1406 2020 Scultetus,
1424 1977 1469 2012 in
1483 1972 1725 2021 supradicto
1740 1973 1850 2016 loco,

202 2032 308 2070 dum
324 2031 533 2070 Cometas
551 2033 597 2069 in
614 2031 705 2073 [itu.
727 2033 802 2078 qui
822 2032 1030 2068 remotior
1045 2030 1091 2067 fit
1107 2041 1134 2067 a
1149 2029 1286 2067 Terra
1301 2029 1399 2076 plus
1416 2029 1569 2069 decies,
1592 2038 1727 2074 quam
1742 2026 1849 2064 Alti-

201 2085 307 2123 tudo
318 2096 535 2132 vaporum
547 2086 755 2132 attingere
767 2084 896 2131 possit,
912 2083 1110 2131 conspici,
1128 2083 1315 2130 idquue
1327 2093 1419 2119 non
1431 2081 1485 2119 ab
1498 2080 1850 2119 exhalationibus

203 2138 395 2176 constare
410 2138 587 2181 inducit,
604 2149 684 2175 nec
695 2139 739 2175 vi
750 2137 952 2175 Siderum
964 2137 1093 2175 altius
1106 2148 1261 2174 eorum
1273 2137 1505 2174 materiam
1522 2134 1698 2177 eleuari‚
1716 2144 1850 2180 quam

202 2191 359 2239 reliqui
379 2203 577 2239 vapores,
599 2191 653 2229 ob
675 2191 965 2234 durationem,
986 2189 1347 2237 magnitudinem,
1370 2188 1408 2226 8(
1428 2188 1643 2231 ardorem,
1666 2198 1766 2233 quae
1783 2186 1850 2223 his

203 2246 536 2289 contrariantur,
553 2244 650 2282 satis
666 2243 947 2291 probabiliter
962 2248 1305 2291 argumentatur.
1322 2243 1467 2289 Atque
1484 2241 1586 2278 hinc
1598 2252 1673 2278 eos
1685 2252 1776 2277 non
1787 2241 1849 2276 in—

202 2297 268 2337 fra
283 2298 469 2343 Lunam,
486 2297 556 2336 sed
572 2300 618 2335 in
633 2296 814 2335 AEthere
831 2296 920 2344 ipso
936 2298 1135 2344 generari
1152 2296 1382 2340 concludit,
1398 2306 1478 2342 pro
1494 2294 1534 2332 se
1551 2292 1850 2332 Albumasaris

204 2353 336 2390 etiam
352 2351 635 2395 Sententiam,
652 2352 727 2398 qui
744 2350 977 2389 Cometam
992 2349 1121 2396 supra
1131 2349 1350 2387 Venerem
1367 2348 1626 2391 Obseruauit,
1643 2346 1848 2393 allegans.

256 2404 535 2452 Quapropter
553 2404 649 2442 haec
666 2405 818 2442 omnia
833 2415 933 2451 quae
950 2402 1164 2441 Scultetus
1181 2403 1234 2441 de
1251 2402 1448 2440 distantia
1464 2411 1692 2448 vaporum,
1710 2399 1747 2436 8(
1765 2399 1848 2437 Co-

203 2463 344 2502 metae,
364 2458 571 2496 subtiliter
591 2457 794 2505 dispartit,
817 2468 909 2495 non
932 2456 1006 2494 fibi
1028 2456 1126 2494 satis
1149 2455 1341 2494 constare
1362 2455 1581 2498 videntur;
1605 2455 1695 2490 imo
1719 2454 1849 2490 etiam

203 2510 351 2558 ipsam,
373 2522 508 2559 quam
528 2511 581 2549 de
601 2510 824 2549 sublunari
844 2509 922 2548 fitu
939 2509 1138 2548 Cometae
1156 2514 1301 2548 tuetur
1321 2509 1589 2556 opinionem,
1611 2504 1849 2595 pegabsm·

1687 2564 1846 2599 itatem,
