2209 3213
374 230 423 267 94
867 225 950 262 DE
972 223 1197 262 MUNDI
1218 222 1520 260 AETHEREI

372 334 722 381 pedetentimque
738 331 821 368 sese
838 332 1140 373 remittentem,
1157 334 1286 376 prout
1302 331 1348 366 in
1364 330 1555 366 erraticis
1567 328 1788 367 Sideribus
1802 329 1896 367 fieri
1913 341 2013 368 con-

373 388 520 427 sueuit,
540 386 576 422 8(
593 385 709 421 hunc
726 384 865 430 ipsum
881 388 1063 426 motum,
1080 393 1312 429 nunquam
1325 382 1464 420 Lunae
1478 387 1601 420 motu
1613 382 1772 420 diurno
1783 383 2013 421 tardissimo

374 440 623 476 celeriorem
641 437 884 479 exhibuisse‚
906 438 995 473 imo
1012 436 1139 483 longe
1155 435 1404 479 tardiorem,
1427 435 1465 473 &
1484 435 1710 482 postremo,
1731 436 1829 474 loca
1849 437 1959 474 initii
1976 436 2014 474 &

372 493 469 529 finis
491 498 634 528 motus
655 490 729 533 sui,
751 492 864 527 intra
880 494 1098 535 vtrunque
1114 488 1417 535 Tropicorum‚
1438 490 1561 526 iuxta
1580 488 1737 526 limites
1754 489 2014 536 digressionis

372 546 544 587 Solaris,
555 544 805 586 terminasse,
817 553 957 589 eaque
967 544 1136 579 ratione
1145 541 1449 588 Quadrantem
1459 541 1653 589 Sphaerae
1663 541 1899 586 absoluisse;
1910 542 2012 580 Ideo

372 596 727 635 concurrentibus
750 601 810 633 tot
833 595 1075 633 rationibus
1099 594 1136 632 8(
1159 594 1341 642 indiciJ's‚
1368 606 1421 632 ex
1446 593 1578 632 ductu
1600 597 1777 642 proprio
1801 594 2012 640 Cometae‚

371 662 501 697 quern
517 655 606 687 toto
624 650 865 686 durationis
880 654 1076 695 tempore
1093 647 1352 691 Obseruauit,
1374 647 1590 691 desumtis,
1608 659 1710 686 eum
1726 653 1896 686 motum
1912 660 2012 686 con-

370 704 554 741 formem
568 702 789 739 AEthereae
806 702 987 749 Regioni
1003 701 1237 745 obtinuisse,
1254 699 1530 738 manifestum
1547 701 1705 745 euadit,
1722 701 1935 749 ipsiusque
1950 701 2012 740 lo-

370 768 469 793 cum
486 756 523 793 &
540 755 723 798 cursum,
744 757 790 792 in
807 754 1003 793 Coelestis
1020 754 1181 792 Mundi
1201 753 1413 792 immensa
1434 755 1684 801 capacitate,
1706 754 1744 792 &
1764 756 1946 792 minime
1967 756 2013 792 in

369 809 591 846 sublunari
613 808 650 845 8(
672 808 936 845 Elementari
959 807 1075 846 Orbe
1102 807 1287 851 extitisse,
1312 806 1411 845 satis
1437 807 1662 845 euidenter
1687 807 2012 854 comprobatur;

371 862 500 908 Quod
517 861 776 909 generaliori
792 861 875 899 hac
891 863 963 899 via
978 862 1171 908 primum
1187 859 1496 898 Demonstrare
1512 859 1830 907 proposuimus.
1848 857 1863 910 ΙΙ

370 968 447 1005 ΕΧ
468 966 795 1005 DISTANTIIS
816 966 1080 1005 COMETAE
1098 967 1139 1004 A
1157 966 1520 1013 QUIBUSDAM
1542 966 1688 1005 FIXIS
1710 966 2013 1006 SIDERIBUS

398 1029 527 1068 EIUS
548 1029 664 1067 VIAE
684 1028 915 1073 VICINIS,
937 1028 1047 1066 SUB
1069 1028 1327 1067 DIUERSA
1348 1027 1718 1067 ALTITUDINE
1739 1028 1990 1073 HABITIS,

485 1091 663 1129 HUNC
684 1090 915 1128 MINIME
936 1089 1387 1128 ELEMENTAREM
1409 1090 1606 1128 FUISSE
1626 1090 1900 1129 PARTICU-

622 1152 832 1191 LARIUS
853 1152 1277 1200 EXACTIUSQUE
1298 1151 1760 1190 DEMONSTRARE.

884 1221 1236 1253 COMPROBATIO
1257 1221 1500 1253 SECVNDA.

456 1286 543 1324 TSI
564 1288 786 1323 neminem
807 1297 899 1323 rem
919 1285 1056 1332 ipsam
1076 1287 1265 1333 penitius
1286 1284 1611 1332 intelligentem,
1632 1284 1907 1333 veritatisque
1925 1285 2013 1324 fine

469 1339 723 1387 praeiudicio
740 1344 976 1383 amantem,
993 1340 1054 1376 ire
1070 1339 1181 1386 posse
1196 1337 1366 1376 inficias
1378 1338 1574 1383 arbitror,
1590 1338 1688 1376 satis
1699 1340 2014 1376 conuenienter

368 1404 444 1439 per
460 1393 761 1430 antecedentia
777 1392 1110 1439 comprobatum
1125 1392 1214 1435 esse,
1232 1391 1466 1430 Cometam
1476 1390 1595 1429 hunc
1607 1393 1652 1429 in
1665 1391 1839 1430 Coelesti
1851 1391 2012 1430 Mundi

368 1446 571 1493 Regione,
592 1447 703 1483 inter
724 1445 941 1493 regularia
956 1445 1149 1483 AEtheris
1169 1444 1298 1492 ipsius
1315 1444 1466 1483 Sidera
1485 1443 1687 1489 effulfisse,
1709 1456 1810 1482 cum
1829 1447 2012 1482 minime

367 1498 555 1546 possibile
576 1498 633 1543 sit,
657 1498 837 1545 aliquod
857 1498 1090 1536 sublunare
1112 1497 1150 1536 &
1171 1498 1447 1536 Elementare
1469 1497 1654 1545 Corpus,
1678 1502 1768 1536 tam
1789 1496 2011 1543 directum,

368 1552 652 1595 ordinarium,
676 1551 922 1599 regularem
945 1551 982 1589 8(
1006 1551 1272 1589 constantem
1295 1550 1485 1592 ductum.
1508 1550 1585 1588 suo
1607 1556 1743 1595 motu,
1766 1556 1887 1589 tanto
1907 1556 2012 1589 tem-

367 1607 484 1652 poris
507 1604 753 1647 interuallo.
777 1604 1026 1649 describere,
1050 1604 1229 1652 qualern
1249 1604 1367 1642 hunc
1389 1604 1622 1642 Cometam
1642 1610 1852 1652 perpetuo
1873 1603 2012 1642 obser-

368 1658 491 1702 uasse,
502 1660 547 1695 in
557 1658 913 1696 antecedentibus
923 1657 1351 1696 Demonstrauimus:
1364 1662 1513 1695 tamen
1521 1657 1735 1695 vlterioris
1746 1657 2013 1695 certitudinis

367 1711 628 1758 indagandae
644 1713 793 1758 gratia,
812 1710 841 1748 fi
857 1710 966 1749 forte
983 1710 1203 1758 aliquibus
1218 1710 1354 1758 paulo
1369 1710 1615 1758 generalior
1630 1710 1767 1748 videri
1782 1711 1900 1758 possit
1915 1709 2012 1748 haec

366 1765 577 1811 praemissa
592 1764 879 1811 persuadendi
896 1766 1018 1808 ratio,
1035 1763 1221 1811 idipsum
1234 1763 1462 1811 specialius
1475 1763 1513 1801 &
1525 1762 1717 1802 exactius
1729 1769 1873 1802 ratum
1883 1763 2011 1801 facie·

368 1829 466 1855 mus
488 1829 540 1854 ex
562 1817 811 1855 Obseruatis
834 1817 1093 1864 quibusdam
1114 1817 1325 1861 Cometen,
1349 1817 1480 1864 idque
1503 1828 1580 1864 per
1602 1816 1782 1864 aliquod
1804 1818 2012 1864 temporis

369 1870 651 1907 interuallum
667 1872 833 1908 interea
852 1870 1192 1918 praeterlapsum‚
1214 1882 1240 1908 a
1260 1869 1487 1908 nonnullis
1507 1869 1604 1908 fixis
1621 1869 1843 1908 Sideribus
1859 1869 2011 1908 distan-

368 1924 448 1970 tijs,
472 1923 708 1969 praesertim
728 1923 857 1971 ipfius
877 1925 961 1961 viae
982 1925 1148 1961 vicinis.
1172 1923 1292 1962 Nam
1313 1922 1654 1970 quotiescunque
1677 1934 1754 1970 per
1774 1922 2012 1961 serenitatis

368 1978 708 2023 oportunitatem
728 1976 824 2014 haec
840 1976 1016 2014 scrutari
1032 1977 1163 2020 licuit,
1186 1976 1385 2015 Cometae
1401 1976 1456 2014 ab
1472 1976 1623 2023 aliqua
1637 1976 1713 2014 tali
1729 1975 1864 2014 affixa
1879 1975 2012 2014 Stella

368 2028 624 2072 distantiam,
650 2040 750 2066 cum
775 2029 901 2067 altior
928 2030 1032 2074 esset,
1058 2032 1364 2077 minoremque
1389 2031 1585 2077 ingerere
1610 2030 1727 2077 possit
1749 2028 2010 2073 Parallaxin,

368 2082 587 2129 indagaui‚
605 2082 791 2120 eandem
808 2082 1039 2121 interiectis
1055 2083 1223 2130 aliquot
1238 2082 1371 2126 horis,
1389 2094 1489 2120 cum
1505 2082 1716 2120 decliuior
1731 2081 1865 2126 fieret,
1887 2093 2011 2120 accu-

368 2140 458 2172 rate
475 2136 638 2182 repetij,
655 2134 725 2173 sed
741 2135 956 2182 nusquam
972 2138 1124 2173 inueni
1141 2136 1275 2174 aliam
1291 2135 1583 2174 differentiam
1599 2135 1760 2173 harum
1774 2137 2011 2182 intercape-

369 2188 533 2230 dinum,
559 2199 694 2234 quam
717 2188 894 2234 qualern
917 2188 1003 2235 ipse
1026 2194 1171 2226 motus
1191 2189 1375 2227 diurnus
1397 2189 1595 2227 Cometae
1615 2190 1818 2236 proprius
1838 2187 1927 2226 fere
1947 2189 2010 2225 in-

368 2240 538 2278 finuare
561 2241 700 2287 posset,
725 2240 762 2278 8(
784 2241 969 2288 idipsum
992 2242 1224 2289 aliquoties
1246 2253 1407 2290 magna
1430 2241 1652 2289 diligentia
1675 2241 1915 2288 exploraui.
1942 2241 2009 2278 In-

368 2295 519 2340 primis
534 2305 639 2331 vero
656 2294 723 2331 die
738 2293 883 2331 XXIII
896 2294 1175 2339 Nouembris,
1193 2306 1281 2342 quo
1297 2294 1463 2342 vesperi
1479 2294 1719 2332 admodum
1735 2305 1847 2342 pura
1863 2293 1901 2331 &
1917 2293 2010 2332 diu-

368 2352 509 2389 turna,
530 2346 661 2393 vsque
682 2348 727 2384 in
749 2347 961 2384 Occasum
981 2347 1190 2392 Cometae‚
1213 2350 1348 2386 extitit
1367 2348 1584 2392 serenitas,
1607 2347 1645 2385 8(
1665 2347 1751 2395 ipse
1771 2346 1916 2385 adhuc
1937 2347 2010 2385 ad-

368 2400 551 2437 modum
562 2411 746 2447 magnus
758 2406 1018 2447 apparenter
1029 2400 1126 2438 satis
1138 2401 1490 2448 conspiciebatur,
1504 2406 1713 2448 erantque
1723 2400 2011 2438 Instrumenta

370 2452 408 2489 8(
429 2454 580 2490 omnia
600 2453 830 2490 necessaria
850 2455 1047 2500 apprime
1069 2453 1270 2498 correcta,
1292 2453 1330 2491 8(
1350 2454 1406 2492 ad
1428 2453 1791 2492 obseruationem
1812 2451 2010 2491 exac'tam

370 2506 527 2543 idonee
544 2505 766 2543 collocata.
784 2505 908 2543 Tunc
928 2508 1075 2553 itaque
1093 2518 1145 2544 ex
1162 2507 1332 2545 duabus
1353 2506 1558 2545 distantiis
1579 2506 1634 2545 ad
1652 2507 1713 2545 Os
1729 2506 1874 2554 Pegasi
1889 2504 2010 2544 factis

1917 2570 2009 2596 rem

2051 556 2066 580 5

2054 820 2085 846 10

2041 974 2102 1006 106

2054 1166 2084 1191 15

2050 1456 2084 1482 20

2049 1723 2082 1748 25

2049 1987 2083 2013 30

2048 2252 2081 2278 35

2048 2518 2082 2543 40
