2209 3213
400 215 479 252 480
724 208 999 248 IOANNIS
1021 206 1248 245 CRAIGI
1270 204 1723 244 CAPNURANIAE

402 317 539 348 Clariss.
554 314 807 353 Praeceptoris
825 313 869 343 D.
885 311 1110 343 CASPARIS
1127 310 1324 341 PEVCERI
1341 310 1379 341 in
1395 309 1533 351 Pra[xi]
1550 309 1704 341 Medica
1721 309 1891 341 avditor:
1911 310 1959 341 ab
1976 310 2040 341 illo
2078 315 2098 346 †

401 363 570 402 primum
594 357 878 390 animadversa.
902 355 1193 395 qvibuscunqve
1215 357 1253 386 et
1273 354 1367 385 mihi
1389 354 1602 386 monstrata
1623 354 1758 393 primis
1779 354 1927 391 diebus,
1951 354 2043 385 luci-

402 407 487 437 dior
508 404 660 435 caeteris
681 402 732 433 est
753 402 843 432 visa.
868 401 985 431 Pavlo
1008 399 1102 439 post,
1127 400 1192 430 vix
1216 399 1265 430 ab
1289 399 1365 430 alia
1389 398 1479 429 Fixa
1503 398 1627 437 potuit
1649 399 1737 430 luce
1759 398 1933 430 discerni.
1959 398 2043 430 Illu-

403 449 572 481 strissimo
590 446 752 485 Principi
771 445 870 476 Duci
888 444 1138 483 Landgravio
1159 444 1207 475 de
1228 445 1275 474 ea
1292 442 1548 474 scribebatur:
1570 442 1609 473 in
1629 445 1754 474 totam
1772 442 2041 479 Germaniam,

402 495 430 524 8(
452 493 600 523 vicinas
622 490 807 530 Regiones
829 489 936 520 fama
958 489 1047 519 inde
1069 488 1208 528 sparsa.
1226 487 1300 518 Vix
1320 487 1358 518 in
1378 486 1489 518 Italia
1509 495 1610 518 unus
1631 489 1698 518 avt
1718 487 1827 524 alter,
1848 487 1885 518 in
1904 487 2041 523 Gallia,

404 536 598 576 Hispania,
622 543 667 566 ac
691 534 773 574 alijs
791 533 1021 573 Regionibus
1038 540 1156 564 nemo
1174 532 1519 563 animadverterat.
1542 531 1585 562 In
1602 530 1814 562 Germania
1829 534 1964 563 tamen
1981 540 2044 571 ap-

402 584 539 621 parata
556 579 673 619 varijs
695 579 731 609 in
752 578 849 609 locis
870 577 1140 613 Instrumenta,
1163 576 1466 608 Observationes
1486 575 1645 610 habitae,
1669 575 1752 615 alijs
1768 575 1806 606 in
1822 576 1936 613 collo,
1961 575 2044 616 alijs

402 625 560 656 mutatis
577 623 708 659 literis,
727 622 777 653 acl
793 625 904 653 nates
917 621 1129 661 Cassiopeae
1145 621 1267 660 posita
1284 620 1351 652 est:
1371 620 1454 660 alijs
1470 619 1509 651 in
1525 619 1612 656 hac,
1631 619 1715 659 alijs
1726 619 1765 650 in
1776 619 1839 651 illa
1852 629 1875 651 a
1886 620 1977 652 Polo
1989 628 2045 651 re-

402 669 586 700 motione.
610 668 719 698 Edita
737 666 889 706 Scripta
905 665 1086 706 plurima,
1107 666 1230 696 multa
1247 665 1340 696 vidi:
1358 665 1413 695 tui
1430 672 1586 704 qvoqve
1602 663 1774 695 memini.
1798 664 2045 696 Demonstra-

403 719 486 745 tum
508 713 544 743 in
566 712 673 742 Coelo
694 711 800 742 fuisse
821 711 951 742 dicere
973 718 1136 749 neqveo.
1158 710 1234 740 Avt
1251 709 1468 740 Observata
1489 709 1663 745 deerant,
1686 711 1752 739 avt
1770 708 1923 740 summa
1943 708 1981 739 in
2001 708 2045 749 ijs

403 757 586 793 dissensio,
605 759 670 786 avt
686 756 791 786 nulla
804 754 1105 791 Demonstratio‚
1123 754 1184 785 vel
1199 752 1429 793 imperfecta
1445 753 1675 784 admodum.
1694 752 1863 790 Qvidam
1878 753 2045 784 eandem

406 803 555 841 semper
567 810 588 831 a
601 800 727 831 Stellis
740 799 838 830 Fixis
850 798 1114 830 remotionem
1125 798 1283 829 tenuisse
1295 797 1548 829 asseruerunt:
1568 796 1682 828 Unde
1693 797 1927 836 parallelum
1939 797 2047 828 circa

403 847 536 877 Polum
554 844 714 885 praecise
731 843 962 883 descripfisse
980 842 1211 883 oportuerit:
1229 842 1300 882 Alij
1318 851 1397 874 non
1413 841 1574 881 praecise
1587 841 1820 872 Parallelum
1838 841 1902 872 sed
1917 842 1955 872 in
1968 841 2046 873 Me-

403 890 554 921 ridiano
576 888 811 919 matutinam
834 887 1096 919 remotionem
1117 886 1312 927 majorem
1329 886 1434 918 fuisse
1450 886 1668 925 vespertina
1688 885 1820 925 (trium
1841 885 1904 917 hic
1921 885 2047 917 Artifi-

405 943 495 966 cum
511 933 775 965 testimonium
792 932 857 972 est)
877 931 1098 963 differentia
1118 931 1314 970 inaeqvali‚
1337 939 1457 970 qvam
1473 929 1669 962 doctiores
1685 938 1756 970 pro
1772 930 1964 961 Parallaxi
1980 930 2047 961 ha-

404 979 539 1010 buere:
558 986 630 1009 nec
646 980 688 1008 tu
704 976 834 1008 adhuc
851 976 963 1007 aliter
979 976 1116 1007 sentire
1132 975 1287 1012 videris,
1305 983 1398 1006 cum
1415 975 1472 1006 ais
1488 974 1809 1006 convolutionem
1821 974 1948 1006 fecisse
1962 974 2047 1006 abs-

405 1031 478 1063 qve
490 1021 691 1053 Parallaxi.
710 1021 752 1052 In
769 1020 1047 1052 convolutione
1063 1019 1169 1051 enim
1179 1019 1259 1059 ipsa
1271 1019 1483 1050 Parallaxis
1494 1027 1573 1050 non
1585 1018 1806 1050 exhibetur:
1823 1027 1896 1050 nec
1911 1021 2047 1050 tamen

404 1075 514 1107 nego,
537 1066 629 1106 qvin
645 1066 669 1096 fi
687 1065 1008 1097 convolutionem
1024 1064 1062 1095 in
1077 1064 1267 1095 Parallelo
1284 1063 1444 1103 praecise
1460 1063 1608 1100 fecerit,
1630 1065 1672 1094 ut
1689 1062 1877 1102 intelligis,
1895 1071 1967 1094 nec
1984 1071 2048 1103 ap-

403 1119 546 1151 parens
563 1111 673 1141 locus
690 1110 738 1140 ab
755 1109 819 1141 illo
837 1109 988 1140 ambitu
1005 1107 1297 1145 exorbitaverit,
1316 1108 1408 1148 qvin
1424 1107 1722 1145 demonstretur,
1742 1107 1848 1147 qvafi
1865 1107 2047 1138 Fixarum

406 1156 513 1187 Coelo
533 1154 638 1186 fuisse
658 1154 834 1190 affixam,
856 1156 898 1184 ut
919 1153 1104 1185 credibile
1128 1153 1180 1189 sit,
1205 1152 1334 1192 potius
1354 1152 1479 1183 fixam
1499 1151 1685 1192 aliqvam,
1710 1160 1831 1191 qvam
1853 1151 2048 1183 insolitum

405 1200 518 1231 Sidus
533 1199 651 1239 (Nam
668 1198 902 1238 pavcissimis
917 1200 1003 1228 tum
1020 1197 1069 1228 sic
1087 1197 1182 1228 Cceli
1199 1197 1320 1228 facies
1339 1196 1408 1227 fuit
1427 1199 1533 1234 nota,
1555 1199 1597 1227 ut
1616 1195 1835 1228 discernere
1853 1196 1953 1227 inter
1969 1195 2050 1227 soli-

404 1248 487 1275 tum
505 1244 533 1274 81
550 1243 745 1275 insolitum
762 1244 957 1282 poterant)
973 1251 996 1273 a
1013 1241 1202 1281 plerisqve
1219 1240 1325 1272 fuisse
1342 1241 1609 1272 observatam:
1632 1241 1729 1271 Cum
1746 1240 1830 1280 jam
1849 1248 1971 1280 prope
1988 1248 2050 1272 ex-

404 1287 522 1319 tincta
535 1287 635 1324 esset,
653 1295 725 1318 nec
738 1286 901 1318 discerni
912 1286 1043 1326 posset‚
1060 1285 1241 1325 prodiere
1252 1285 1456 1316 THOMAE
1470 1284 1725 1316 DIGGESAEI
1742 1285 1828 1322 alae,
1846 1284 2050 1316 falconum

406 1333 522 1364 instar
541 1334 695 1363 remoto
718 1331 918 1368 advolatu,
939 1330 1158 1362 immobilia
1174 1329 1440 1361 Phaenomena
1461 1329 1605 1370 (qvalia
1624 1329 1731 1360 havd
1747 1328 2051 1369 conspiciuntur)

407 1377 658 1416 asseqventes,
682 1376 711 1407 &
732 1375 804 1413 DIJ
826 1375 1010 1412 NucIeus,
1033 1374 1072 1405 in
1092 1374 1185 1405 Sinu
1206 1373 1361 1405 semissis
1382 1374 1525 1414 gradus
1545 1373 1780 1413 principium
1801 1376 1948 1413 petens.
1976 1372 2052 1404 Ob-

408 1420 585 1462 servat[a]
607 1420 779 1460 ipsorum
800 1420 974 1456 deerant,
996 1427 1068 1450 nec
1090 1418 1290 1449 observari
1306 1420 1391 1449 tum
1413 1420 1578 1458 poterat.
1596 1417 1683 1449 Vno
1699 1417 1822 1449 verbo
1838 1420 1880 1448 ut
1896 1418 2052 1449 conclu-

406 1466 517 1496 dam:
542 1465 639 1495 Illud
655 1464 800 1495 mirum
816 1464 1123 1500 Phaenomen0n‚
1144 1463 1193 1494 fic
1211 1471 1349 1494 omnes
1364 1465 1450 1493 tum
1466 1461 1774 1494 Mathematicos
1791 1462 1909 1499 elusit,
1926 1464 1968 1492 ut
1984 1461 2050 1492 nisi

407 1509 473 1551 s[e]
490 1508 785 1548 recognoscant,
802 1510 1110 1547 recoqvantqve,
1127 1509 1212 1538 tum
1225 1506 1501 1538 demonstrasse
1513 1507 1618 1546 qvod
1631 1506 1688 1537 ais
1700 1506 1830 1538 dicere
1842 1508 2049 1546 neqveant.

406 1553 561 1595 Ta[ceo]
583 1556 772 1593 qvantam
793 1552 986 1584 inscitiam
1003 1554 1069 1582 avt
1085 1551 1358 1591 negligentiam
1375 1551 1549 1590 pleriqve
1566 1551 1811 1590 publicarint.
1834 1550 1910 1582 Sed
1929 1550 1971 1581 fit
1989 1550 2052 1581 de-

407 1597 692 1639 monstra[tum]
709 1596 826 1634 fuisse,
843 1605 922 1627 una
937 1596 1107 1627 hirundo
1124 1604 1203 1627 non
1217 1595 1312 1627 facit
1328 1603 1409 1632 ver,
1426 1604 1499 1626 nec
1515 1594 1687 1626 Pliniana
1703 1594 1877 1626 narratio
1894 1594 1946 1626 est
1962 1594 2052 1626 alte-

407 1643 486 1673 rius
504 1640 821 1683 dem[on]strati0.
840 1641 878 1672 Si
894 1649 986 1680 ergo
1004 1640 1108 1671 aliud
1120 1648 1199 1671 non
1214 1639 1277 1676 est,
1292 1639 1396 1670 unde
1408 1639 1578 1671 coelestia
1590 1642 1742 1671 mutata
1754 1639 1871 1676 fuisse,
1885 1639 1915 1670 ἃ
1927 1647 2052 1670 novas

408 1686 773 1727 genera[ti]onesac
795 1685 1061 1725 impressiones
1080 1684 1288 1715 admittere
1309 1684 1461 1721 credas,
1482 1683 1677 1715 levissimis
1698 1682 1931 1724 conjecturis
1950 1682 2051 1720 fidis,

409 1732 437 1762 8(
454 1730 688 1770 principium
705 1730 814 1769 petis,
834 1730 988 1760 sumens
1005 1737 1076 1768 pro
1094 1728 1372 1765 demonstrato,
1391 1728 1496 1768 qvod
1508 1728 1825 1760 controvertitur.
1844 1728 1898 1759 Ex
1913 1727 2053 1768 qvibus

409 1778 526 1815 patet,
544 1775 689 1806 nedum
706 1774 967 1805 mutationem
983 1774 1045 1804 vel
1061 1773 1364 1804 mutabilitatem
1381 1772 1606 1804 Coelestibus
1622 1772 1725 1812 posse
1742 1772 1895 1804 ascribi:
1913 1774 2053 1804 contra

408 1819 515 1850 omni
536 1819 642 1850 sensu
664 1818 864 1850 destitutus
884 1818 1091 1855 videbitur,
1114 1817 1178 1857 qvi
1199 1817 1391 1848 cavdatos
1411 1819 1500 1848 tuos
1520 1825 1599 1848 non
1619 1817 1775 1848 interire
1795 1816 1947 1848 inficias
1967 1815 2051 1847 ibit:

407 1867 447 1894 ut
469 1872 516 1894 ex
536 1863 677 1894 eadem
699 1862 866 1894 materia
887 1871 979 1893 cum
1000 1861 1072 1893 illis
1093 1861 1270 1893 constare
1292 1861 1368 1892 dici
1388 1864 1568 1901 neqveat.
1586 1861 1641 1892 Tu
1660 1869 1755 1893 vero
1774 1860 1929 1903 min[us]
1948 1869 2055 1892 com-

408 1906 565 1947 pactam
582 1908 611 1938 ἃ
629 1907 910 1938 condensatam
929 1906 1005 1937 tuis
1024 1906 1194 1937 ascribis.
1217 1905 1256 1936 Si
1276 1914 1325 1937 ex
1345 1906 1431 1937 luce
1452 1905 1634 1945 cognosci
1650 1905 1771 1945 potest
1787 1903 1802 1948 ss
1819 1905 1997 1936 materiae
2014 1904 2053 1935 in

408 1952 539 1983 lucido
563 1951 767 1991 dispositio,
793 1959 884 1982 cum
909 1951 975 1982 sub
999 1950 1171 1990 primam
1194 1950 1483 1990 apparitionem
1506 1958 1585 1981 non
1608 1949 1736 1981 minus
1757 1949 1981 1981 Coelestibus
2002 1949 2055 1980 lu-

409 1999 525 2027 ceret.
548 1997 597 2026 At
616 1999 657 2026 tu
678 1995 941 2027 remotionem
961 1995 1062 2026 inter
1077 1994 1252 2026 Coelestia
1274 2002 1411 2034 ponas,
1434 2003 1548 2034 aeqve
1570 1997 1636 2025 avt
1657 1994 1781 2034 magis
1800 1992 2054 2034 compactam

409 2040 514 2071 fuisse
538 2040 572 2071 ei
595 2040 803 2070 materiam
828 2039 1135 2071 consentaneum
1159 2038 1222 2070 est.
1248 2039 1298 2069 At
1320 2039 1397 2078 ipse
1419 2038 1522 2070 hanc
1546 2039 1689 2075 lucem,
1714 2038 1922 2069 flammam
1948 2037 2055 2069 fuisse

411 2084 502 2115 scio:
528 2084 747 2124 Cujusmodi
765 2092 844 2115 non
860 2084 911 2115 est
928 2083 1154 2115 coelestium.
1171 2083 1318 2114 Verum
1335 2091 1439 2114 nunc
1455 2082 1598 2114 talibus
1614 2082 1830 2119 menstruis,
1848 2082 1911 2114 sev
1926 2082 2056 2113 trime-

411 2128 547 2159 stribus
564 2128 850 2159 fumositatibus
866 2130 1019 2159 tantum
1037 2127 1229 2165 tribuitur,
1247 2130 1289 2158 ut
1306 2136 1328 2158 a
1344 2127 1542 2167 perpetuis
1553 2127 1729 2158 AEtheris
1746 2127 1898 2158 lucibus
1914 2135 2056 2166 parum

412 2172 569 2203 differre
591 2175 788 2211 putentur:
813 2172 900 2204 Non
921 2173 1023 2204 luce:
1046 2180 1125 2203 non
1145 2171 1399 2203 exaltatione:
1424 2171 1527 2202 Nam
1548 2171 1662 2211 supra
1681 2170 1708 2215 ἦ
1726 2171 1961 2203 evehuntur:
1983 2178 2055 2202 nec

413 2216 675 2247 Circularibus
696 2216 1051 2253 convolutionibus‚
1076 2217 1105 2247 ἃ
1128 2216 1385 2257 intelligentijs
1411 2215 1654 2253 motricibus,
1678 2224 1768 2256 qvae
1790 2215 1878 2256 ipfis
1901 2223 2057 2255 qvoqve

413 2260 673 2291 ascribuntur:
697 2261 865 2291 Tantum
890 2260 1067 2291 materiae
1091 2260 1348 2300 dispositione.
1372 2260 1422 2291 At
1443 2259 1600 2300 proprie
1621 2259 1818 2298 differunt,
1843 2259 1948 2299 qvod
1968 2267 2057 2291 eav—

413 2305 564 2341 dentur,
583 2305 612 2335 82
629 2304 872 2335 essentialiter
889 2305 993 2344 qvod
1010 2305 1109 2341 luce,
1127 2305 1243 2341 mole,
1263 2304 1291 2335 8(
1308 2307 1419 2336 motu
1436 2305 1486 2336 ad
1502 2304 1701 2335 interitum
1718 2304 1957 2336 decrescant.

466 2349 540 2379 Sed
556 2351 598 2379 tu
614 2348 703 2379 hinc
720 2357 907 2387 magnam
925 2348 1234 2380 consolationem
1251 2348 1424 2388 capessis,
1442 2349 1548 2388 qvod
1563 2347 1705 2380 rectius
1717 2357 1810 2380 cum
1821 2348 1951 2379 Sacris
1963 2347 2057 2379 Ora-

414 2393 510 2423 culis
528 2392 791 2429 admonearis,
809 2393 857 2423 de
872 2392 1088 2423 Vniversali
1103 2401 1236 2423 rerum
1253 2392 1420 2430 interitu,
1438 2395 1576 2424 contra
1593 2401 1713 2433 qvam
1730 2392 1854 2424 sanxit
1868 2391 2058 2423 ARISTO·

413 2436 575 2467 TELES.
601 2437 767 2467 Baculus
790 2436 828 2466 in
850 2437 1012 2476 Angulo.
1038 2437 1135 2476 Ergo
1157 2436 1332 2468 Pontifex
1354 2437 1489 2468 Romae
1509 2437 1577 2469 est:
1602 2437 1707 2476 qvafi
1727 2437 1826 2468 fides
1846 2436 1975 2468 nostra
1997 2436 2057 2467 his

414 2481 589 2512 evanidis
604 2480 723 2512 fumis
740 2480 969 2512 confirmari
985 2480 1105 2520 possit,
1129 2483 1195 2511 avt
1211 2481 1364 2513 debeat.
1387 2481 1701 2521 Psevdoplanetis
1715 2481 1803 2519 tuis,
1824 2480 2058 2521 Psevdopro-

1915 2526 2057 2574 phetis

2081 491 2096 517 5

2085 712 2116 737 10

2087 933 2116 959 15

2085 1155 2119 1181 20

2088 1377 2121 1402 25

2089 1598 2122 1624 30

2090 1820 2123 1845 35

2092 2042 2126 2067 40

2093 2263 2126 2288 45

2094 2483 2128 2510 50
