2209 3213
148 816 178 841 10

145 1082 175 1107 15

123 1183 187 1214 323

140 1348 174 1373 20

139 1614 173 1639 25

137 1879 171 1905 30

136 2145 169 2170 35

133 2411 167 2436 40

538 219 1060 258 RECENTIORIBUS
1081 219 1540 259 PHAENOMENIS
1786 222 1863 261 263

219 325 429 372 inspissato
454 325 654 369 Lumine,
679 326 963 363 rubicundior
987 328 1201 373 apparuit,
1228 338 1316 373 quo
1341 327 1498 365 deinde
1524 329 1637 365 circa
1662 328 1863 366 vltimum

219 378 354 416 finem
373 376 598 421 rarefacta
619 378 835 425 pallorem
856 379 1079 426 quendam
1097 379 1317 417 induebat.
1339 381 1485 427 Atque
1501 380 1597 418 haec
1613 383 1659 418 in
1675 381 1862 420 Lumine

219 433 313 469 eius
338 430 718 479 Metamorphofis‚
744 431 814 469 vel
837 431 928 479 ipso
951 431 1178 470 Thaddaeo
1203 432 1314 477 teste,
1340 445 1432 471 non
1456 433 1668 481 probabat
1693 446 1792 473 eam
1818 437 1863 473 in

219 484 484 522 Elementari
501 484 675 522 Mundo
692 484 922 529 constitisse‚
941 484 1151 532 fiquidem
1169 485 1507 524 Obseruationes
1524 489 1728 525 certiores
1745 488 1862 526 Geo-

218 539 393 575 metrice
410 537 609 575 institutae
625 537 967 575 reclamitabant.
985 538 1053 576 Sic
1070 540 1201 576 etiam
1217 541 1402 577 mutatio
1419 539 1593 577 Coloris
1610 540 1647 577 8(
1664 541 1863 580 Luminis

218 592 263 628 in
286 590 370 628 hoc
393 591 591 634 Cometa,
614 590 740 628 illum
763 592 809 627 in
832 590 1097 629 Elementari
1122 591 1239 629 Orbe
1262 591 1464 640 flagrasse,
1490 605 1581 630 non
1603 593 1864 632 sufficienter

217 643 456 690 persuadet,
473 642 717 691 refragante
734 643 1031 681 Parallaxium
1048 646 1141 682 eius
1158 645 1360 683 exilitate.

270 696 419 735 Postea
434 698 504 734 cui
519 696 711 734 Planetae
728 695 847 734 hunc
863 696 1097 735 Cometam
1112 698 1317 741 assimilet,
1339 698 1377 735 8(
1398 699 1450 736 (16
1469 710 1558 746 qua
1574 699 1861 738 Cometarum

216 749 353 796 specie
369 749 509 794 fuerit,
525 749 715 787 solicitus
732 749 798 787 est.
817 749 919 796 Qua
934 752 980 787 in
995 756 1116 797 parte
1129 751 1240 788 nihil
1251 751 1384 796 aliud,
1402 752 1519 799 quod
1532 753 1687 798 dicam,
1704 753 1860 798 habeo,

215 814 351 850 quam
366 814 436 840 me
453 802 708 846 existimare,
727 803 947 847 Cometas,
964 803 1098 841 modo
1112 803 1191 841 fint
1202 804 1484 842 Planetarum
1495 805 1675 850 soboles,
1693 818 1793 844 curn
1809 809 1861 855 ijs

214 857 473 903 potissimum
499 858 771 904 participare,
801 858 923 894 iuxta
948 867 1139 903 quorum
1165 856 1480 895 Reuolutiones
1504 865 1769 906 generantur
1799 860 1861 906 (in

214 909 343 947 Coelo
356 911 474 947 enim
486 920 641 947 omnes
653 909 842 953 existere,
854 909 1029 947 nullum
1040 910 1158 957 apud
1169 921 1240 947 me
1253 910 1376 949 restat
1388 911 1588 958 dubium)
1602 912 1715 950 Posse
1728 915 1860 950 etiam

213 964 357 1000 varias
381 974 536 1000 eorum
557 962 718 1010 species
740 964 973 1009 procreari,
999 962 1191 1000 diuersas
1214 963 1517 1010 saepenumero
1541 965 1595 1003 ab
1618 967 1682 1013 ijs,
1710 977 1811 1013 quae
1834 978 1861 1004 a

212 1016 430 1053 veteribus
440 1015 713 1062 Philosophis
723 1020 947 1053 annotatae
957 1015 1064 1053 sunt.
1078 1015 1161 1054 Sed
1172 1016 1224 1054 de
1234 1016 1302 1054 his
1312 1016 1441 1055 latius
1453 1016 1644 1055 hocloco
1654 1019 1859 1063 disserere,

212 1080 304 1106 non
316 1069 371 1106 est
382 1069 511 1107 nostri
522 1069 710 1113 instituti,
724 1068 936 1116 siquidem
948 1068 1298 1108 Astronomicam
1309 1069 1459 1108 saltem
1470 1071 1861 1110 considerationem

212 1124 258 1159 in
273 1122 469 1160 medium
485 1122 654 1160 adferre
670 1121 989 1169 proposuimus.
1007 1118 1021 1172 ΙΙ

266 1175 366 1213 DIE
382 1175 496 1219 XVI,
512 1177 705 1223 primum
716 1187 793 1223 per
805 1175 992 1213 Radium
1004 1175 1358 1214 Astronomicum
1374 1176 1507 1214 huius
1519 1177 1718 1215 Cometae
1734 1178 1859 1216 situm

211 1240 238 1266 a
260 1230 414 1266 vicinis
434 1228 550 1266 Fixis
573 1228 832 1276 explorauit,
858 1228 1074 1276 refertque
1098 1240 1200 1267 eum
1223 1229 1400 1267 distitisse
1423 1230 1477 1268 ab
1500 1230 1677 1277 Aquilae
1700 1231 1858 1275 lucida,

212 1281 267 1319 G.
284 1282 338 1320 17.
356 1281 419 1319 M.
436 1282 500 1326 52,
521 1293 548 1320 a
567 1281 756 1320 secunda
776 1281 1034 1319 informium
1049 1282 1240 1329 Aquilae,
1261 1282 1349 1320 siue
1370 1294 1524 1321 earum
1546 1295 1656 1331 quas
1677 1284 1749 1332 alij
1768 1286 1859 1322 An-

211 1336 332 1372 tinoo
354 1335 562 1380 tribuunt,
587 1335 641 1374 G.
663 1335 717 1372 13.
739 1335 803 1373 M.
825 1335 878 1372 13.
903 1335 1022 1373 Hinc
1045 1337 1139 1373 eius
1162 1335 1310 1373 locum
1332 1336 1471 1374 visum
1495 1337 1668 1385 colligit,
1692 1339 1813 1376 iuxta
1835 1338 1860 1376 6

211 1387 385 1426 Horam
402 1388 770 1432 Pomeridianam‚
791 1390 837 1426 in
853 1388 895 1426 18
910 1389 1028 1436 grad.
1049 1394 1090 1433 z,
1107 1400 1208 1426 cum
1225 1389 1485 1433 Latitudine,
1508 1391 1625 1437 grad.
1642 1391 1684 1428 12
1700 1391 1860 1435 Borea;

210 1441 354 1488 idque,
380 1446 423 1479 vt
446 1447 639 1489 apparet,
664 1442 851 1489 grossiori
875 1442 1069 1488 quadam
1093 1442 1299 1490 indagine
1322 1444 1368 1480 in
1391 1442 1525 1481 Globi
1550 1443 1787 1491 superficie,
1814 1446 1859 1482 in

211 1506 299 1541 quo
316 1496 448 1532 etiam
464 1495 698 1533 Stellarum
713 1494 811 1532 loca
826 1506 918 1532 non
934 1494 1031 1533 satis
1048 1495 1178 1533 Coelo
1195 1495 1387 1534 consona
1403 1496 1623 1535 distributa
1638 1496 1827 1535 fuerunt.

264 1547 555 1595 Quapropter,
570 1553 613 1586 vt
625 1559 779 1585 omnes
792 1547 1131 1586 obseruationes
1142 1548 1357 1587 Thaddaei
1368 1547 1525 1587 rectius
1537 1549 1575 1587 8(
1587 1550 1858 1588 enucleatius

210 1601 549 1648 perpendantur,
567 1601 686 1639 lubet
702 1612 776 1639 eas
792 1601 927 1648 paulo
944 1599 1137 1639 exad'tius
1153 1601 1422 1649 perscrutari,
1440 1602 1478 1640 8(
1493 1602 1781 1650 scrupulosius
1797 1606 1858 1651 ip-

208 1653 405 1692 sissimam
427 1654 766 1702 Longitudinem
790 1654 828 1692 &
851 1654 1158 1698 Latitudinem,
1185 1667 1320 1702 quam
1344 1655 1562 1700 exhibent,
1589 1656 1857 1704 inuestigare.

209 1706 356 1753 Quem
375 1707 573 1745 laborem
594 1707 680 1755 ipse
701 1707 954 1745 Thaddaeus
976 1707 1262 1756 subterfugisse
1283 1709 1466 1752 videtur,
1490 1710 1602 1747 adeo
1622 1715 1666 1747 vt
1686 1710 1741 1748 ob
1763 1712 1859 1748 eius

208 1760 555 1806 immensitatem,
573 1761 611 1798 8(
627 1762 950 1808 occupationes,
967 1761 1126 1808 quibus
1142 1761 1377 1809 implicitus
1394 1768 1496 1806 erat,
1515 1774 1618 1800 eum
1632 1763 1673 1800 se
1688 1775 1780 1801 non
1793 1763 1857 1801 su-

207 1813 360 1851 stinere
383 1814 569 1858 valuisse,
593 1814 771 1861 ipsemet
793 1816 839 1851 in
862 1815 986 1852 initio
1006 1813 1141 1852 Tertii
1164 1815 1331 1862 Capitis
1354 1815 1552 1853 fateatur.
1577 1816 1673 1854 Nos
1695 1818 1856 1864 itaque,

208 1867 327 1914 quod
347 1866 402 1905 ab
423 1867 513 1915 ipso
533 1868 815 1905 intermissum
835 1867 902 1911 est,
924 1867 1232 1914 supplebimus,
1254 1868 1491 1916 praesertim
1510 1881 1611 1907 cum
1627 1881 1719 1907 non
1735 1870 1856 1908 dubi-

207 1925 307 1965 tem,
323 1920 456 1958 talem
473 1921 743 1969 diligentiam
758 1922 804 1958 in
820 1921 1043 1968 capiendis
1059 1923 1281 1959 annotatis
1293 1921 1500 1970 distantijs
1512 1922 1755 1961 adhibitam
1767 1924 1856 1968 esse,

207 1973 350 2024 qua-,lis
374 1985 451 2021 per
476 1974 664 2012 Radium
689 1973 879 2021 praestari
904 1973 1048 2021 potest,
1075 1974 1113 2011 8(
1138 1975 1313 2012 videam
1339 1976 1483 2019 etiam,
1509 1976 1856 2024 intercapedines

206 2026 337 2074 ipsius
352 2027 491 2065 multo
507 2026 664 2066 rectius
679 2027 720 2064 se
736 2026 911 2071 habere,
929 2038 1064 2074 quam
1075 2039 1140 2065 eae
1153 2039 1253 2075 quae
1265 2039 1292 2066 a
1303 2027 1513 2066 Cornelio
1527 2029 1720 2067 Gemma
1730 2029 1856 2067 simili

206 2080 340 2118 modo
356 2086 545 2128 acceptae
561 2080 674 2124 sunt;
695 2085 739 2117 vt
754 2084 985 2127 propterea
1001 2080 1220 2128 digniores
1235 2080 1345 2119 mihi
1361 2082 1605 2127 videantur,
1622 2082 1782 2130 quibus
1797 2083 1855 2121 se-

207 2133 311 2171 dula
331 2133 549 2181 inquisitio
570 2134 624 2172 ab
647 2132 853 2171 exac'tiori
872 2133 909 2170 &
929 2133 1211 2172 Geometrica
1231 2134 1501 2173 dimensione
1521 2138 1666 2183 petita,
1687 2136 1855 2184 postha-

205 2186 294 2224 bita
308 2186 470 2225 laboris
486 2187 692 2231 molestia,
709 2186 1001 2233 impendatur.

258 2239 435 2285 Verum,
459 2242 564 2287 quia
578 2240 832 2278 Thaddaeus
852 2251 943 2277 non
964 2239 1104 2278 solum
1119 2242 1166 2278 in
1182 2240 1330 2279 Globo
1350 2241 1448 2279 suas
1470 2241 1690 2280 distantias
1710 2242 1854 2280 latiori

204 2293 338 2330 modo
361 2294 654 2337 examinabat,
680 2293 750 2330 sed
774 2294 906 2330 etiam
928 2292 1163 2331 affixarum
1186 2294 1421 2332 Stellarum
1443 2295 1553 2339 loca,
1579 2307 1632 2333 ex
1655 2300 1851 2333 veterum

204 2346 274 2383 vel
285 2349 578 2384 recentiorum
590 2346 826 2393 Catalogis,
840 2346 1011 2384 coelitus
1022 2358 1307 2394 nequaquam
1319 2350 1439 2395 prius
1451 2348 1652 2393 restituta,
1664 2351 1852 2393 retinuit,

204 2403 248 2436 vt
264 2399 318 2437 ob
334 2400 378 2437 id
394 2400 555 2447 duplici
569 2400 622 2438 de
637 2399 766 2438 causa
777 2401 823 2436 in
835 2399 1125 2447 Longitudine
1138 2400 1177 2438 &
1188 2401 1436 2439 Latitudine
1449 2401 1648 2440 Cometae
1661 2404 1739 2440 rite
1751 2414 1852 2440 con-

203 2451 426 2497 stituenda,
443 2453 651 2500 procliuis
667 2453 723 2491 ad
739 2452 1106 2491 hallucinandum
1117 2456 1304 2500 patuerit
1315 2456 1399 2498 via,
1416 2454 1576 2493 idcirco
1588 2460 1689 2493 ante
1702 2458 1853 2493 omnia

204 2516 315 2552 opus
327 2506 403 2544 esse
414 2506 556 2551 video,
572 2512 616 2545 vt
632 2517 786 2545 earum
802 2507 1092 2544 inerrantium
1104 2506 1339 2545 Stellarum
1354 2507 1466 2553 situs,
1484 2509 1642 2555 quibus
1652 2510 1704 2599 (ip
1719 2508 1852 2546 huius

1693 2567 1851 2599 ometae
