2209 3213
372 222 440 260 132
865 217 948 255 DE
970 216 1195 255 MUNDI
1215 215 1517 254 AETHEREI

371 339 480 365 mur.
499 326 562 363 Ex
575 324 889 363 Obseruatione
907 322 975 360 die
993 322 1030 359 II
1047 322 1238 369 Ianuarij
1257 321 1418 365 habita,
1436 321 1563 359 Hora
1575 321 1610 359 6.
1626 321 1690 358 Μ.
1703 321 1778 364 1422,
1795 321 1838 359 P.
1851 321 1914 358 M.
1932 320 2011 359 suit

372 380 568 418 Cometae
585 376 807 419 Azimuth,
830 376 872 413 P.
890 376 942 413 17.
960 375 1023 412 M.
1040 375 1090 412 23
1108 374 1415 418 Meridionale‚
1435 374 1473 411 &
1491 374 1701 417 Altitudo,
1722 373 1765 411 P.
1782 373 1845 412 34.
1862 374 1926 412 M.
1942 374 2010 418 20;

372 434 409 470 8(
428 432 571 479 postea
587 430 714 467 Hora
730 429 764 467 8.
783 429 846 466 M.
863 429 921 471 43..
944 433 1035 465 erat
1050 427 1274 471 Azimuth,
1296 428 1338 465 P.
1355 428 1391 465 6.
1410 427 1472 465 M.
1489 427 1541 465 20
1556 426 1915 474 Septentrionale,
1936 427 2011 464 Al-

371 485 520 526 titudo.
538 484 579 520 Ρ.
594 483 646 520 19.
660 483 722 520 M.
735 483 771 520 5.
790 481 938 528 Quare
950 483 1143 528 primum
1153 492 1233 528 pro
1245 480 1486 518 Azimutho
1498 480 1719 528 posteriori
1730 479 2011 524 verificando,

372 537 490 585 quafi
513 536 699 574 Cometa
721 537 930 572 immotus
952 534 1251 581 permansisset‚
1275 533 1447 572 dabitur
1468 535 1515 571 in
1538 544 1590 571 ea
1610 533 1900 581 Figuratione,
1925 545 2013 580 qua
2050 547 2066 572 5

371 591 454 628 hoc
471 591 693 636 negotium
709 589 908 634 proxime
925 587 1227 634 explicuimus,
1243 587 1439 624 Primum
1456 588 1501 624 in
1513 586 1706 634 Trigono
1718 586 1863 630 ABD,
1879 586 2013 624 Latus

372 644 466 685 ΑΒ,
487 643 529 680 Ρ.
547 642 608 679 34.
627 641 690 679 M.
707 642 743 683 7,
765 640 867 684 AD,
888 640 931 677 P.
948 640 1011 678 70.
1029 640 1092 678 M.
1108 640 1172 683 55,
1194 640 1291 684 BD,
1312 639 1355 677 P.
1372 640 1435 678 70.
1453 639 1516 677 M.
1532 639 1596 684 49,
1617 639 1819 687 Angulus
1836 635 1850 689 ΙΙ
1866 639 2011 683 BAD,
2036 647 2097 679 155

372 697 413 734 P.
436 696 498 733 83.
520 695 583 732 Μ.
605 694 667 731 43.
690 694 729 732 S.
750 693 813 737 37,
837 693 1039 740 Angulus
1062 693 1207 737 ABD,
1230 693 1273 731 P.
1295 693 1357 731 84.
1379 692 1443 730 M.
1465 693 1501 737 3,
1525 694 1595 730 cui
1617 692 1789 730 additus
1811 692 2014 740 Angulus

372 749 507 792 DBF,
531 750 697 785 interea
719 751 898 784 mutatae
921 745 1194 784 Ascenfionis
1217 744 1358 784 Red'tae
1383 757 1436 783 ex
1458 750 1581 783 motu
1603 747 1780 793 proprio
1802 745 2013 790 Cometae,

373 803 448 849 qui
469 800 523 838 est
544 812 596 838 ex
616 799 908 847 superioribus
928 798 1005 836 suo
1025 799 1122 837 loco
1143 801 1313 846 petitus,
1337 799 1527 837 duorum
1547 798 1862 846 scrupulorum.
1885 798 2013 836 relin-
2054 811 2085 837 ιο

373 856 466 902 quit
482 853 707 901 Angulum
723 852 858 896 ABF,
875 852 917 889 P.
930 852 992 890 84.
1010 852 1073 890 M.
1086 853 1110 890 5
1127 854 1360 900 cognitum.
1378 851 1527 898 Quare
1543 853 1591 889 in
1606 851 1681 889 illo
1692 851 1944 899 Triangulo,
1962 863 2016 889 ex

373 908 456 945 hoc
468 906 645 954 Angulo
657 906 771 949 dato,
784 905 822 942 &
833 905 915 942 AB
928 907 1112 952 cognito,
1125 910 1255 952 atque
1268 905 1301 943 B
1310 905 1351 942 D
1365 905 1579 949 existente,
1596 904 1638 943 P.
1651 905 1714 943 70.
1726 905 1790 942 M.
1802 905 1865 948 49,
1882 905 2015 942 Latus

373 961 460 1003 FA,
478 962 555 997 erit
571 960 613 997 P.
630 959 693 997 70.
711 958 774 996 M.
791 959 853 996 55.
871 958 911 996 S.
929 958 982 1001 16,
1000 958 1038 995 &
1053 958 1256 1006 Angulus
1273 957 1406 1002 BAF‚
1423 958 1466 996 P.
1478 958 1540 996 83.
1557 958 1685 996 M.4l.
1700 957 1739 996 S.
1751 957 1815 1002 46,
1832 959 1908 1005 qui
1922 957 2015 996 sub-

373 1014 486 1051 latus
498 1013 552 1051 ab
564 1011 740 1059 Angulo
753 1011 884 1049 BAD
896 1013 1016 1058 prius
1028 1013 1223 1055 inuento,
1235 1011 1441 1058 relinquit
1448 1010 1676 1059 Angulum
1688 1011 1812 1055 IAK,
1825 1011 2015 1048 duorum

373 1066 508 1104 ferme
531 1065 845 1112 scrupulorum,
869 1064 1122 1102 addendum
1143 1064 1385 1102 Azimutho
1408 1064 1652 1111 posterioris
1675 1063 2014 1108 Obseruationis‚
2056 1076 2087 1102 15

373 1125 417 1157 vt
432 1119 509 1157 fint
526 1120 676 1156 omnia
692 1118 936 1162 emendata,
953 1129 1003 1155 ac
1019 1117 1049 1155 fi
1065 1117 1252 1156 Cometa
1267 1129 1344 1165 per
1358 1117 1399 1155 se
1416 1118 1648 1165 quieuisset,
1665 1116 1748 1155 hoc
1764 1115 1908 1164 pacto:

448 1198 477 1236 I.
494 1198 552 1235 H.
569 1198 605 1235 6.
623 1197 686 1235 Μ.
704 1198 779 1236 14ὲ.
809 1196 1032 1235 Azimuth.
1050 1197 1093 1235 P.
1110 1197 1163 1235 17.
1181 1197 1243 1235 M.
1261 1197 1324 1235 23.
1355 1197 1467 1235 Mer.
1482 1196 1662 1235 Altitud.
1679 1196 1722 1234 P.
1739 1196 1801 1234 34.
1819 1197 1882 1235 M.
1899 1196 1961 1235 20.

428 1252 478 1289 II.
496 1251 554 1289 H.
571 1251 607 1289 8.
625 1250 688 1288 M.
723 1250 780 1289 4:¹5.
811 1250 1034 1288 Azimuth.
1051 1250 1094 1288 P.
1129 1250 1165 1288 6.
1183 1250 1246 1288 M.
1263 1250 1326 1288 22.
1357 1250 1453 1298 Sep.
1481 1250 1661 1288 Altitud.
1678 1249 1721 1287 P.
1748 1250 1801 1288 19.
1818 1249 1882 1287 M.
1925 1250 1961 1288 5.

429 1330 578 1377 Quare
588 1332 767 1377 repetita
777 1341 829 1368 ea
838 1330 1130 1377 Figuratione,
1140 1341 1228 1376 qua
1237 1329 1474 1368 secundum
1482 1329 1815 1378 Regiomontani
1824 1334 2017 1368 mentem

375 1383 625 1421 Parallaxes
646 1383 852 1431 indagare
874 1394 1099 1426 conamur,
1122 1382 1159 1420 8(
1179 1383 1368 1421 breuiter
1388 1382 1574 1431 fingulis,
1597 1384 1719 1421 iuxta
1738 1385 1880 1430 primo
1901 1382 2016 1421 vsur-
2054 1395 2088 1421 20

375 1442 523 1484 patam
540 1436 888 1483 explicationem,
904 1438 950 1473 in
963 1436 1277 1483 Operationem
1293 1435 1498 1480 deduc'tiS,
1516 1438 1594 1474 erit
1607 1438 1653 1473 in
1663 1436 1855 1484 Trigono
1867 1436 2015 1480 HZO,

376 1490 509 1527 Latus
529 1489 629 1533 ZH,
651 1490 693 1527 P.
710 1489 773 1527 34.
791 1489 853 1527 M.
871 1490 907 1533 7,
929 1489 1062 1527 Latus
1080 1489 1175 1534 ΖΟ,
1196 1489 1239 1527 Ρ.
1256 1489 1318 1527 70.
1336 1489 1399 1527 M.
1416 1490 1479 1533 55,
1500 1489 1703 1537 Angulus
1724 1489 1872 1533 HZO,
1893 1489 1936 1527 P.
1953 1489 2015 1527 83.

377 1543 440 1580 M.
457 1542 519 1585 38,
541 1542 673 1580 Latus
690 1542 797 1585 1-10,
818 1542 861 1580 P.
878 1542 941 1581 70.
959 1542 1022 1580 M.
1039 1542 1101 1580 45.
1120 1542 1160 1580 S.
1176 1542 1239 1586 52,
1257 1542 1459 1590 Angulus
1476 1542 1624 1587 HOZ,
1641 1542 1683 1580 P.
1700 1542 1763 1580 36.
1781 1542 1844 1580 M.
1862 1543 1906 1580 11.
1923 1542 1962 1581 S.
1980 1542 2016 1586 3,

377 1595 578 1643 Angulus
589 1595 676 1633 ZH
686 1595 737 1639 O,
750 1595 792 1633 P.
805 1595 868 1633 84.
881 1595 944 1633 M.
957 1596 993 1634 7.
1007 1595 1046 1633 S.
1059 1595 1122 1639 36,
1134 1607 1160 1633 a
1172 1607 1260 1642 quo
1272 1594 1502 1634 subductus
1514 1595 1716 1643 Angulus
1728 1596 1770 1633 N
1779 1595 1825 1633 H
1834 1595 1885 1639 Ο,
1898 1595 1941 1633 P.
1953 1595 2016 1634 27.

378 1649 441 1686 M.
453 1649 529 1693 313,
546 1648 751 1696 relinquit
764 1648 991 1696 Angulum
1007 1648 1158 1693 ZHN,
1175 1650 1221 1686 in
1237 1648 1373 1686 altero
1389 1648 1641 1696 Triangulo,
1658 1649 1701 1687 P.
1713 1648 1775 1687 56.
1789 1648 1852 1686 Μ.
1865 1648 1926 1686 36.
1940 1648 1980 1687 S.
1993 1648 2017 1687 6
2054 1662 2087 1687 2⁵

378 1704 611 1749 cognitum,
629 1702 666 1739 &
683 1702 835 1739 Latere
852 1701 940 1739 ZH
957 1701 1171 1745 existente,
1192 1702 1235 1739 P.
1251 1702 1315 1740 34.
1333 1701 1395 1740 M.
1412 1702 1448 1746 7,
1466 1701 1576 1746 HN,
1596 1702 1640 1740 P.
1656 1702 1719 1740 70.
1736 1701 1799 1740 M.
1816 1702 1879 1740 45.
1897 1701 1936 1740 S.
1953 1702 2016 1745 52,

377 1757 436 1792 vti
459 1755 660 1798 diximus,
685 1757 762 1792 erit
785 1755 918 1792 Latus
940 1754 1038 1798 ZN,
1061 1755 1104 1792 P.
1125 1755 1188 1793 55.
1210 1755 1274 1793 M.
1295 1755 1357 1793 39.
1382 1754 1513 1801 Quod
1535 1754 1685 1793 saltem
1706 1767 1795 1793 vno
1817 1754 2017 1802 scrupulo

378 1809 525 1845 minus
542 1807 597 1845 est
613 1808 766 1845 Latere
783 1808 887 1845 ZM.
909 1807 1027 1846 Cum
1041 1813 1190 1846 tamen
1205 1810 1349 1846 maius
1365 1809 1595 1846 necessario
1612 1808 1828 1852 euaderet,
1849 1807 1878 1846 fi
1895 1807 2017 1846 senfi-

378 1861 475 1898 bilis
492 1860 641 1907 aliqua
657 1860 834 1898 affuisset
850 1861 952 1898 huic
965 1861 1162 1899 Cometae
1174 1861 1427 1905 Parallaxis,
1444 1861 1556 1899 adeo
1571 1866 1614 1899 vt
1630 1860 1685 1899 ob
1701 1861 1744 1899 id
1760 1860 1855 1899 haec
1867 1861 2016 1909 Regio-

380 1916 579 1951 montani
602 1913 862 1961 Speculatio,
886 1914 1136 1952 vlteriorem
1158 1915 1395 1961 processum
1418 1926 1509 1952 non
1531 1914 1740 1952 admittat.
1765 1914 1884 1952 Nam
1905 1914 2022 1961 quod
2060 1927 2094 1953 30

379 1968 557 2004 vnicum
573 1966 680 2004 illud
696 1966 947 2014 scrupulum
963 1967 1073 2005 vltra
1090 1967 1280 2005 debitam
1295 1972 1458 2005 metam
1475 1969 1726 2011 excreuerit,
1745 1967 1871 2006 facile
1888 1967 2023 2014 (velut

380 2021 500 2066 prius
510 2021 641 2057 etiam
651 2019 858 2066 diximus)
869 2020 1111 2058 excusabile
1122 2020 1188 2058 est.
1197 2020 1380 2058 Sensum
1390 2023 1508 2058 enim
1518 2032 1697 2058 omnem
1707 2022 1838 2058 etiam
1848 2032 2022 2058 accura-

380 2073 527 2110 tissime
546 2084 638 2109 rem
654 2075 910 2120 peragentis,
934 2074 979 2110 in
999 2078 1089 2111 tam
1109 2073 1250 2111 subtili
1270 2076 1457 2121 negotio,
1478 2073 1738 2121 subterfugit,
1756 2073 1794 2111 &
1810 2071 2023 2111 Refradtio

381 2127 426 2162 in
442 2125 678 2169 Posteriori,
696 2137 830 2172 quam
847 2128 892 2163 in
908 2126 1045 2163 Priori
1062 2126 1390 2168 Obseruatione.
1408 2126 1733 2174 aliquantulum
1748 2129 1901 2171 maior,
1921 2126 2023 2164 huic

381 2182 617 2225 augmento
633 2189 724 2215 non
741 2178 919 2216 dubiam
936 2179 1099 2226 praebet
1115 2179 1398 2217 occafionem.
2059 2193 2092 2219 3⁵

435 2231 724 2278 Quapropter,
742 2243 843 2268 cum
854 2233 899 2268 in
912 2232 1116 2270 omnibus
1128 2233 1263 2270 tribus
1275 2232 1500 2280 propositis
1513 2232 1913 2277 Obseruationibus‚
1931 2234 2023 2280 qui-

381 2284 462 2322 bus
479 2295 532 2321 ex
547 2284 797 2321 Azimuthis
809 2284 847 2321 &
858 2284 1186 2328 Altitudinibus,
1204 2285 1399 2324 adhibito
1415 2288 1622 2333 temporis
1638 2285 1885 2330 interuallo,
1902 2287 2024 2323 iuxta

382 2336 716 2384 Regiomontani
727 2339 1099 2384 imaginationem,
1110 2338 1360 2376 Parallaxin
1370 2335 1384 2388 ΙΙ
1394 2339 1601 2386 indagare
1611 2340 1755 2376 conati
1765 2338 1924 2381 sumus,
1934 2338 2023 2376 vbi-
2052 2345 2112 2377 156

382 2401 467 2436 que
484 2389 604 2436 quafi
619 2391 664 2427 in
680 2389 914 2427 absurdum
931 2390 1233 2435 deueniamus,
1250 2391 1361 2429 adeo
1373 2396 1417 2429 vt
1429 2391 1638 2438 Operatio
1650 2391 1705 2429 ad
1717 2390 1852 2429 finem
1868 2391 2023 2429 deduci

383 2454 473 2480 non
485 2444 687 2489 potuerit;
701 2454 804 2480 nam
817 2443 1020 2481 omnibus
1032 2445 1077 2481 in
1089 2444 1207 2488 locis,
1218 2444 1350 2482 Latus
1360 2444 1443 2482 ZN
1453 2444 1713 2482 reddebatur
1722 2444 1893 2492 aequale
1904 2444 2023 2491 quafi
2060 2457 2094 2482 40

382 2495 457 2543 ipfi
474 2495 579 2539 ZM.
596 2496 714 2543 quod
730 2501 878 2534 tamen
894 2498 1037 2534 maius
1055 2497 1130 2534 esse
1147 2497 1342 2541 debebat,
1359 2497 1388 2535 fi
1404 2497 1602 2536 Cometae
1618 2497 1720 2536 huic
1737 2497 1886 2545 aliqua
1901 2503 2022 2536 nota-

1926 2550 2023 2588 bilis
