<?xml version="1.0" encoding="UTF-8"?>
<!DOCTYPE html PUBLIC "-//W3C//DTD XHTML 1.0 Transitional//EN"
    "http://www.w3.org/TR/xhtml1/DTD/xhtml1-transitional.dtd">
<html xmlns="http://www.w3.org/1999/xhtml" xml:lang="en" lang="en">
 <head>
  <title>
</title>
<meta http-equiv="Content-Type" content="text/html;charset=utf-8" />
  <meta name='ocr-system' content='tesseract 3.04.00' />
  <meta name='ocr-capabilities' content='ocr_page ocr_carea ocr_par ocr_line ocrx_word'/>
</head>
<body>
  <div class='ocr_page' id='page_1' title='image "./operaomniaedidit04brahuoft_0486.png"; bbox 0 0 2912 4368; ppageno 0'>
   <div class='ocr_carea' id='block_1_1' title="bbox 220 688 230 1012">
    <p class='ocr_par' dir='ltr' id='par_1_1' title="bbox 220 688 230 1012">
     <span class='ocr_line' id='line_1_1' title="bbox 220 688 227 722; baseline 0 0"><span class='ocrx_word' id='word_1_1' title='bbox 220 688 227 722; x_wconf 74' lang='lat' dir='ltr'>t</span> 
     </span>
     <span class='ocr_line' id='line_1_2' title="bbox 220 724 228 766; baseline 0 -2"><span class='ocrx_word' id='word_1_2' title='bbox 220 724 228 766; x_wconf 66' lang='grc' dir='ltr'>ἓ</span> 
     </span>
     <span class='ocr_line' id='line_1_3' title="bbox 220 771 229 802; baseline 0 0"><span class='ocrx_word' id='word_1_3' title='bbox 220 771 229 802; x_wconf 71' lang='lat' dir='ltr'>t</span> 
     </span>
     <span class='ocr_line' id='line_1_4' title="bbox 220 807 229 823; baseline 0 0"><span class='ocrx_word' id='word_1_4' title='bbox 220 807 229 823; x_wconf 66' lang='lat' dir='ltr'>fl</span> 
     </span>
     <span class='ocr_line' id='line_1_5' title="bbox 220 830 229 863; baseline 0 -20"><span class='ocrx_word' id='word_1_5' title='bbox 220 830 229 863; x_wconf 41' lang='lat' dir='ltr'>&#39;a&#39;</span> 
     </span>
     <span class='ocr_line' id='line_1_6' title="bbox 220 874 230 892; baseline 0 0"><span class='ocrx_word' id='word_1_6' title='bbox 220 874 230 892; x_wconf 66' lang='grc'>1</span> 
     </span>
     <span class='ocr_line' id='line_1_7' title="bbox 221 898 230 913; baseline 0 0"><span class='ocrx_word' id='word_1_7' title='bbox 221 898 230 913; x_wconf 68' lang='lat' dir='ltr'>vl</span> 
     </span>
     <span class='ocr_line' id='line_1_8' title="bbox 222 917 230 965; baseline 0 0"><span class='ocrx_word' id='word_1_8' title='bbox 222 917 230 965; x_wconf 70' lang='grc' dir='ltr'><strong>ξ</strong></span> 
     </span>
     <span class='ocr_line' id='line_1_9' title="bbox 223 986 229 1012; baseline 0 0"><span class='ocrx_word' id='word_1_9' title='bbox 223 986 229 1012; x_wconf 72' lang='lat' dir='ltr'>l</span> 
     </span>
    </p>
   </div>
   <div class='ocr_carea' id='block_1_2' title="bbox 228 1338 239 1565">
    <p class='ocr_par' dir='ltr' id='par_1_2' title="bbox 228 1338 239 1565">
     <span class='ocr_line' id='line_1_10' title="bbox 228 1338 239 1565; textangle 90"><span class='ocrx_word' id='word_1_10' title='bbox 229 1517 239 1565; x_wconf 61' lang='grc' dir='ltr'>..ιε</span> <span class='ocrx_word' id='word_1_11' title='bbox 231 1497 234 1503; x_wconf 87' lang='grc'>-</span> <span class='ocrx_word' id='word_1_12' title='bbox 228 1393 238 1488; x_wconf 50' lang='lat' dir='ltr'>{auu-&#39;v</span> <span class='ocrx_word' id='word_1_13' title='bbox 228 1354 237 1385; x_wconf 64' lang='lat' dir='ltr'>xv</span> <span class='ocrx_word' id='word_1_14' title='bbox 230 1338 235 1344; x_wconf 86' lang='grc'>.-</span> 
     </span>
    </p>
   </div>
   <div class='ocr_carea' id='block_1_3' title="bbox 921 710 2560 917">
    <p class='ocr_par' dir='ltr' id='par_1_3' title="bbox 920 710 2560 917">
     <span class='ocr_line' id='line_1_11' title="bbox 927 710 2169 751; baseline -0.003 0"><span class='ocrx_word' id='word_1_15' title='bbox 927 718 997 751; x_wconf 43' lang='lat' dir='ltr'>itit»</span> <span class='ocrx_word' id='word_1_16' title='bbox 1325 712 1789 749; x_wconf 45' lang='lat' dir='ltr'>‚JAPOLOGETICA</span> <span class='ocrx_word' id='word_1_17' title='bbox 1815 710 2169 748; x_wconf 87' lang='lat' dir='ltr'>RESPONSIO</span> 
     </span>
     <span class='ocr_line' id='line_1_12' title="bbox 921 816 2560 864; baseline -0.002 -7"><span class='ocrx_word' id='word_1_18' title='bbox 921 824 968 857; x_wconf 64' lang='lat' dir='ltr'>de:</span> <span class='ocrx_word' id='word_1_19' title='bbox 979 825 982 853; x_wconf 73' lang='lat' dir='ltr'>i</span> <span class='ocrx_word' id='word_1_20' title='bbox 992 836 1000 857; x_wconf 81' lang='lat' dir='ltr'>i</span> <span class='ocrx_word' id='word_1_21' title='bbox 1011 837 1017 857; x_wconf 71' lang='grc' dir='ltr'>ι,</span> <span class='ocrx_word' id='word_1_22' title='bbox 1030 836 1058 857; x_wconf 68' lang='grc'>,«(</span> <span class='ocrx_word' id='word_1_23' title='bbox 1118 823 1121 854; x_wconf 66' lang='lat' dir='ltr'>j</span> <span class='ocrx_word' id='word_1_24' title='bbox 1133 823 1154 855; x_wconf 69' lang='lat' dir='ltr'>ti</span> <span class='ocrx_word' id='word_1_25' title='bbox 1164 832 1182 855; x_wconf 59' lang='lat' dir='ltr'>a</span> <span class='ocrx_word' id='word_1_26' title='bbox 1192 822 1324 855; x_wconf 65' lang='lat' dir='ltr'>utiam</span> <span class='ocrx_word' id='word_1_27' title='bbox 1339 824 1621 864; x_wconf 72' lang='lat' dir='ltr'>apparentem</span> <span class='ocrx_word' id='word_1_28' title='bbox 1634 818 1831 854; x_wconf 73' lang='lat' dir='ltr'>Cometae</span> <span class='ocrx_word' id='word_1_29' title='bbox 1844 818 1879 853; x_wconf 85' lang='lat'>&amp;</span> <span class='ocrx_word' id='word_1_30' title='bbox 1891 817 2031 859; x_wconf 78' lang='lat' dir='ltr'>stellae,</span> <span class='ocrx_word' id='word_1_31' title='bbox 2043 824 2169 862; x_wconf 86' lang='lat' dir='ltr'>atqve</span> <span class='ocrx_word' id='word_1_32' title='bbox 2181 828 2231 853; x_wconf 86' lang='lat' dir='ltr'>ex</span> <span class='ocrx_word' id='word_1_33' title='bbox 2244 816 2309 853; x_wconf 85' lang='lat' dir='ltr'>his</span> <span class='ocrx_word' id='word_1_34' title='bbox 2322 817 2560 853; x_wconf 78' lang='lat' dir='ltr'>Azimutha</span> 
     </span>
     <span class='ocr_line' id='line_1_13' title="bbox 979 869 2559 917; baseline -0.001 -10.036"><span class='ocrx_word' id='word_1_35' title='bbox 979 883 1261 917; x_wconf 34' lang='lat' dir='ltr'>‘r22-12somprger</span> <span class='ocrx_word' id='word_1_36' title='bbox 1280 871 1691 907; x_wconf 57' lang='lat' dir='ltr'>demonstrationem</span> <span class='ocrx_word' id='word_1_37' title='bbox 1710 872 1914 917; x_wconf 87' lang='lat' dir='ltr'>reperisse.</span> <span class='ocrx_word' id='word_1_38' title='bbox 1934 870 2020 907; x_wconf 78' lang='lat' dir='ltr'>Hie</span> <span class='ocrx_word' id='word_1_39' title='bbox 2038 876 2329 916; x_wconf 82' lang='lat' dir='ltr'>praeterqvam</span> <span class='ocrx_word' id='word_1_40' title='bbox 2346 872 2390 906; x_wconf 94' lang='lat' dir='ltr'>in</span> <span class='ocrx_word' id='word_1_41' title='bbox 2409 869 2559 906; x_wconf 88' lang='lat' dir='ltr'>Instru-</span> 
     </span>
    </p>
   </div>
   <div class='ocr_carea' id='block_1_4' title="bbox 926 923 2560 1023">
    <p class='ocr_par' dir='ltr' id='par_1_4' title="bbox 926 923 2560 1023">
     <span class='ocr_line' id='line_1_14' title="bbox 938 923 2559 971; baseline -0.001 -10"><span class='ocrx_word' id='word_1_42' title='bbox 938 956 956 961; x_wconf 86' lang='lat'>..</span> <span class='ocrx_word' id='word_1_43' title='bbox 1044 944 1072 961; x_wconf 48' lang='grc' dir='ltr'>,μ</span> <span class='ocrx_word' id='word_1_44' title='bbox 1093 926 1184 971; x_wconf 48' lang='lat' dir='ltr'>ipsis</span> <span class='ocrx_word' id='word_1_45' title='bbox 1204 926 1352 965; x_wconf 74' lang='lat' dir='ltr'>multa,</span> <span class='ocrx_word' id='word_1_46' title='bbox 1373 930 1415 960; x_wconf 92' lang='lat' dir='ltr'>ut</span> <span class='ocrx_word' id='word_1_47' title='bbox 1434 936 1550 961; x_wconf 83' lang='lat' dir='ltr'>nune</span> <span class='ocrx_word' id='word_1_48' title='bbox 1568 924 1713 970; x_wconf 78' lang='lat' dir='ltr'>aliqva</span> <span class='ocrx_word' id='word_1_49' title='bbox 1731 936 1782 960; x_wconf 84' lang='lat' dir='ltr'>ex</span> <span class='ocrx_word' id='word_1_50' title='bbox 1801 930 1920 970; x_wconf 90' lang='lat' dir='ltr'>parte</span> <span class='ocrx_word' id='word_1_51' title='bbox 1939 925 2295 965; x_wconf 71' lang='lat' dir='ltr'>commemoravi,</span> <span class='ocrx_word' id='word_1_52' title='bbox 2313 923 2559 964; x_wconf 81' lang='lat' dir='ltr'>desiderem,</span> 
     </span>
     <span class='ocr_line' id='line_1_15' title="bbox 926 976 2560 1023; baseline -0.002 -7"><span class='ocrx_word' id='word_1_53' title='bbox 926 1015 929 1016; x_wconf 19' lang='lat'><em>⁷</em></span> <span class='ocrx_word' id='word_1_54' title='bbox 956 994 965 1006; x_wconf 60' lang='lat'><em>³</em></span> <span class='ocrx_word' id='word_1_55' title='bbox 1034 995 1047 1021; x_wconf 24' lang='lat'>⁷1</span> <span class='ocrx_word' id='word_1_56' title='bbox 1061 982 1153 1014; x_wconf 55' lang='grc' dir='ltr'>-ιζιςεμ</span> <span class='ocrx_word' id='word_1_57' title='bbox 1168 978 1235 1014; x_wconf 75' lang='lat' dir='ltr'>vel</span> <span class='ocrx_word' id='word_1_58' title='bbox 1250 980 1560 1023; x_wconf 76' lang='lat' dir='ltr'>cujuscumqve</span> <span class='ocrx_word' id='word_1_59' title='bbox 1575 978 1751 1014; x_wconf 89' lang='lat' dir='ltr'>alterius</span> <span class='ocrx_word' id='word_1_60' title='bbox 1765 977 1892 1014; x_wconf 78' lang='lat' dir='ltr'>stellae</span> <span class='ocrx_word' id='word_1_61' title='bbox 1911 977 2135 1014; x_wconf 86' lang='lat' dir='ltr'>observata</span> <span class='ocrx_word' id='word_1_62' title='bbox 2152 976 2379 1013; x_wconf 78' lang='lat' dir='ltr'>altitudine</span> <span class='ocrx_word' id='word_1_63' title='bbox 2397 982 2560 1022; x_wconf 90' lang='lat' dir='ltr'>tempo-</span> 
     </span>
    </p>
   </div>
   <div class='ocr_carea' id='block_1_5' title="bbox 0 0 2912 691">
    <p class='ocr_par' dir='ltr' id='par_1_5' title="bbox 0 0 2912 691">
     <span class='ocr_line' id='line_1_16' title="bbox 0 0 2912 691; baseline 0 3677"><span class='ocrx_word' id='word_1_64' title='bbox 0 0 2912 691; x_wconf 95' lang='lat' dir='ltr'> </span> 
     </span>
    </p>
   </div>
   <div class='ocr_carea' id='block_1_6' title="bbox 920 1029 2614 1076">
    <p class='ocr_par' dir='ltr' id='par_1_6' title="bbox 920 1029 2614 1076">
     <span class='ocr_line' id='line_1_17' title="bbox 920 1029 2614 1076; baseline -0.001 -9"><span class='ocrx_word' id='word_1_65' title='bbox 920 1048 924 1049; x_wconf 43' lang='lat'><em>⁷</em></span> <span class='ocrx_word' id='word_1_66' title='bbox 945 1045 1007 1068; x_wconf 54' lang='lat' dir='ltr'>ivri</span> <span class='ocrx_word' id='word_1_67' title='bbox 1041 1038 1257 1068; x_wconf 54' lang='lat' dir='ltr'>zirwiiierita</span> <span class='ocrx_word' id='word_1_68' title='bbox 1282 1044 1370 1067; x_wconf 91' lang='lat' dir='ltr'>non</span> <span class='ocrx_word' id='word_1_69' title='bbox 1393 1038 1480 1067; x_wconf 89' lang='lat' dir='ltr'>tam</span> <span class='ocrx_word' id='word_1_70' title='bbox 1499 1031 1672 1076; x_wconf 73' lang='lat' dir='ltr'>praecise</span> <span class='ocrx_word' id='word_1_71' title='bbox 1691 1030 1973 1070; x_wconf 83' lang='lat' dir='ltr'>innotescunt.</span> <span class='ocrx_word' id='word_1_72' title='bbox 1997 1041 2073 1076; x_wconf 91' lang='lat' dir='ltr'>pro</span> <span class='ocrx_word' id='word_1_73' title='bbox 2093 1036 2137 1066; x_wconf 89' lang='lat' dir='ltr'>ut</span> <span class='ocrx_word' id='word_1_74' title='bbox 2155 1032 2198 1066; x_wconf 91' lang='lat' dir='ltr'>in</span> <span class='ocrx_word' id='word_1_75' title='bbox 2216 1029 2297 1066; x_wconf 84' lang='lat' dir='ltr'>hac</span> <span class='ocrx_word' id='word_1_76' title='bbox 2315 1029 2559 1076; x_wconf 84' lang='lat' dir='ltr'>Pragmatia</span> <span class='ocrx_word' id='word_1_77' title='bbox 2602 1041 2614 1064; x_wconf 84' lang='lat'><strong>5</strong></span> 
     </span>
    </p>
   </div>
   <div class='ocr_carea' id='block_1_7' title="bbox 916 1081 2562 2090">
    <p class='ocr_par' dir='ltr' id='par_1_7' title="bbox 916 1081 2562 2090">
     <span class='ocr_line' id='line_1_18' title="bbox 969 1081 2561 1125; baseline 0 -6"><span class='ocrx_word' id='word_1_78' title='bbox 969 1104 971 1106; x_wconf 90' lang='lat'>·</span> <span class='ocrx_word' id='word_1_79' title='bbox 1046 1086 1108 1121; x_wconf 52' lang='lat' dir='ltr'>vti.</span> <span class='ocrx_word' id='word_1_80' title='bbox 1134 1086 1175 1121; x_wconf 78' lang='lat' dir='ltr'>Si</span> <span class='ocrx_word' id='word_1_81' title='bbox 1195 1087 1310 1121; x_wconf 87' lang='lat' dir='ltr'>enim</span> <span class='ocrx_word' id='word_1_82' title='bbox 1330 1087 1371 1120; x_wconf 91' lang='lat' dir='ltr'>in</span> <span class='ocrx_word' id='word_1_83' title='bbox 1390 1085 1611 1121; x_wconf 86' lang='lat' dir='ltr'>decliviori</span> <span class='ocrx_word' id='word_1_84' title='bbox 1630 1084 1856 1121; x_wconf 77' lang='lat' dir='ltr'>altitudine</span> <span class='ocrx_word' id='word_1_85' title='bbox 1875 1084 1916 1120; x_wconf 90' lang='lat' dir='ltr'>id</span> <span class='ocrx_word' id='word_1_86' title='bbox 1934 1083 2019 1125; x_wconf 77' lang='lat' dir='ltr'>fiat,</span> <span class='ocrx_word' id='word_1_87' title='bbox 2043 1081 2311 1120; x_wconf 61' lang='lat' dir='ltr'>refraetionis</span> <span class='ocrx_word' id='word_1_88' title='bbox 2329 1082 2561 1119; x_wconf 82' lang='lat' dir='ltr'>insinuatio</span> 
     </span>
     <span class='ocr_line' id='line_1_19' title="bbox 921 1135 2560 1184; baseline 0 -12"><span class='ocrx_word' id='word_1_89' title='bbox 921 1139 1133 1174; x_wconf 59' lang='lat' dir='ltr'>‘·]iistttcttlt)</span> <span class='ocrx_word' id='word_1_90' title='bbox 1153 1138 1217 1178; x_wconf 74' lang='lat' dir='ltr'>est,</span> <span class='ocrx_word' id='word_1_91' title='bbox 1237 1138 1295 1173; x_wconf 88' lang='lat' dir='ltr'>sin</span> <span class='ocrx_word' id='word_1_92' title='bbox 1313 1138 1455 1174; x_wconf 83' lang='lat' dir='ltr'>altiori</span> <span class='ocrx_word' id='word_1_93' title='bbox 1469 1139 1594 1184; x_wconf 77' lang='lat' dir='ltr'>juxta</span> <span class='ocrx_word' id='word_1_94' title='bbox 1608 1138 1921 1177; x_wconf 77' lang='lat' dir='ltr'>Meridianum.</span> <span class='ocrx_word' id='word_1_95' title='bbox 1940 1137 2117 1173; x_wconf 79' lang='lat' dir='ltr'>tarditas</span> <span class='ocrx_word' id='word_1_96' title='bbox 2134 1138 2178 1173; x_wconf 92' lang='lat' dir='ltr'>in</span> <span class='ocrx_word' id='word_1_97' title='bbox 2197 1137 2402 1172; x_wconf 89' lang='lat' dir='ltr'>varietate</span> <span class='ocrx_word' id='word_1_98' title='bbox 2421 1135 2560 1172; x_wconf 87' lang='lat' dir='ltr'>eleva-</span> 
     </span>
     <span class='ocr_line' id='line_1_20' title="bbox 920 1188 2562 1237; baseline -0.002 -9"><span class='ocrx_word' id='word_1_99' title='bbox 920 1196 955 1228; x_wconf 63' lang='lat' dir='ltr'>tl}</span> <span class='ocrx_word' id='word_1_100' title='bbox 971 1194 1045 1228; x_wconf 50' lang='lat' dir='ltr'>&gt;iiis</span> <span class='ocrx_word' id='word_1_101' title='bbox 1064 1203 1153 1227; x_wconf 65' lang='lat' dir='ltr'>rem</span> <span class='ocrx_word' id='word_1_102' title='bbox 1172 1192 1366 1237; x_wconf 56' lang='lat' dir='ltr'>impedin</span> <span class='ocrx_word' id='word_1_103' title='bbox 1386 1203 1463 1227; x_wconf 82' lang='lat' dir='ltr'>nec</span> <span class='ocrx_word' id='word_1_104' title='bbox 1482 1193 1612 1227; x_wconf 88' lang='lat' dir='ltr'>etiam</span> <span class='ocrx_word' id='word_1_105' title='bbox 1630 1193 1673 1227; x_wconf 93' lang='lat' dir='ltr'>in</span> <span class='ocrx_word' id='word_1_106' title='bbox 1692 1190 1796 1227; x_wconf 88' lang='lat' dir='ltr'>locis</span> <span class='ocrx_word' id='word_1_107' title='bbox 1815 1190 2082 1236; x_wconf 88' lang='lat' dir='ltr'>intermedijs</span> <span class='ocrx_word' id='word_1_108' title='bbox 2100 1189 2196 1226; x_wconf 88' lang='lat' dir='ltr'>satis</span> <span class='ocrx_word' id='word_1_109' title='bbox 2215 1188 2419 1235; x_wconf 85' lang='lat' dir='ltr'>exqvisita</span> <span class='ocrx_word' id='word_1_110' title='bbox 2437 1189 2562 1226; x_wconf 90' lang='lat' dir='ltr'>datur</span> 
     </span>
     <span class='ocr_line' id='line_1_21' title="bbox 921 1244 2560 1290; baseline -0.001 -11"><span class='ocrx_word' id='word_1_111' title='bbox 921 1245 1149 1289; x_wconf 60' lang='lat' dir='ltr'>{utlagatio</span> <span class='ocrx_word' id='word_1_112' title='bbox 1169 1256 1267 1280; x_wconf 76' lang='lat' dir='ltr'>cum</span> <span class='ocrx_word' id='word_1_113' title='bbox 1286 1244 1500 1281; x_wconf 74' lang='lat' dir='ltr'>revolutio</span> <span class='ocrx_word' id='word_1_114' title='bbox 1519 1244 1781 1290; x_wconf 78' lang='lat' dir='ltr'>AEqvatoris,</span> <span class='ocrx_word' id='word_1_115' title='bbox 1805 1255 1880 1290; x_wconf 87' lang='lat' dir='ltr'>per</span> <span class='ocrx_word' id='word_1_116' title='bbox 1898 1255 2028 1289; x_wconf 86' lang='lat' dir='ltr'>qvam</span> <span class='ocrx_word' id='word_1_117' title='bbox 2046 1249 2244 1289; x_wconf 87' lang='lat' dir='ltr'>tempora</span> <span class='ocrx_word' id='word_1_118' title='bbox 2262 1244 2477 1283; x_wconf 78' lang='lat' dir='ltr'>metimur.</span> <span class='ocrx_word' id='word_1_119' title='bbox 2497 1254 2560 1279; x_wconf 90' lang='lat' dir='ltr'>ce—</span> 
     </span>
     <span class='ocr_line' id='line_1_22' title="bbox 917 1295 2560 1343; baseline -0.002 -9"><span class='ocrx_word' id='word_1_120' title='bbox 917 1299 1045 1334; x_wconf 60' lang='lat' dir='ltr'>ierioi·</span> <span class='ocrx_word' id='word_1_121' title='bbox 1068 1298 1111 1333; x_wconf 85' lang='lat' dir='ltr'>sit</span> <span class='ocrx_word' id='word_1_122' title='bbox 1134 1309 1264 1343; x_wconf 83' lang='lat' dir='ltr'>qvam</span> <span class='ocrx_word' id='word_1_123' title='bbox 1287 1298 1543 1334; x_wconf 78' lang='lat' dir='ltr'>elevationis</span> <span class='ocrx_word' id='word_1_124' title='bbox 1568 1299 1611 1334; x_wconf 92' lang='lat' dir='ltr'>in</span> <span class='ocrx_word' id='word_1_125' title='bbox 1637 1297 1761 1333; x_wconf 90' lang='lat' dir='ltr'>stellis</span> <span class='ocrx_word' id='word_1_126' title='bbox 1785 1297 1995 1333; x_wconf 75' lang='lat' dir='ltr'>alteratio.</span> <span class='ocrx_word' id='word_1_127' title='bbox 2022 1296 2113 1332; x_wconf 88' lang='lat' dir='ltr'>Nec</span> <span class='ocrx_word' id='word_1_128' title='bbox 2139 1298 2269 1332; x_wconf 91' lang='lat' dir='ltr'>etiam</span> <span class='ocrx_word' id='word_1_129' title='bbox 2292 1295 2464 1341; x_wconf 81' lang='lat' dir='ltr'>Aqvilae</span> <span class='ocrx_word' id='word_1_130' title='bbox 2486 1301 2560 1332; x_wconf 89' lang='lat' dir='ltr'>aut</span> 
     </span>
     <span class='ocr_line' id='line_1_23' title="bbox 918 1350 2560 1396; baseline -0.001 -10"><span class='ocrx_word' id='word_1_131' title='bbox 918 1351 1046 1387; x_wconf 68' lang='lat' dir='ltr'>ullius</span> <span class='ocrx_word' id='word_1_132' title='bbox 1065 1351 1242 1387; x_wconf 83' lang='lat' dir='ltr'>alterius</span> <span class='ocrx_word' id='word_1_133' title='bbox 1260 1350 1387 1387; x_wconf 58' lang='lat' dir='ltr'>stellas</span> <span class='ocrx_word' id='word_1_134' title='bbox 1406 1351 1526 1387; x_wconf 88' lang='lat' dir='ltr'>locus</span> <span class='ocrx_word' id='word_1_135' title='bbox 1544 1351 1616 1387; x_wconf 84' lang='lat' dir='ltr'>tibi</span> <span class='ocrx_word' id='word_1_136' title='bbox 1636 1356 1750 1387; x_wconf 81' lang='lat' dir='ltr'>certo</span> <span class='ocrx_word' id='word_1_137' title='bbox 1769 1352 1964 1396; x_wconf 79' lang='lat' dir='ltr'>cognitus</span> <span class='ocrx_word' id='word_1_138' title='bbox 1982 1350 2056 1385; x_wconf 89' lang='lat' dir='ltr'>esse</span> <span class='ocrx_word' id='word_1_139' title='bbox 2075 1350 2225 1395; x_wconf 84' lang='lat' dir='ltr'>potuit,</span> <span class='ocrx_word' id='word_1_140' title='bbox 2246 1360 2345 1385; x_wconf 84' lang='lat' dir='ltr'>cum</span> <span class='ocrx_word' id='word_1_141' title='bbox 2364 1360 2464 1385; x_wconf 91' lang='lat' dir='ltr'>eum</span> <span class='ocrx_word' id='word_1_142' title='bbox 2482 1360 2560 1385; x_wconf 87' lang='lat' dir='ltr'>nec</span> 
     </span>
     <span class='ocr_line' id='line_1_24' title="bbox 916 1401 2560 1450; baseline -0.001 -10"><span class='ocrx_word' id='word_1_143' title='bbox 916 1404 1200 1450; x_wconf 67' lang='lat' dir='ltr'>Alphonsmae</span> <span class='ocrx_word' id='word_1_144' title='bbox 1219 1410 1291 1440; x_wconf 85' lang='lat' dir='ltr'>aut</span> <span class='ocrx_word' id='word_1_145' title='bbox 1310 1404 1606 1450; x_wconf 77' lang='lat' dir='ltr'>Copernianae</span> <span class='ocrx_word' id='word_1_146' title='bbox 1624 1403 1721 1440; x_wconf 88' lang='lat' dir='ltr'>satis</span> <span class='ocrx_word' id='word_1_147' title='bbox 1739 1401 1925 1440; x_wconf 69' lang='lat' dir='ltr'>corre6³te</span> <span class='ocrx_word' id='word_1_148' title='bbox 1944 1403 2167 1449; x_wconf 80' lang='lat' dir='ltr'>praebeant</span> <span class='ocrx_word' id='word_1_149' title='bbox 2184 1402 2361 1443; x_wconf 72' lang='lat' dir='ltr'>tabulae:</span> <span class='ocrx_word' id='word_1_150' title='bbox 2381 1408 2425 1438; x_wconf 91' lang='lat' dir='ltr'>ut</span> <span class='ocrx_word' id='word_1_151' title='bbox 2444 1404 2560 1439; x_wconf 91' lang='lat' dir='ltr'>enim</span> 
     </span>
     <span class='ocr_line' id='line_1_25' title="bbox 916 1455 2559 1503; baseline -0.001 -10"><span class='ocrx_word' id='word_1_152' title='bbox 916 1459 965 1494; x_wconf 71' lang='lat' dir='ltr'>de</span> <span class='ocrx_word' id='word_1_153' title='bbox 985 1460 1149 1494; x_wconf 62' lang='lat' dir='ltr'>creteris</span> <span class='ocrx_word' id='word_1_154' title='bbox 1166 1469 1255 1493; x_wconf 91' lang='lat' dir='ltr'>non</span> <span class='ocrx_word' id='word_1_155' title='bbox 1272 1458 1425 1497; x_wconf 86' lang='lat' dir='ltr'>dicam,</span> <span class='ocrx_word' id='word_1_156' title='bbox 1445 1457 1617 1503; x_wconf 80' lang='lat' dir='ltr'>Aqvilae</span> <span class='ocrx_word' id='word_1_157' title='bbox 1631 1456 1786 1497; x_wconf 83' lang='lat' dir='ltr'>lucida,</span> <span class='ocrx_word' id='word_1_158' title='bbox 1806 1468 1936 1502; x_wconf 84' lang='lat' dir='ltr'>qvam</span> <span class='ocrx_word' id='word_1_159' title='bbox 1950 1456 2084 1492; x_wconf 84' lang='lat' dir='ltr'>solam</span> <span class='ocrx_word' id='word_1_160' title='bbox 2097 1455 2271 1501; x_wconf 80' lang='lat' dir='ltr'>allegas,</span> <span class='ocrx_word' id='word_1_161' title='bbox 2289 1455 2342 1492; x_wconf 89' lang='lat' dir='ltr'>ab</span> <span class='ocrx_word' id='word_1_162' title='bbox 2356 1455 2559 1492; x_wconf 89' lang='lat' dir='ltr'>emenda—</span> 
     </span>
     <span class='ocr_line' id='line_1_26' title="bbox 920 1507 2559 1556; baseline -0.001 -10"><span class='ocrx_word' id='word_1_163' title='bbox 920 1514 1021 1547; x_wconf 70' lang='lat' dir='ltr'>[iore</span> <span class='ocrx_word' id='word_1_164' title='bbox 1042 1511 1274 1556; x_wconf 82' lang='lat' dir='ltr'>Copernici</span> <span class='ocrx_word' id='word_1_165' title='bbox 1293 1510 1553 1547; x_wconf 78' lang='lat' dir='ltr'>restitutione</span> <span class='ocrx_word' id='word_1_166' title='bbox 1572 1510 1712 1546; x_wconf 81' lang='lat' dir='ltr'>differt</span> <span class='ocrx_word' id='word_1_167' title='bbox 1731 1512 1773 1546; x_wconf 92' lang='lat' dir='ltr'>in</span> <span class='ocrx_word' id='word_1_168' title='bbox 1792 1510 1904 1546; x_wconf 86' lang='lat' dir='ltr'>coelo</span> <span class='ocrx_word' id='word_1_169' title='bbox 1923 1509 2065 1556; x_wconf 87' lang='lat' dir='ltr'>qvoad</span> <span class='ocrx_word' id='word_1_170' title='bbox 2086 1508 2403 1555; x_wconf 79' lang='lat' dir='ltr'>longitudinem</span> <span class='ocrx_word' id='word_1_171' title='bbox 2425 1507 2559 1545; x_wconf 88' lang='lat' dir='ltr'>ferme</span> 
     </span>
     <span class='ocr_line' id='line_1_27' title="bbox 918 1561 2559 1610; baseline -0.001 -10"><span class='ocrx_word' id='word_1_172' title='bbox 918 1565 1106 1600; x_wconf 77' lang='lat' dir='ltr'>deeunce</span> <span class='ocrx_word' id='word_1_173' title='bbox 1130 1566 1260 1600; x_wconf 90' lang='lat' dir='ltr'>unius</span> <span class='ocrx_word' id='word_1_174' title='bbox 1282 1564 1451 1610; x_wconf 76' lang='lat' dir='ltr'>gradus,</span> <span class='ocrx_word' id='word_1_175' title='bbox 1471 1566 1595 1610; x_wconf 80' lang='lat' dir='ltr'>juxta</span> <span class='ocrx_word' id='word_1_176' title='bbox 1613 1562 1933 1609; x_wconf 79' lang='lat' dir='ltr'>Alphonsinam</span> <span class='ocrx_word' id='word_1_177' title='bbox 1951 1562 2095 1599; x_wconf 87' lang='lat' dir='ltr'>adhuc</span> <span class='ocrx_word' id='word_1_178' title='bbox 2113 1562 2245 1608; x_wconf 91' lang='lat' dir='ltr'>duplo</span> <span class='ocrx_word' id='word_1_179' title='bbox 2264 1561 2377 1607; x_wconf 77' lang='lat' dir='ltr'>plus:</span> <span class='ocrx_word' id='word_1_180' title='bbox 2401 1563 2445 1598; x_wconf 92' lang='lat' dir='ltr'>in</span> <span class='ocrx_word' id='word_1_181' title='bbox 2468 1561 2559 1598; x_wconf 90' lang='lat' dir='ltr'>lati-</span> 
     </span>
     <span class='ocr_line' id='line_1_28' title="bbox 916 1614 2560 1663; baseline -0.001 -10"><span class='ocrx_word' id='word_1_182' title='bbox 916 1617 1065 1653; x_wconf 74' lang='lat' dir='ltr'>tudine</span> <span class='ocrx_word' id='word_1_183' title='bbox 1089 1617 1315 1663; x_wconf 84' lang='lat' dir='ltr'>utrobiqve</span> <span class='ocrx_word' id='word_1_184' title='bbox 1339 1617 1391 1653; x_wconf 88' lang='lat' dir='ltr'>est</span> <span class='ocrx_word' id='word_1_185' title='bbox 1414 1616 1615 1654; x_wconf 82' lang='lat' dir='ltr'>sextantis</span> <span class='ocrx_word' id='word_1_186' title='bbox 1638 1618 1769 1653; x_wconf 90' lang='lat' dir='ltr'>unius</span> <span class='ocrx_word' id='word_1_187' title='bbox 1788 1616 1946 1663; x_wconf 81' lang='lat' dir='ltr'>gradus</span> <span class='ocrx_word' id='word_1_188' title='bbox 1964 1614 2165 1652; x_wconf 61' lang='lat' dir='ltr'>defeetus.</span> <span class='ocrx_word' id='word_1_189' title='bbox 2188 1615 2281 1651; x_wconf 88' lang='lat' dir='ltr'>Nec</span> <span class='ocrx_word' id='word_1_190' title='bbox 2300 1616 2431 1651; x_wconf 90' lang='lat' dir='ltr'>etiam</span> <span class='ocrx_word' id='word_1_191' title='bbox 2448 1615 2560 1652; x_wconf 90' lang='lat' dir='ltr'>Solis</span> 
     </span>
     <span class='ocr_line' id='line_1_29' title="bbox 917 1669 2558 1716; baseline -0.001 -10"><span class='ocrx_word' id='word_1_192' title='bbox 917 1677 1071 1710; x_wconf 78' lang='lat' dir='ltr'>motus.</span> <span class='ocrx_word' id='word_1_193' title='bbox 1091 1672 1161 1716; x_wconf 85' lang='lat' dir='ltr'>qvi</span> <span class='ocrx_word' id='word_1_194' title='bbox 1180 1671 1409 1707; x_wconf 83' lang='lat' dir='ltr'>necessario</span> <span class='ocrx_word' id='word_1_195' title='bbox 1422 1670 1476 1707; x_wconf 91' lang='lat' dir='ltr'>ad</span> <span class='ocrx_word' id='word_1_196' title='bbox 1490 1672 1696 1716; x_wconf 90' lang='lat' dir='ltr'>temporis</span> <span class='ocrx_word' id='word_1_197' title='bbox 1709 1669 1933 1716; x_wconf 81' lang='lat' dir='ltr'>praeeisam</span> <span class='ocrx_word' id='word_1_198' title='bbox 1947 1670 2301 1706; x_wconf 88' lang='lat' dir='ltr'>numerationem</span> <span class='ocrx_word' id='word_1_199' title='bbox 2317 1669 2558 1714; x_wconf 80' lang='lat' dir='ltr'>reqviritur,</span> 
     </span>
     <span class='ocr_line' id='line_1_30' title="bbox 918 1721 2559 1768; baseline -0.002 -8"><span class='ocrx_word' id='word_1_200' title='bbox 918 1723 1126 1760; x_wconf 70' lang='lat' dir='ltr'>&#39;&#39;riae‘tenus</span> <span class='ocrx_word' id='word_1_201' title='bbox 1148 1723 1237 1760; x_wconf 91' lang='lat' dir='ltr'>ullo</span> <span class='ocrx_word' id='word_1_202' title='bbox 1260 1723 1428 1760; x_wconf 87' lang='lat' dir='ltr'>calculo</span> <span class='ocrx_word' id='word_1_203' title='bbox 1451 1723 1547 1760; x_wconf 86' lang='lat' dir='ltr'>satis</span> <span class='ocrx_word' id='word_1_204' title='bbox 1570 1725 1802 1760; x_wconf 80' lang='lat' dir='ltr'>extricatus</span> <span class='ocrx_word' id='word_1_205' title='bbox 1824 1722 1890 1763; x_wconf 79' lang='lat' dir='ltr'>est.</span> <span class='ocrx_word' id='word_1_206' title='bbox 1914 1728 1957 1759; x_wconf 88' lang='lat' dir='ltr'>ut</span> <span class='ocrx_word' id='word_1_207' title='bbox 1980 1722 2182 1759; x_wconf 84' lang='lat' dir='ltr'>restitutio</span> <span class='ocrx_word' id='word_1_208' title='bbox 2206 1721 2407 1758; x_wconf 86' lang='lat' dir='ltr'>curriculi</span> <span class='ocrx_word' id='word_1_209' title='bbox 2427 1723 2520 1768; x_wconf 78' lang='lat' dir='ltr'>ejus</span> <span class='ocrx_word' id='word_1_210' title='bbox 2539 1733 2559 1758; x_wconf 88' lang='lat' dir='ltr'>e</span> 
     </span>
     <span class='ocr_line' id='line_1_31' title="bbox 916 1774 2559 1824; baseline -0.001 -11"><span class='ocrx_word' id='word_1_211' title='bbox 916 1777 1113 1822; x_wconf 77' lang='lat' dir='ltr'>plurimis</span> <span class='ocrx_word' id='word_1_212' title='bbox 1132 1776 1517 1816; x_wconf 75' lang='lat' dir='ltr'>observationibus,</span> <span class='ocrx_word' id='word_1_213' title='bbox 1540 1776 1779 1824; x_wconf 83' lang='lat' dir='ltr'>ijsdemqve</span> <span class='ocrx_word' id='word_1_214' title='bbox 1798 1777 1929 1822; x_wconf 85' lang='lat' dir='ltr'>varijs</span> <span class='ocrx_word' id='word_1_215' title='bbox 1948 1775 2134 1822; x_wconf 82' lang='lat' dir='ltr'>Organis</span> <span class='ocrx_word' id='word_1_216' title='bbox 2156 1786 2316 1821; x_wconf 83' lang='lat' dir='ltr'>magna</span> <span class='ocrx_word' id='word_1_217' title='bbox 2337 1774 2559 1812; x_wconf 87' lang='lat' dir='ltr'>sedulitate</span> 
     </span>
     <span class='ocr_line' id='line_1_32' title="bbox 916 1828 2558 1876; baseline -0.001 -10"><span class='ocrx_word' id='word_1_218' title='bbox 916 1829 1046 1870; x_wconf 60' lang='lat' dir='ltr'>safftis„</span> <span class='ocrx_word' id='word_1_219' title='bbox 1062 1832 1202 1875; x_wconf 87' lang='lat' dir='ltr'>primo</span> <span class='ocrx_word' id='word_1_220' title='bbox 1216 1830 1325 1867; x_wconf 85' lang='lat' dir='ltr'>libro</span> <span class='ocrx_word' id='word_1_221' title='bbox 1340 1830 1430 1875; x_wconf 85' lang='lat' dir='ltr'>(ubi</span> <span class='ocrx_word' id='word_1_222' title='bbox 1443 1832 1477 1867; x_wconf 88' lang='lat' dir='ltr'>is</span> <span class='ocrx_word' id='word_1_223' title='bbox 1490 1830 1712 1876; x_wconf 87' lang='lat' dir='ltr'>prodierit)</span> <span class='ocrx_word' id='word_1_224' title='bbox 1726 1829 1951 1876; x_wconf 69' lang='lat' dir='ltr'>patefadla,</span> <span class='ocrx_word' id='word_1_225' title='bbox 1966 1835 2004 1865; x_wconf 91' lang='lat' dir='ltr'>te</span> <span class='ocrx_word' id='word_1_226' title='bbox 2017 1828 2558 1874; x_wconf 87' lang='lat' dir='ltr'>admonebit.Temporiim</span> 
     </span>
     <span class='ocr_line' id='line_1_33' title="bbox 916 1881 2558 1929; baseline -0.001 -10"><span class='ocrx_word' id='word_1_227' title='bbox 916 1885 1057 1929; x_wconf 69' lang='lat' dir='ltr'>itaqve</span> <span class='ocrx_word' id='word_1_228' title='bbox 1081 1883 1361 1920; x_wconf 80' lang='lat' dir='ltr'>subtilissimas</span> <span class='ocrx_word' id='word_1_229' title='bbox 1384 1883 1682 1929; x_wconf 86' lang='lat' dir='ltr'>portiunculas</span> <span class='ocrx_word' id='word_1_230' title='bbox 1702 1894 1753 1919; x_wconf 81' lang='lat' dir='ltr'>ex</span> <span class='ocrx_word' id='word_1_231' title='bbox 1770 1882 2071 1920; x_wconf 88' lang='lat' dir='ltr'>altitudinibus</span> <span class='ocrx_word' id='word_1_232' title='bbox 2091 1882 2307 1918; x_wconf 86' lang='lat' dir='ltr'>stellarum</span> <span class='ocrx_word' id='word_1_233' title='bbox 2326 1881 2408 1918; x_wconf 91' lang='lat' dir='ltr'>sive</span> <span class='ocrx_word' id='word_1_234' title='bbox 2426 1881 2558 1918; x_wconf 91' lang='lat' dir='ltr'>medi-</span> 
     </span>
     <span class='ocr_line' id='line_1_34' title="bbox 916 1935 2558 1983; baseline -0.001 -11"><span class='ocrx_word' id='word_1_235' title='bbox 916 1942 1013 1973; x_wconf 84' lang='lat' dir='ltr'>ante</span> <span class='ocrx_word' id='word_1_236' title='bbox 1033 1937 1128 1973; x_wconf 85' lang='lat' dir='ltr'>loeo</span> <span class='ocrx_word' id='word_1_237' title='bbox 1147 1936 1258 1973; x_wconf 87' lang='lat' dir='ltr'>Solis</span> <span class='ocrx_word' id='word_1_238' title='bbox 1281 1936 1363 1973; x_wconf 87' lang='lat' dir='ltr'>sive</span> <span class='ocrx_word' id='word_1_239' title='bbox 1387 1948 1462 1983; x_wconf 88' lang='lat' dir='ltr'>per</span> <span class='ocrx_word' id='word_1_240' title='bbox 1483 1936 1571 1973; x_wconf 83' lang='lat' dir='ltr'>sola</span> <span class='ocrx_word' id='word_1_241' title='bbox 1594 1936 1823 1973; x_wconf 87' lang='lat' dir='ltr'>intervalla</span> <span class='ocrx_word' id='word_1_242' title='bbox 1841 1935 1926 1972; x_wconf 88' lang='lat' dir='ltr'>sine</span> <span class='ocrx_word' id='word_1_243' title='bbox 1945 1935 2026 1972; x_wconf 89' lang='lat' dir='ltr'>hoc</span> <span class='ocrx_word' id='word_1_244' title='bbox 2045 1935 2300 1981; x_wconf 83' lang='lat' dir='ltr'>depromere</span> <span class='ocrx_word' id='word_1_245' title='bbox 2323 1936 2480 1981; x_wconf 88' lang='lat' dir='ltr'>majori</span> <span class='ocrx_word' id='word_1_246' title='bbox 2497 1936 2558 1971; x_wconf 91' lang='lat' dir='ltr'>in-</span> 
     </span>
     <span class='ocr_line' id='line_1_35' title="bbox 916 1987 2558 2036; baseline -0.001 -11"><span class='ocrx_word' id='word_1_247' title='bbox 916 1990 1025 2036; x_wconf 72' lang='lat' dir='ltr'>diget</span> <span class='ocrx_word' id='word_1_248' title='bbox 1051 1989 1442 2035; x_wconf 67' lang='lat' dir='ltr'>circumspedtione,</span> <span class='ocrx_word' id='word_1_249' title='bbox 1471 1996 1561 2026; x_wconf 91' lang='lat' dir='ltr'>tum</span> <span class='ocrx_word' id='word_1_250' title='bbox 1590 1992 1720 2026; x_wconf 92' lang='lat' dir='ltr'>etiam</span> <span class='ocrx_word' id='word_1_251' title='bbox 1745 1988 1987 2025; x_wconf 78' lang='lat' dir='ltr'>difficultati</span> <span class='ocrx_word' id='word_1_252' title='bbox 2012 1995 2137 2034; x_wconf 84' lang='lat' dir='ltr'>atqve</span> <span class='ocrx_word' id='word_1_253' title='bbox 2163 1989 2298 2024; x_wconf 86' lang='lat' dir='ltr'>errori</span> <span class='ocrx_word' id='word_1_254' title='bbox 2324 1989 2461 2034; x_wconf 85' lang='lat' dir='ltr'>magis</span> <span class='ocrx_word' id='word_1_255' title='bbox 2488 1987 2558 2024; x_wconf 93' lang='lat' dir='ltr'>ob-</span> 
     </span>
     <span class='ocr_line' id='line_1_36' title="bbox 917 2040 2559 2090; baseline -0.001 -11"><span class='ocrx_word' id='word_1_256' title='bbox 917 2045 1098 2079; x_wconf 78' lang='lat' dir='ltr'>noxium</span> <span class='ocrx_word' id='word_1_257' title='bbox 1117 2043 1181 2082; x_wconf 81' lang='lat' dir='ltr'>est.</span> <span class='ocrx_word' id='word_1_258' title='bbox 1201 2055 1331 2089; x_wconf 80' lang='lat' dir='ltr'>qvam</span> <span class='ocrx_word' id='word_1_259' title='bbox 1349 2055 1373 2080; x_wconf 83' lang='lat' dir='ltr'>a</span> <span class='ocrx_word' id='word_1_260' title='bbox 1392 2055 1611 2090; x_wconf 79' lang='lat' dir='ltr'>qvoqvam</span> <span class='ocrx_word' id='word_1_261' title='bbox 1630 2041 1840 2079; x_wconf 58' lang='lat' dir='ltr'>timenus</span> <span class='ocrx_word' id='word_1_262' title='bbox 1858 2041 2210 2079; x_wconf 87' lang='lat' dir='ltr'>animadversum</span> <span class='ocrx_word' id='word_1_263' title='bbox 2227 2041 2366 2077; x_wconf 89' lang='lat' dir='ltr'>video.</span> <span class='ocrx_word' id='word_1_264' title='bbox 2386 2040 2503 2086; x_wconf 89' lang='lat' dir='ltr'>Qvin</span> <span class='ocrx_word' id='word_1_265' title='bbox 2520 2046 2559 2077; x_wconf 89' lang='lat' dir='ltr'>et</span> 
     </span>
    </p>
   </div>
   <div class='ocr_carea' id='block_1_8' title="bbox 917 2094 2612 2143">
    <p class='ocr_par' dir='ltr' id='par_1_8' title="bbox 917 2094 2612 2143">
     <span class='ocr_line' id='line_1_37' title="bbox 917 2094 2612 2143; baseline -0.002 -11"><span class='ocrx_word' id='word_1_266' title='bbox 917 2096 1257 2132; x_wconf 62' lang='lat' dir='ltr'>Azimuthorum</span> <span class='ocrx_word' id='word_1_267' title='bbox 1284 2096 1489 2143; x_wconf 85' lang='lat' dir='ltr'>exqvisita</span> <span class='ocrx_word' id='word_1_268' title='bbox 1515 2096 1748 2143; x_wconf 80' lang='lat' dir='ltr'>designatio</span> <span class='ocrx_word' id='word_1_269' title='bbox 1775 2107 1850 2142; x_wconf 87' lang='lat' dir='ltr'>per</span> <span class='ocrx_word' id='word_1_270' title='bbox 1876 2095 1979 2132; x_wconf 89' lang='lat' dir='ltr'>talia</span> <span class='ocrx_word' id='word_1_271' title='bbox 2006 2106 2101 2141; x_wconf 81' lang='lat' dir='ltr'>qvae</span> <span class='ocrx_word' id='word_1_272' title='bbox 2126 2100 2170 2131; x_wconf 82' lang='lat' dir='ltr'>tu</span> <span class='ocrx_word' id='word_1_273' title='bbox 2195 2094 2375 2131; x_wconf 87' lang='lat' dir='ltr'>adducis</span> <span class='ocrx_word' id='word_1_274' title='bbox 2401 2094 2557 2136; x_wconf 88' lang='lat' dir='ltr'>media,</span> <span class='ocrx_word' id='word_1_275' title='bbox 2598 2105 2612 2128; x_wconf 77' lang='lat'><em>2</em></span> 
     </span>
    </p>
   </div>
   <div class='ocr_carea' id='block_1_9' title="bbox 916 2147 2560 3045">
    <p class='ocr_par' dir='ltr' id='par_1_9' title="bbox 916 2147 2560 3045">
     <span class='ocr_line' id='line_1_38' title="bbox 917 2147 2559 2196; baseline -0.001 -11"><span class='ocrx_word' id='word_1_276' title='bbox 917 2161 1005 2186; x_wconf 86' lang='lat' dir='ltr'>non</span> <span class='ocrx_word' id='word_1_277' title='bbox 1028 2150 1271 2186; x_wconf 83' lang='lat' dir='ltr'>minoribus</span> <span class='ocrx_word' id='word_1_278' title='bbox 1294 2150 1529 2186; x_wconf 88' lang='lat' dir='ltr'>involvitur</span> <span class='ocrx_word' id='word_1_279' title='bbox 1548 2148 1837 2196; x_wconf 81' lang='lat' dir='ltr'>Labyrinthis‚</span> <span class='ocrx_word' id='word_1_280' title='bbox 1860 2155 1905 2185; x_wconf 90' lang='lat' dir='ltr'>ut</span> <span class='ocrx_word' id='word_1_281' title='bbox 1928 2148 1980 2185; x_wconf 90' lang='lat' dir='ltr'>ob</span> <span class='ocrx_word' id='word_1_282' title='bbox 2003 2148 2044 2184; x_wconf 89' lang='lat' dir='ltr'>id</span> <span class='ocrx_word' id='word_1_283' title='bbox 2067 2150 2226 2184; x_wconf 89' lang='lat' dir='ltr'>mirum</span> <span class='ocrx_word' id='word_1_284' title='bbox 2250 2159 2339 2184; x_wconf 92' lang='lat' dir='ltr'>non</span> <span class='ocrx_word' id='word_1_285' title='bbox 2361 2147 2417 2188; x_wconf 80' lang='lat' dir='ltr'>sit.</span> <span class='ocrx_word' id='word_1_286' title='bbox 2440 2153 2479 2184; x_wconf 88' lang='lat' dir='ltr'>te</span> <span class='ocrx_word' id='word_1_287' title='bbox 2501 2149 2559 2184; x_wconf 89' lang='lat' dir='ltr'>ita</span> 
     </span>
     <span class='ocr_line' id='line_1_39' title="bbox 918 2201 2559 2240; baseline -0.001 -2"><span class='ocrx_word' id='word_1_288' title='bbox 918 2201 1130 2239; x_wconf 46' lang='lat' dir='ltr'>fiueffuasse</span> <span class='ocrx_word' id='word_1_289' title='bbox 1154 2202 1190 2239; x_wconf 85' lang='lat'>&amp;</span> <span class='ocrx_word' id='word_1_290' title='bbox 1212 2208 1299 2239; x_wconf 87' lang='lat' dir='ltr'>tarn</span> <span class='ocrx_word' id='word_1_291' title='bbox 1322 2203 1606 2240; x_wconf 82' lang='lat' dir='ltr'>diversimode</span> <span class='ocrx_word' id='word_1_292' title='bbox 1624 2202 1920 2239; x_wconf 81' lang='lat' dir='ltr'>Parallaxium</span> <span class='ocrx_word' id='word_1_293' title='bbox 1940 2201 2309 2238; x_wconf 85' lang='lat' dir='ltr'>menlurationem</span> <span class='ocrx_word' id='word_1_294' title='bbox 2329 2201 2559 2237; x_wconf 82' lang='lat' dir='ltr'>assecutum</span> 
     </span>
     <span class='ocr_line' id='line_1_40' title="bbox 918 2253 2558 2302; baseline -0.001 -11"><span class='ocrx_word' id='word_1_295' title='bbox 918 2256 1004 2295; x_wconf 69' lang='lat' dir='ltr'>esse</span> <span class='ocrx_word' id='word_1_296' title='bbox 1032 2262 1157 2302; x_wconf 82' lang='lat' dir='ltr'>atqve</span> <span class='ocrx_word' id='word_1_297' title='bbox 1185 2256 1237 2293; x_wconf 85' lang='lat' dir='ltr'>ab</span> <span class='ocrx_word' id='word_1_298' title='bbox 1264 2258 1386 2293; x_wconf 87' lang='lat' dir='ltr'>initio</span> <span class='ocrx_word' id='word_1_299' title='bbox 1413 2259 1456 2293; x_wconf 89' lang='lat' dir='ltr'>in</span> <span class='ocrx_word' id='word_1_300' title='bbox 1483 2256 1701 2296; x_wconf 70' lang='lat' dir='ltr'>absurdas</span> <span class='ocrx_word' id='word_1_301' title='bbox 1732 2261 1776 2292; x_wconf 91' lang='lat' dir='ltr'>ut</span> <span class='ocrx_word' id='word_1_302' title='bbox 1803 2255 1959 2295; x_wconf 80' lang='lat' dir='ltr'>fateris,</span> <span class='ocrx_word' id='word_1_303' title='bbox 1988 2257 2264 2301; x_wconf 84' lang='lat' dir='ltr'>operationes</span> <span class='ocrx_word' id='word_1_304' title='bbox 2291 2253 2558 2295; x_wconf 83' lang='lat' dir='ltr'>devolutum,</span> 
     </span>
     <span class='ocr_line' id='line_1_41' title="bbox 918 2307 2559 2355; baseline -0.001 -11"><span class='ocrx_word' id='word_1_305' title='bbox 918 2308 1058 2354; x_wconf 80' lang='lat' dir='ltr'>postea</span> <span class='ocrx_word' id='word_1_306' title='bbox 1086 2322 1188 2345; x_wconf 87' lang='lat' dir='ltr'>vero</span> <span class='ocrx_word' id='word_1_307' title='bbox 1216 2309 1502 2346; x_wconf 86' lang='lat' dir='ltr'>diversitatem</span> <span class='ocrx_word' id='word_1_308' title='bbox 1529 2309 1649 2346; x_wconf 89' lang='lat' dir='ltr'>illam</span> <span class='ocrx_word' id='word_1_309' title='bbox 1673 2310 1695 2346; x_wconf 86' lang='lat'>5</span> <span class='ocrx_word' id='word_1_310' title='bbox 1720 2310 1917 2355; x_wconf 78' lang='lat' dir='ltr'>proxime</span> <span class='ocrx_word' id='word_1_311' title='bbox 1944 2310 2133 2354; x_wconf 88' lang='lat' dir='ltr'>partium</span> <span class='ocrx_word' id='word_1_312' title='bbox 2160 2307 2435 2349; x_wconf 89' lang='lat' dir='ltr'>adinvenisse;</span> <span class='ocrx_word' id='word_1_313' title='bbox 2462 2307 2559 2344; x_wconf 88' lang='lat' dir='ltr'>licet</span> 
     </span>
     <span class='ocr_line' id='line_1_42' title="bbox 918 2360 2559 2408; baseline -0.001 -11"><span class='ocrx_word' id='word_1_314' title='bbox 918 2363 1033 2398; x_wconf 86' lang='lat' dir='ltr'>enim</span> <span class='ocrx_word' id='word_1_315' title='bbox 1052 2369 1195 2399; x_wconf 87' lang='lat' dir='ltr'>motus</span> <span class='ocrx_word' id='word_1_316' title='bbox 1214 2365 1414 2408; x_wconf 84' lang='lat' dir='ltr'>proprius</span> <span class='ocrx_word' id='word_1_317' title='bbox 1432 2363 1629 2400; x_wconf 77' lang='lat' dir='ltr'>Cometae</span> <span class='ocrx_word' id='word_1_318' title='bbox 1648 2363 1701 2399; x_wconf 89' lang='lat' dir='ltr'>ab</span> <span class='ocrx_word' id='word_1_319' title='bbox 1719 2364 1842 2399; x_wconf 87' lang='lat' dir='ltr'>initio</span> <span class='ocrx_word' id='word_1_320' title='bbox 1859 2361 2124 2408; x_wconf 84' lang='lat' dir='ltr'>majusculus</span> <span class='ocrx_word' id='word_1_321' title='bbox 2142 2360 2280 2401; x_wconf 83' lang='lat' dir='ltr'>fuerit.</span> <span class='ocrx_word' id='word_1_322' title='bbox 2305 2366 2452 2397; x_wconf 90' lang='lat' dir='ltr'>tamen</span> <span class='ocrx_word' id='word_1_323' title='bbox 2469 2365 2559 2397; x_wconf 90' lang='lat' dir='ltr'>tan-</span> 
     </span>
     <span class='ocr_line' id='line_1_43' title="bbox 918 2413 2560 2459; baseline 0 -9"><span class='ocrx_word' id='word_1_324' title='bbox 918 2420 983 2450; x_wconf 80' lang='lat' dir='ltr'>tus</span> <span class='ocrx_word' id='word_1_325' title='bbox 1002 2427 1089 2451; x_wconf 83' lang='lat' dir='ltr'>non</span> <span class='ocrx_word' id='word_1_326' title='bbox 1109 2422 1209 2455; x_wconf 81' lang='lat' dir='ltr'>erat.</span> <span class='ocrx_word' id='word_1_327' title='bbox 1234 2422 1278 2451; x_wconf 91' lang='lat' dir='ltr'>ut</span> <span class='ocrx_word' id='word_1_328' title='bbox 1296 2416 1525 2452; x_wconf 88' lang='lat' dir='ltr'>intervallo</span> <span class='ocrx_word' id='word_1_329' title='bbox 1543 2416 1731 2453; x_wconf 86' lang='lat' dir='ltr'>duarum</span> <span class='ocrx_word' id='word_1_330' title='bbox 1749 2415 1817 2451; x_wconf 90' lang='lat' dir='ltr'>vel</span> <span class='ocrx_word' id='word_1_331' title='bbox 1834 2417 1964 2451; x_wconf 88' lang='lat' dir='ltr'>trium</span> <span class='ocrx_word' id='word_1_332' title='bbox 1985 2414 2208 2455; x_wconf 86' lang='lat' dir='ltr'>horarum,</span> <span class='ocrx_word' id='word_1_333' title='bbox 2233 2413 2387 2459; x_wconf 88' lang='lat' dir='ltr'>qvibus</span> <span class='ocrx_word' id='word_1_334' title='bbox 2404 2413 2560 2450; x_wconf 86' lang='lat' dir='ltr'>solum-</span> 
     </span>
     <span class='ocr_line' id='line_1_44' title="bbox 918 2465 2559 2514; baseline 0 -11"><span class='ocrx_word' id='word_1_335' title='bbox 918 2469 1048 2504; x_wconf 84' lang='lat' dir='ltr'>modo</span> <span class='ocrx_word' id='word_1_336' title='bbox 1070 2469 1179 2505; x_wconf 81' lang='lat' dir='ltr'>bene</span> <span class='ocrx_word' id='word_1_337' title='bbox 1203 2468 1469 2514; x_wconf 61' lang='lat' dir='ltr'>asiiedtabilis</span> <span class='ocrx_word' id='word_1_338' title='bbox 1491 2469 1580 2509; x_wconf 81' lang='lat' dir='ltr'>fuit,</span> <span class='ocrx_word' id='word_1_339' title='bbox 1604 2468 1844 2505; x_wconf 72' lang='lat' dir='ltr'>Farallaxis</span> <span class='ocrx_word' id='word_1_340' title='bbox 1866 2469 1887 2505; x_wconf 88' lang='grc'>5</span> <span class='ocrx_word' id='word_1_341' title='bbox 1910 2470 2098 2514; x_wconf 86' lang='lat' dir='ltr'>partium</span> <span class='ocrx_word' id='word_1_342' title='bbox 2121 2466 2292 2513; x_wconf 88' lang='lat' dir='ltr'>prorsus</span> <span class='ocrx_word' id='word_1_343' title='bbox 2310 2465 2559 2504; x_wconf 83' lang='lat' dir='ltr'>exhaurire-</span> 
     </span>
     <span class='ocr_line' id='line_1_45' title="bbox 918 2518 2336 2570; baseline 0 -14"><span class='ocrx_word' id='word_1_344' title='bbox 918 2527 995 2559; x_wconf 28' lang='lat' dir='ltr'>tur*</span> <span class='ocrx_word' id='word_1_345' title='bbox 1015 2522 1123 2557; x_wconf 80' lang='lat' dir='ltr'>adeo</span> <span class='ocrx_word' id='word_1_346' title='bbox 1143 2528 1186 2558; x_wconf 91' lang='lat' dir='ltr'>ut</span> <span class='ocrx_word' id='word_1_347' title='bbox 1205 2524 1505 2567; x_wconf 77' lang='lat' dir='ltr'>operationem</span> <span class='ocrx_word' id='word_1_348' title='bbox 1525 2533 1701 2559; x_wconf 88' lang='lat' dir='ltr'>omnem</span> <span class='ocrx_word' id='word_1_349' title='bbox 1720 2518 1734 2570; x_wconf 74' lang='grc' dir='ltr'>ΙΙ</span> <span class='ocrx_word' id='word_1_350' title='bbox 1751 2524 1795 2557; x_wconf 89' lang='lat' dir='ltr'>in</span> <span class='ocrx_word' id='word_1_351' title='bbox 1814 2522 2081 2558; x_wconf 83' lang='lat' dir='ltr'>contrarium</span> <span class='ocrx_word' id='word_1_352' title='bbox 2099 2520 2336 2557; x_wconf 81' lang='lat' dir='ltr'>deduxerit.</span> 
     </span>
     <span class='ocr_line' id='line_1_46' title="bbox 972 2573 2560 2622; baseline 0 -13"><span class='ocrx_word' id='word_1_353' title='bbox 972 2574 1228 2611; x_wconf 77' lang='lat' dir='ltr'>Mernineris</span> <span class='ocrx_word' id='word_1_354' title='bbox 1247 2582 1393 2611; x_wconf 87' lang='lat' dir='ltr'>autem</span> <span class='ocrx_word' id='word_1_355' title='bbox 1411 2576 1592 2622; x_wconf 84' lang='lat' dir='ltr'>teipsum</span> <span class='ocrx_word' id='word_1_356' title='bbox 1611 2581 1739 2612; x_wconf 88' lang='lat' dir='ltr'>antea</span> <span class='ocrx_word' id='word_1_357' title='bbox 1754 2575 1895 2611; x_wconf 85' lang='lat' dir='ltr'>dixisse</span> <span class='ocrx_word' id='word_1_358' title='bbox 1909 2574 2141 2611; x_wconf 89' lang='lat' dir='ltr'>Cometam</span> <span class='ocrx_word' id='word_1_359' title='bbox 2155 2574 2417 2619; x_wconf 89' lang='lat' dir='ltr'>pedetentim</span> <span class='ocrx_word' id='word_1_360' title='bbox 2431 2573 2560 2610; x_wconf 88' lang='lat' dir='ltr'>altius</span> 
     </span>
     <span class='ocr_line' id='line_1_47' title="bbox 919 2625 2558 2674; baseline 0 -12"><span class='ocrx_word' id='word_1_361' title='bbox 919 2638 939 2662; x_wconf 87' lang='lat' dir='ltr'>e</span> <span class='ocrx_word' id='word_1_362' title='bbox 957 2629 1077 2663; x_wconf 78' lang='lat' dir='ltr'>terris</span> <span class='ocrx_word' id='word_1_363' title='bbox 1096 2628 1149 2663; x_wconf 78' lang='lat' dir='ltr'>ol)</span> <span class='ocrx_word' id='word_1_364' title='bbox 1167 2631 1360 2665; x_wconf 70' lang='lat' dir='ltr'>materiae</span> <span class='ocrx_word' id='word_1_365' title='bbox 1384 2629 1651 2665; x_wconf 78' lang='lat' dir='ltr'>successivam</span> <span class='ocrx_word' id='word_1_366' title='bbox 1675 2630 2021 2665; x_wconf 88' lang='lat' dir='ltr'>attenuationem</span> <span class='ocrx_word' id='word_1_367' title='bbox 2042 2626 2078 2663; x_wconf 84' lang='lat'>&amp;</span> <span class='ocrx_word' id='word_1_368' title='bbox 2098 2626 2400 2674; x_wconf 83' lang='lat' dir='ltr'>flagrationem</span> <span class='ocrx_word' id='word_1_369' title='bbox 2422 2625 2558 2663; x_wconf 75' lang='lat' dir='ltr'>sublau</span> 
     </span>
     <span class='ocr_line' id='line_1_48' title="bbox 917 2680 2560 2728; baseline 0 -13"><span class='ocrx_word' id='word_1_370' title='bbox 917 2686 1008 2715; x_wconf 91' lang='lat' dir='ltr'>tum</span> <span class='ocrx_word' id='word_1_371' title='bbox 1023 2682 1109 2719; x_wconf 71' lang='lat' dir='ltr'>esse,</span> <span class='ocrx_word' id='word_1_372' title='bbox 1125 2682 1239 2717; x_wconf 86' lang='lat' dir='ltr'>unde</span> <span class='ocrx_word' id='word_1_373' title='bbox 1253 2681 1438 2727; x_wconf 74' lang='lat' dir='ltr'>l&#39;eqvitur</span> <span class='ocrx_word' id='word_1_374' title='bbox 1452 2684 1684 2728; x_wconf 71' lang='lat' dir='ltr'>eumjuxta</span> <span class='ocrx_word' id='word_1_375' title='bbox 1698 2683 1861 2727; x_wconf 87' lang='lat' dir='ltr'>primas</span> <span class='ocrx_word' id='word_1_376' title='bbox 1875 2682 2166 2727; x_wconf 84' lang='lat' dir='ltr'>apparentias,</span> <span class='ocrx_word' id='word_1_377' title='bbox 2180 2680 2354 2726; x_wconf 84' lang='lat' dir='ltr'>qvando</span> <span class='ocrx_word' id='word_1_378' title='bbox 2366 2681 2560 2725; x_wconf 88' lang='lat' dir='ltr'>operatio</span> 
     </span>
     <span class='ocr_line' id='line_1_49' title="bbox 916 2732 2560 2781; baseline 0.001 -13"><span class='ocrx_word' id='word_1_379' title='bbox 916 2732 991 2768; x_wconf 87' lang='lat' dir='ltr'>tibi</span> <span class='ocrx_word' id='word_1_380' title='bbox 1010 2744 1098 2768; x_wconf 86' lang='lat' dir='ltr'>non</span> <span class='ocrx_word' id='word_1_381' title='bbox 1117 2733 1305 2769; x_wconf 74' lang='lat' dir='ltr'>suecessit.</span> <span class='ocrx_word' id='word_1_382' title='bbox 1327 2734 1470 2771; x_wconf 82' lang='lat' dir='ltr'>adhuc</span> <span class='ocrx_word' id='word_1_383' title='bbox 1488 2737 1701 2781; x_wconf 83' lang='lat' dir='ltr'>majorem</span> <span class='ocrx_word' id='word_1_384' title='bbox 1721 2734 1923 2771; x_wconf 84' lang='lat' dir='ltr'>admisisse</span> <span class='ocrx_word' id='word_1_385' title='bbox 1942 2733 2193 2770; x_wconf 82' lang='lat' dir='ltr'>Parallaxin</span> <span class='ocrx_word' id='word_1_386' title='bbox 2211 2744 2341 2779; x_wconf 85' lang='lat' dir='ltr'>qvam</span> <span class='ocrx_word' id='word_1_387' title='bbox 2360 2733 2381 2769; x_wconf 88' lang='grc'>5</span> <span class='ocrx_word' id='word_1_388' title='bbox 2399 2743 2489 2778; x_wconf 85' lang='lat' dir='ltr'>par.</span> <span class='ocrx_word' id='word_1_389' title='bbox 2509 2743 2560 2769; x_wconf 86' lang='lat' dir='ltr'>ex</span> 
     </span>
     <span class='ocr_line' id='line_1_50' title="bbox 918 2785 2560 2833; baseline 0.001 -12"><span class='ocrx_word' id='word_1_390' title='bbox 918 2797 1001 2830; x_wconf 87' lang='lat' dir='ltr'>qvo</span> <span class='ocrx_word' id='word_1_391' title='bbox 1028 2788 1138 2822; x_wconf 77' lang='lat' dir='ltr'>circa</span> <span class='ocrx_word' id='word_1_392' title='bbox 1163 2786 1294 2822; x_wconf 81' lang='lat' dir='ltr'>finem</span> <span class='ocrx_word' id='word_1_393' title='bbox 1320 2793 1438 2824; x_wconf 84' lang='lat' dir='ltr'>tanta</span> <span class='ocrx_word' id='word_1_394' title='bbox 1462 2788 1768 2833; x_wconf 79' lang='lat' dir='ltr'>reperiebatur.</span> <span class='ocrx_word' id='word_1_395' title='bbox 1794 2787 1978 2833; x_wconf 78' lang='lat' dir='ltr'>ideoqve</span> <span class='ocrx_word' id='word_1_396' title='bbox 2000 2798 2075 2832; x_wconf 87' lang='lat' dir='ltr'>per</span> <span class='ocrx_word' id='word_1_397' title='bbox 2097 2788 2339 2823; x_wconf 81' lang='lat' dir='ltr'>motionem</span> <span class='ocrx_word' id='word_1_398' title='bbox 2362 2785 2560 2822; x_wconf 84' lang='lat' dir='ltr'>Cometae</span> 
     </span>
     <span class='ocr_line' id='line_1_51' title="bbox 918 2837 2560 2886; baseline 0 -12"><span class='ocrx_word' id='word_1_399' title='bbox 918 2837 1098 2878; x_wconf 77' lang='lat' dir='ltr'>insitam.</span> <span class='ocrx_word' id='word_1_400' title='bbox 1114 2839 1254 2875; x_wconf 80' lang='lat' dir='ltr'>adhuc</span> <span class='ocrx_word' id='word_1_401' title='bbox 1269 2840 1393 2886; x_wconf 68' lang='lat' dir='ltr'>longe</span> <span class='ocrx_word' id='word_1_402' title='bbox 1406 2843 1550 2876; x_wconf 83' lang='lat' dir='ltr'>minus</span> <span class='ocrx_word' id='word_1_403' title='bbox 1563 2841 1889 2886; x_wconf 77' lang='lat' dir='ltr'>impediebatur.</span> <span class='ocrx_word' id='word_1_404' title='bbox 1905 2842 2007 2886; x_wconf 81' lang='lat' dir='ltr'>qvin</span> <span class='ocrx_word' id='word_1_405' title='bbox 2019 2838 2355 2876; x_wconf 83' lang='lat' dir='ltr'>observationi&amp;</span> <span class='ocrx_word' id='word_1_406' title='bbox 2367 2840 2560 2875; x_wconf 87' lang='lat' dir='ltr'>numeris</span> 
     </span>
     <span class='ocr_line' id='line_1_52' title="bbox 918 2891 2559 2940; baseline 0 -13"><span class='ocrx_word' id='word_1_407' title='bbox 918 2896 1092 2936; x_wconf 85' lang='lat' dir='ltr'>pateret.</span> <span class='ocrx_word' id='word_1_408' title='bbox 1114 2892 1169 2928; x_wconf 91' lang='lat' dir='ltr'>Ut</span> <span class='ocrx_word' id='word_1_409' title='bbox 1187 2898 1332 2928; x_wconf 79' lang='lat' dir='ltr'>autem</span> <span class='ocrx_word' id='word_1_410' title='bbox 1351 2893 1524 2938; x_wconf 83' lang='lat' dir='ltr'>ipsemet</span> <span class='ocrx_word' id='word_1_411' title='bbox 1544 2900 1657 2929; x_wconf 76' lang='lat' dir='ltr'>certo</span> <span class='ocrx_word' id='word_1_412' title='bbox 1676 2893 1905 2940; x_wconf 73' lang='lat' dir='ltr'>cognoscas</span> <span class='ocrx_word' id='word_1_413' title='bbox 1923 2904 1992 2929; x_wconf 86' lang='lat' dir='ltr'>me</span> <span class='ocrx_word' id='word_1_414' title='bbox 2010 2892 2091 2929; x_wconf 90' lang='lat' dir='ltr'>hac</span> <span class='ocrx_word' id='word_1_415' title='bbox 2110 2895 2153 2929; x_wconf 88' lang='lat' dir='ltr'>in</span> <span class='ocrx_word' id='word_1_416' title='bbox 2171 2898 2290 2938; x_wconf 89' lang='lat' dir='ltr'>parte</span> <span class='ocrx_word' id='word_1_417' title='bbox 2308 2893 2392 2928; x_wconf 92' lang='lat' dir='ltr'>tuis</span> <span class='ocrx_word' id='word_1_418' title='bbox 2408 2891 2559 2928; x_wconf 86' lang='lat' dir='ltr'>Instru-</span> 
     </span>
     <span class='ocr_line' id='line_1_53' title="bbox 917 2945 2559 2992; baseline 0.001 -13"><span class='ocrx_word' id='word_1_419' title='bbox 917 2946 1073 2980; x_wconf 82' lang='lat' dir='ltr'>rrientis</span> <span class='ocrx_word' id='word_1_420' title='bbox 1088 2950 1125 2981; x_wconf 87' lang='lat' dir='ltr'>et</span> <span class='ocrx_word' id='word_1_421' title='bbox 1139 2945 1361 2981; x_wconf 59' lang='lat' dir='ltr'>observffln</span> <span class='ocrx_word' id='word_1_422' title='bbox 1372 2946 1510 2982; x_wconf 65' lang='lat' dir='ltr'>›nibus</span> <span class='ocrx_word' id='word_1_423' title='bbox 1524 2952 1649 2992; x_wconf 71' lang='lat' dir='ltr'>atqve</span> <span class='ocrx_word' id='word_1_424' title='bbox 1664 2958 1714 2983; x_wconf 82' lang='lat' dir='ltr'>ex</span> <span class='ocrx_word' id='word_1_425' title='bbox 1729 2947 1794 2983; x_wconf 80' lang='lat' dir='ltr'>his</span> <span class='ocrx_word' id='word_1_426' title='bbox 1809 2947 2015 2983; x_wconf 86' lang='lat' dir='ltr'>derivatae</span> <span class='ocrx_word' id='word_1_427' title='bbox 2029 2946 2246 2982; x_wconf 84' lang='lat' dir='ltr'>Parallaxi</span> <span class='ocrx_word' id='word_1_428' title='bbox 2261 2949 2319 2981; x_wconf 90' lang='lat' dir='ltr'>tot</span> <span class='ocrx_word' id='word_1_429' title='bbox 2332 2945 2559 2991; x_wconf 83' lang='lat' dir='ltr'>graduum,</span> 
     </span>
     <span class='ocr_line' id='line_1_54' title="bbox 920 2997 2559 3045; baseline 0.001 -12"><span class='ocrx_word' id='word_1_430' title='bbox 920 3009 1007 3033; x_wconf 83' lang='lat' dir='ltr'>sion</span> <span class='ocrx_word' id='word_1_431' title='bbox 1026 2999 1244 3034; x_wconf 84' lang='lat' dir='ltr'>immerito</span> <span class='ocrx_word' id='word_1_432' title='bbox 1263 2998 1469 3039; x_wconf 70' lang='lat' dir='ltr'>diffidere„</span> <span class='ocrx_word' id='word_1_433' title='bbox 1489 2999 1552 3036; x_wconf 87' lang='lat' dir='ltr'>fac</span> <span class='ocrx_word' id='word_1_434' title='bbox 1571 2999 1745 3045; x_wconf 80' lang='lat' dir='ltr'>ipsemet</span> <span class='ocrx_word' id='word_1_435' title='bbox 1764 2999 1909 3036; x_wconf 78' lang='lat' dir='ltr'>denuo</span> <span class='ocrx_word' id='word_1_436' title='bbox 1927 2998 2169 3045; x_wconf 85' lang='lat' dir='ltr'>periculum</span> <span class='ocrx_word' id='word_1_437' title='bbox 2183 3000 2227 3035; x_wconf 85' lang='lat' dir='ltr'>in</span> <span class='ocrx_word' id='word_1_438' title='bbox 2241 2999 2392 3044; x_wconf 86' lang='lat' dir='ltr'>qvavis</span> <span class='ocrx_word' id='word_1_439' title='bbox 2410 2997 2559 3034; x_wconf 86' lang='lat' dir='ltr'>affixa-</span> 
     </span>
    </p>
   </div>
   <div class='ocr_carea' id='block_1_10' title="bbox 2462 3061 2560 3087">
    <p class='ocr_par' dir='ltr' id='par_1_10' title="bbox 2462 3061 2560 3087">
     <span class='ocr_line' id='line_1_55' title="bbox 2462 3061 2560 3087; baseline 0.01 -1"><span class='ocrx_word' id='word_1_440' title='bbox 2462 3061 2560 3087; x_wconf 82' lang='lat' dir='ltr'>rum</span> 
     </span>
    </p>
   </div>
   <div class='ocr_carea' id='block_1_11' title="bbox 2604 1307 2632 1331">
    <p class='ocr_par' dir='ltr' id='par_1_11' title="bbox 2604 1307 2632 1331">
     <span class='ocr_line' id='line_1_56' title="bbox 2604 1307 2632 1331; baseline 0.036 -1"><span class='ocrx_word' id='word_1_441' title='bbox 2604 1307 2632 1331; x_wconf 90' lang='lat'>10</span> 
     </span>
    </p>
   </div>
   <div class='ocr_carea' id='block_1_12' title="bbox 2602 1573 2630 1596">
    <p class='ocr_par' dir='ltr' id='par_1_12' title="bbox 2602 1573 2630 1596">
     <span class='ocr_line' id='line_1_57' title="bbox 2602 1573 2630 1596; baseline 0 0"><span class='ocrx_word' id='word_1_442' title='bbox 2602 1573 2630 1596; x_wconf 75' lang='lat'>15</span> 
     </span>
    </p>
   </div>
   <div class='ocr_carea' id='block_1_13' title="bbox 2599 1838 2631 1862">
    <p class='ocr_par' dir='ltr' id='par_1_13' title="bbox 2599 1838 2631 1862">
     <span class='ocr_line' id='line_1_58' title="bbox 2599 1838 2631 1862; baseline 0 0"><span class='ocrx_word' id='word_1_443' title='bbox 2599 1838 2631 1862; x_wconf 79' lang='lat'>20</span> 
     </span>
    </p>
   </div>
   <div class='ocr_carea' id='block_1_14' title="bbox 2600 2370 2632 2394">
    <p class='ocr_par' dir='ltr' id='par_1_14' title="bbox 2600 2370 2632 2394">
     <span class='ocr_line' id='line_1_59' title="bbox 2600 2370 2632 2394; baseline 0 0"><span class='ocrx_word' id='word_1_444' title='bbox 2600 2370 2632 2394; x_wconf 87' lang='lat'>30</span> 
     </span>
    </p>
   </div>
   <div class='ocr_carea' id='block_1_15' title="bbox 2586 2525 2644 2555">
    <p class='ocr_par' dir='ltr' id='par_1_15' title="bbox 2586 2525 2644 2555">
     <span class='ocr_line' id='line_1_60' title="bbox 2586 2525 2644 2555; baseline 0 0"><span class='ocrx_word' id='word_1_445' title='bbox 2586 2525 2644 2555; x_wconf 62' lang='lat'>341</span> 
     </span>
    </p>
   </div>
   <div class='ocr_carea' id='block_1_16' title="bbox 2600 2637 2632 2661">
    <p class='ocr_par' dir='ltr' id='par_1_16' title="bbox 2600 2637 2632 2661">
     <span class='ocr_line' id='line_1_61' title="bbox 2600 2637 2632 2661; baseline 0 0"><span class='ocrx_word' id='word_1_446' title='bbox 2600 2637 2632 2661; x_wconf 83' lang='lat'>35</span> 
     </span>
    </p>
   </div>
   <div class='ocr_carea' id='block_1_17' title="bbox 2599 2902 2631 2926">
    <p class='ocr_par' dir='ltr' id='par_1_17' title="bbox 2599 2902 2631 2926">
     <span class='ocr_line' id='line_1_62' title="bbox 2599 2902 2631 2926; baseline 0 0"><span class='ocrx_word' id='word_1_447' title='bbox 2599 2902 2631 2926; x_wconf 75' lang='lat'>40</span> 
     </span>
    </p>
   </div>
   <div class='ocr_carea' id='block_1_18' title="bbox 0 3096 2912 4368">
    <p class='ocr_par' dir='ltr' id='par_1_18' title="bbox 0 3096 2912 4368">
     <span class='ocr_line' id='line_1_63' title="bbox 0 3096 2912 4368; baseline 0 0"><span class='ocrx_word' id='word_1_448' title='bbox 0 3096 2912 4368; x_wconf 95' lang='lat' dir='ltr'> </span> 
     </span>
    </p>
   </div>
  </div>
 </body>
</html>
