2209 3213
528 231 1051 271 RECENTIORIBUS
1071 230 1528 270 PHAENOMENIS
1773 233 1851 272 299

211 339 329 376 Nam
352 338 406 376 ab
429 339 565 382 initio,
591 339 712 375 iuxta
735 338 773 375 II
796 338 1076 382 Nouembris,
1102 340 1216 375 circa
1238 337 1412 376 Horam
1434 338 1609 383 sextam,
1636 339 1691 377 ad
1717 351 1851 387 quam

121 399 184 430 373
209 388 460 441 Sculte-sstus
475 396 685 438 perpetuo
702 393 795 428 eius
811 391 1020 429 vifibilem
1035 391 1183 429 locum
1199 391 1431 435 ordinauit,
1448 393 1494 429 in
1505 392 1747 431 Altitudine
1759 393 1852 430 Poli

155 564 170 588 5

140 828 170 853 10

138 1093 168 1118 15

134 1359 168 1384 20

134 1625 167 1650 25

135 1891 168 1916 30

117 1938 182 1970 374

135 2157 169 2183 35

136 2423 170 2448 40

208 445 249 483 51
268 449 375 492 part.
391 443 531 481 solum
546 444 570 482 5
586 444 790 491 gradibus
811 444 1078 482 eleuabatur.
1102 444 1152 482 In
1172 444 1317 482 medio
1339 444 1619 489 Nouembris,
1641 445 1679 483 &
1699 446 1851 484 diebus

208 497 310 535 huic
332 499 555 544 proximis,
580 497 734 534 eadem
758 497 885 535 Hora
907 497 1184 535 attollebatur
1206 497 1400 544 partibus
1423 499 1589 536 circiter
1611 498 1664 536 18.
1691 499 1741 536 In
1763 499 1851 537 fine

207 562 312 588 vero
325 550 527 593 eiusdem,
545 549 582 587 &
599 549 854 587 Decembris
866 552 1002 594 initio,
1019 550 1223 597 gradibus
1234 550 1297 588 36.
1315 551 1408 588 Iam
1419 550 1449 588 fi
1460 551 1852 599 praesupponamus

209 604 441 642 Cometam
462 603 637 640 distitisse
654 614 681 640 a
695 602 832 640 Terra
851 603 875 641 9
895 604 1107 641 duntaxat
1123 603 1477 648 Semidiametris,
1499 605 1616 651 quod
1633 616 1659 642 a
1675 605 1852 643 Sculteti

208 656 520 700 Parallaxffius,
533 656 586 694 de
598 656 756 703 quibus
767 655 911 703 postea
922 667 1114 703 agemus,
1127 668 1218 693 non
1229 656 1426 694 alienum
1437 657 1504 701 est,
1521 657 1727 696 habuisset
1739 660 1852 696 circa

207 711 395 757 primam
406 710 727 756 apparitionem
739 709 867 747 Hora
877 708 1005 753 sexta,
1020 711 1066 746 in
1077 709 1335 747 sublimitate
1346 710 1370 748 5
1382 712 1584 757 partium,
1601 711 1851 749 Parallaxin

207 762 461 800 Altitudinis
481 762 598 809 grad.
617 762 664 801 6¹
684 761 784 800 fere.
807 762 933 800 quta
952 762 1148 799 medium
1169 762 1449 807 Nouembris,
1472 765 1603 801 etiam
1624 764 1760 802 Horis
1780 764 1851 802 sex

207 828 234 853 a
245 816 445 859 Meridie,
462 817 508 852 in
524 815 771 853 eleuatione
788 815 830 853 18
845 815 961 863 grad.
979 815 1088 852 foret
1104 815 1259 853 eadem
1275 827 1366 853 non
1382 816 1520 854 multo
1534 819 1677 855 maior
1688 817 1712 855 6
1723 820 1851 865 parti-

205 869 298 907 bus.
316 868 445 906 Circa
460 869 634 906 initium
645 879 749 906 vero
762 868 1030 912 Decembris,
1047 868 1202 906 eadem
1214 869 1354 913 Hora,
1370 871 1416 906 in
1429 870 1672 908 Altitudine
1689 871 1740 909 36
1755 883 1851 918 par-

205 924 327 965 tium,
353 921 559 959 euaderet
582 921 718 959 ferme
743 922 790 961 5}
813 922 1042 969 graduum,
1073 921 1184 959 adeo
1209 926 1253 959 vt
1278 921 1373 959 haec
1398 922 1591 970 aspectus
1616 924 1851 968 diuersitas,

207 986 341 1022 quam
356 974 536 1012 haberet
547 976 593 1012 in
605 974 783 1013 Circulo
794 974 1001 1019 verticali,
1018 986 1154 1021 prope
1166 976 1290 1012 initia
1302 975 1570 1020 Decembris,
1587 978 1733 1014 minor
1744 977 1853 1015 foret

206 1040 270 1072 ea,
288 1039 422 1075 quam
439 1028 612 1065 iuxtaX
623 1027 692 1065 vel
703 1027 764 1065 XI
776 1028 1045 1065 Nouembris
1062 1028 1259 1071 obtinuit,
1276 1030 1442 1076 integro
1458 1030 1608 1076 gradu,
1626 1029 1664 1067 8(
1679 1030 1853 1077 insuper

206 1086 362 1128 quarta
383 1086 517 1128 parte.
542 1080 632 1127 Qui
654 1083 802 1128 itaque
823 1080 918 1119 fieri
938 1083 1089 1128 potuit,
1110 1086 1154 1118 vt
1174 1081 1261 1128 ipse
1282 1083 1414 1119 etiam
1434 1082 1608 1120 vifibilis
1629 1090 1773 1121 motus
1796 1084 1852 1121 ad

206 1135 393 1172 eandem
403 1134 563 1181 vbique
575 1134 749 1172 Horam
765 1134 1021 1182 applicatus,
1038 1135 1205 1172 Arcum
1220 1133 1385 1172 Circuli
1400 1137 1583 1173 maximi
1599 1136 1852 1174 adamussim

205 1187 532 1234 repraesentarit,
550 1199 650 1225 cum
667 1188 896 1225 necessario
913 1199 992 1235 pro
1008 1192 1129 1225 tanta
1145 1187 1426 1226 Parallaxeos
1442 1190 1698 1233 variatione,
1722 1191 1853 1227 etiam

205 1240 451 1288 Longitudo
468 1240 506 1278 &
522 1240 725 1278 Latitudo
746 1241 882 1285 aliter,
904 1252 1040 1288 quam
1060 1245 1205 1278 motus
1226 1243 1428 1288 proprius
1447 1242 1706 1289 requirebat,
1728 1243 1852 1281 indu-

205 1299 384 1337 ceretur,
407 1293 445 1331 &
464 1305 541 1341 per
561 1293 843 1341 consequens,
865 1294 1068 1341 Angulus
1089 1294 1390 1332 Inclinationis
1410 1295 1465 1333 ad
1487 1295 1741 1342 Eclipticam
1762 1308 1853 1334 non

204 1352 415 1394 perpetuo
433 1346 588 1385 eodem
603 1348 737 1385 modo
754 1347 974 1385 constaret.

258 1400 463 1447 Sequitur
485 1402 644 1447 itaque,
669 1401 787 1448 quod
806 1400 836 1438 fi
856 1406 945 1438 toto
966 1400 1054 1438 suae
1076 1401 1320 1438 durationis
1340 1406 1535 1448 tempore
1557 1401 1785 1440 Circulum
1808 1404 1853 1440 in

205 1452 389 1501 Sphaera
408 1455 667 1498 maximum,
691 1455 796 1492 citra
816 1465 995 1491 omnem
1017 1454 1393 1494 exorbitationem.
1416 1454 1655 1499 delinearit‚
1677 1460 1721 1493 vt
1742 1454 1853 1494 recle

205 1507 383 1554 quidem
404 1506 618 1544 Scultetus
638 1507 722 1545 hoc
742 1507 805 1544 illi
826 1507 1057 1554 aliquoties
1078 1507 1281 1551 attribuit,
1304 1508 1534 1545 necessario
1554 1508 1787 1546 Cometam
1808 1511 1853 1546 in

204 1564 325 1598 tanta
345 1561 589 1598 remotione
610 1571 637 1597 a
657 1560 783 1598 nobis
801 1560 929 1603 fuisse‚
946 1566 989 1598 vt
1005 1560 1337 1599 Semidiameter
1353 1560 1500 1598 Terrae
1517 1562 1573 1599 ad
1589 1563 1683 1599 eius
1699 1561 1852 1599 distan—

205 1615 311 1651 tiam
326 1624 418 1650 non
433 1612 635 1651 habuerit
650 1616 981 1661 proportionem
997 1613 1239 1652 admodum
1259 1613 1510 1651 senfibilem.
1531 1614 1656 1652 Alias
1673 1617 1791 1652 enim
1807 1617 1853 1653 in

206 1668 327 1704 omni
349 1666 426 1704 sua
448 1666 702 1710 Altitudine,
725 1667 859 1705 talem
881 1667 1018 1711 fitum,
1042 1672 1085 1705 vt
1105 1667 1247 1704 Arcus
1270 1667 1324 1705 ab
1349 1678 1401 1705 eo
1424 1667 1480 1705 ad
1503 1666 1853 1706 Interfectionem

206 1731 307 1757 cum
332 1719 550 1767 Ecliptica,
575 1720 645 1757 vel
669 1720 924 1767 AEquatore‚
949 1719 1202 1768 protractus,
1228 1720 1388 1767 vbique
1414 1721 1603 1758 eundem
1625 1721 1853 1769 Angulum

205 1772 424 1817 formaret,
441 1784 727 1820 nequaquam
743 1773 1011 1817 obseruasset;
1028 1779 1071 1811 vt
1087 1773 1156 1811 vel
1172 1772 1274 1811 hinc
1290 1778 1447 1820 pateat,
1465 1785 1517 1812 ea
1531 1786 1631 1821 quae
1643 1774 1696 1812 de
1708 1775 1852 1813 Paral-

205 1826 377 1864 laxibus
403 1828 496 1864 eius
521 1826 665 1873 postea
691 1827 744 1864 ab
770 1827 859 1874 ipso
885 1827 1153 1870 adferuntur,
1179 1828 1365 1874 proprijs
1389 1827 1706 1875 praesuppofitis
1731 1840 1852 1876 aper-

205 1880 352 1917 tissime
368 1891 624 1927 repugnare.

258 1932 416 1976 Taceo,
438 1933 556 1980 quod
574 1945 666 1971 non
681 1932 821 1971 solum
837 1935 883 1970 in
898 1932 974 1970 illo
991 1933 1248 1977 Horizonte,
1270 1933 1340 1971 sed
1357 1935 1489 1971 etiam
1504 1936 1550 1971 in
1566 1930 1581 1984 ΙΙ
1597 1933 1681 1972 hoc
1697 1934 1852 1979 nostro,

206 1985 244 2023 8(
267 1986 473 2023 omnibus
495 1986 605 2034 alijs,
629 1986 857 2024 Circulum
879 1988 925 2023 in
948 1986 1132 2034 Sphaera
1153 1988 1400 2024 maximum
1423 1987 1643 2035 defignare
1667 1987 1854 2026 Cometa

206 2038 320 2076 visus
343 2038 410 2083 est,
436 2039 554 2086 quod
577 2050 862 2086 nequaquam
885 2041 1152 2083 conueniret,
1175 2039 1205 2077 fi
1226 2039 1466 2078 sensibilem
1488 2040 1686 2088 aliquam
1708 2041 1852 2079 Paral-

206 2092 327 2130 laxin
347 2092 579 2130 admifisset.
600 2093 746 2139 Atque
767 2093 863 2130 haec
882 2094 942 2130 ita
962 2092 1002 2130 se
1020 2092 1195 2137 habere,
1217 2105 1349 2131 nemo
1365 2093 1693 2132 Mathematum
1710 2096 1852 2142 cogni-

206 2147 324 2183 tione
340 2145 533 2183 imbutus
549 2147 611 2183 ire
627 2146 759 2193 potest
774 2145 956 2184 inficias.

260 2198 437 2236 Motum
457 2198 614 2237 deinde
635 2199 845 2237 visibilem
865 2199 997 2237 huius
1019 2199 1229 2244 Cometae,
1251 2198 1363 2238 iaffi’to
1383 2200 1672 2238 fundamento
1692 2203 1739 2238 in
1760 2201 1853 2239 Cir-

207 2251 306 2289 culo
326 2253 535 2296 maximo,
557 2254 632 2300 qui
653 2254 699 2290 in
719 2254 771 2300 ijs
790 2252 909 2297 locis,
931 2253 984 2291 de
1005 2253 1163 2300 quibus
1183 2252 1311 2300 supra
1331 2252 1494 2291 dictum
1510 2253 1577 2297 est,
1599 2254 1853 2301 Eclipticam

207 2304 245 2342 8(
261 2305 550 2352 AEquatorem
566 2305 851 2352 pertransiret,
871 2305 909 2343 8(
928 2306 1129 2344 cumillis
1145 2306 1481 2344 Inclinationem
1498 2308 1748 2355 assignatam
1764 2307 1852 2345 effi-

207 2363 331 2401 ceret,
352 2358 613 2405 superstruit;
635 2359 811 2406 eiusque
828 2361 1103 2407 principium,
1120 2364 1333 2407 tanquam
1349 2360 1491 2398 Bafim
1509 2366 1780 2405 caeterorum,
1797 2361 1853 2399 ad

207 2411 248 2449 X
267 2411 383 2449 diem
399 2412 668 2450 Nouembris
688 2412 816 2450 refert
835 2414 881 2450 in
901 2412 943 2450 16
963 2413 1100 2460 gradu
1120 2418 1160 2457 z,
1183 2424 1284 2451 cum
1300 2413 1547 2451 Latitudine
1564 2414 1718 2458 Borea,
1735 2415 1851 2462 grad.

207 2464 271 2503 13}
286 2464 387 2502 fere.
405 2465 521 2503 Dicit
537 2467 656 2503 enirn
668 2477 770 2503 eum
781 2470 885 2503 tunc
897 2477 923 2503 a
934 2465 1110 2504 Saturni
1122 2466 1246 2504 Astro
1258 2468 1304 2504 in
1315 2466 1483 2505 ambitu
1495 2466 1659 2505 Circuli
1670 2469 1853 2505 maximi

207 2517 466 2556 transeuntis
487 2518 673 2556 destitisse
693 2524 800 2566 part.
822 2519 897 2563 13&
921 2519 1035 2558 vnde
1056 2519 1251 2558 adhibita
1271 2522 1343 2558 via
1364 2520 1562 2558 Cometae
1582 2520 1851 2568 praefignata‚

314 2579 364 2604 38*
1701 2574 1739 2610 &
1754 2573 1852 2611 loco
