2209 3213
156 827 186 852 10

156 1093 185 1118 15

134 1247 198 1278 312

152 1359 186 1384 20

153 1625 187 1650 25

152 1891 186 1916 30

154 2157 187 2182 35

156 2422 191 2448 40

541 227 1062 267 RECENTIORIBUS
1084 227 1541 266 PHAENOMENIS
1787 227 1865 265 255

222 342 322 374 ante
340 336 475 382 (velut
491 338 610 383 prius
627 334 937 381 iudicauimus)
954 334 1238 382 pertransiuit.
1256 334 1324 372 Sic
1337 336 1467 372 etiam
1480 334 1659 371 totidem
1671 334 1866 381 partibus

222 394 322 427 ante
339 389 573 427 Solstitium
588 388 816 432 AERiuum,
839 390 932 426 eius
949 399 1050 425 cum
1066 387 1274 434 Ecliptica
1290 386 1532 425 Interfeclio
1549 387 1817 429 coincidisset,
1837 386 1866 423 si

222 444 376 485 Arcus,
393 441 468 479 sub
485 453 573 488 quo
589 441 852 479 mouebatur
868 441 1067 485 Cometa,
1085 452 1137 478 eo
1153 439 1389 487 productus
1405 440 1728 488 intelligeretur.
1746 439 1865 486 Qua-

221 500 396 542 propter
421 506 522 532 cum
547 495 924 537 animaduertisset,
951 493 1060 531 forte
1086 505 1109 531 e
1135 492 1345 531 Moestlini
1370 493 1497 541 longe
1523 495 1705 537 veriore,
1732 504 1866 540 quam

223 548 419 586 Cornelii
445 547 663 591 Gemmae,
691 549 805 585 circa
829 546 1054 585 transitum
1079 546 1277 584 Cometae
1302 558 1379 594 per
1404 546 1658 593 Eclipticam
1683 550 1866 583 annota-

222 604 353 645 tione,
376 600 495 639 hunc
515 601 682 638 Arcum
702 612 778 647 per
799 600 997 643 Solstitia,
1019 599 1218 638 Cometae
1239 601 1380 647 capiti,
1404 601 1573 637 ratione
1594 604 1739 637 motus
1760 600 1867 642 eius,

222 656 369 692 minus
389 653 737 701 correspondere,
761 653 898 696 illum,
920 664 1011 690 non
1032 664 1121 699 quo
1142 652 1197 690 ad
1220 652 1365 700 Caput
1387 652 1538 699 ipsum,
1562 652 1632 690 sed
1655 652 1867 690 duntaxat

222 709 391 745 ratione
405 707 649 745 medietatis
662 706 844 751 Caudae,
860 706 936 744 tali
948 707 1068 743 Arcu
1084 710 1294 753 perpetuo
1311 706 1516 749 incessisse,
1533 705 1867 753 imaginabatur.

222 762 281 798 At
301 760 406 808 quid
426 760 510 798 hoc
531 760 586 798 est
606 758 775 798 dicere?
796 771 896 797 cum
916 764 1062 796 motus
1084 759 1282 797 Cometae
1303 770 1395 796 non
1416 770 1469 796 ex
1490 758 1648 796 Cauda
1668 760 1775 802 eius,
1798 757 1868 795 sed

222 814 312 861 ipso
324 813 479 861 Capite
496 813 774 851 aestimandus
786 814 946 850 veniat.
964 811 1123 850 Cauda
1136 814 1256 849 enim
1268 823 1359 849 non
1371 816 1462 849 erat
1473 811 1526 849 de
1538 811 1627 859 ipsa
1638 811 1869 858 principali

222 867 452 905 substantia
464 866 675 909 Cometae,
692 865 763 904 sed
773 877 850 913 per
862 865 1063 903 accidens
1075 866 1204 911 capiti
1216 864 1461 908 adhaerens,
1479 866 1573 902 eius
1585 864 1757 902 cursum
1769 875 1869 901 con-

223 920 524 963 comitabatur,
546 931 599 958 ea
614 925 763 957 tamen
779 919 904 966 Lege,
921 923 965 955 vt
980 918 1164 955 Veneris
1180 919 1325 964 potius
1342 917 1534 961 Stellam,
1557 929 1692 965 quarn
1708 917 1869 961 Solem,

222 978 433 1021 perpetuo
450 972 686 1020 respiceret,
703 976 831 1019 prout
844 971 999 1018 Capite
1012 970 1206 1018 Septimo
1223 982 1249 1008 a
1264 971 1391 1008 nobis
1402 970 1663 1008 sufficienter
1674 970 1870 1008 Demon-

222 1026 398 1064 stratum
416 1026 482 1064 est.

277 1079 345 1118 Sic
366 1081 498 1117 etiam
518 1081 564 1117 in
579 1078 726 1117 Tertio
746 1078 822 1116 illo
844 1077 1036 1121 Circulo‚
1058 1088 1191 1124 quem
1212 1076 1550 1115 Horizontalem
1571 1081 1809 1123 nuncupat,
1831 1076 1869 1113 8<

223 1132 297 1170 sibi
318 1132 394 1180 ipsi
414 1132 564 1170 ascribi
580 1132 684 1177 vult,
706 1132 812 1170 dum
832 1130 917 1169 hoc
934 1131 1089 1169 eodem
1106 1130 1239 1168 modo
1256 1129 1381 1168 illum
1398 1130 1580 1173 deriuat,
1602 1132 1662 1168 ita
1677 1134 1720 1167 vt
1737 1141 1790 1167 ex
1806 1131 1870 1167 iti-

223 1197 339 1229 nere,
361 1186 479 1233 quod
496 1185 666 1223 Caudae
686 1185 897 1223 medietas
918 1183 1070 1227 effecit,
1091 1195 1183 1221 non
1200 1195 1253 1221 ex
1269 1183 1398 1231 ipsius
1416 1183 1583 1230 Capite,
1604 1183 1719 1220 vnde
1736 1182 1870 1230 Origo

223 1241 512 1287 promotionis
536 1238 755 1282 effluebat,
779 1249 882 1276 eum
905 1238 1102 1280 deducat,
1124 1233 1139 1287 ΙΙ
1160 1236 1214 1275 ab
1237 1236 1327 1284 ipsa
1349 1238 1481 1274 totius
1503 1238 1565 1274 rei
1589 1237 1871 1274 conuenienti

224 1294 439 1340 exigentia
455 1291 669 1330 absonum
683 1291 787 1339 quid
801 1290 960 1329 inferre
972 1290 1159 1334 videtur;
1176 1290 1308 1337 idque
1320 1291 1580 1338 potissimum
1592 1300 1691 1327 eam
1703 1289 1758 1327 ob
1771 1300 1870 1327 cau-

223 1345 313 1384 sam
325 1345 532 1389 elaborat,
544 1350 588 1383 vt
598 1344 826 1383 Circulum
838 1344 963 1382 illum
974 1343 1267 1381 Horizontem
1277 1343 1535 1381 Germaniae
1548 1342 1718 1381 efficiat.
1732 1342 1871 1389 Siqui-

223 1399 323 1437 dem
335 1398 521 1437 Cometa
536 1400 584 1436 in
600 1410 653 1436 eo
670 1399 884 1441 exoriens,
901 1399 948 1435 in
964 1397 1223 1435 Eleuatione
1240 1396 1334 1434 Poli
1349 1396 1400 1435 52
1413 1396 1530 1444 grad.
1549 1396 1766 1443 reliquam
1778 1395 1871 1433 Cir—

223 1452 310 1490 culi
325 1451 388 1490 sui
403 1457 549 1489 motus
564 1457 733 1499 partem
748 1451 984 1489 Horizonti
1000 1452 1152 1488 vniuit.
1170 1450 1217 1488 Id
1234 1452 1353 1488 enim
1369 1449 1509 1497 ipsum
1525 1450 1667 1487 dicere
1684 1448 1871 1491 voluisse‚

224 1505 329 1543 dum
342 1505 681 1543 Horizontalem
694 1505 951 1543 Germaniae
963 1503 1075 1547 facit,
1089 1515 1180 1541 non
1192 1502 1369 1541 obscure
1382 1503 1608 1550 colligitur.
1623 1503 1681 1540 At
1693 1514 1769 1540 cur
1781 1513 1872 1539 non

223 1560 369 1606 potius
386 1570 439 1596 ex
455 1570 560 1596 vero
576 1559 709 1602 Arcu,
731 1569 865 1605 quem
880 1556 1020 1604 ipsum
1038 1557 1195 1604 Caput,
1216 1556 1328 1601 fons,
1348 1556 1385 1594 &
1402 1558 1523 1603 origo
1540 1555 1706 1599 caudae,
1727 1554 1872 1593 totius-

225 1623 310 1659 que
330 1613 620 1659 promotionis
637 1611 835 1649 Cometae
852 1610 969 1654 DuX,
991 1609 1067 1647 suo
1087 1612 1240 1648 itinere
1261 1609 1511 1657 designauit,
1534 1608 1873 1646 Horizontalem

224 1665 350 1702 illum
366 1665 595 1703 Circulum
616 1662 853 1711 descripsit?
874 1663 1101 1701 Inuenisset
1121 1663 1235 1707 sane,
1256 1662 1286 1700 fi
1307 1661 1505 1701 exactam
1525 1661 1679 1700 ducius
1697 1664 1791 1699 eius
1807 1673 1873 1699 ra·

224 1720 390 1756 tionem
406 1717 672 1765 perspectam
687 1717 906 1760 habuisset,
925 1728 1028 1754 eum
1044 1728 1135 1754 non
1151 1718 1197 1754 in
1208 1716 1452 1754 Altitudine
1469 1715 1561 1753 Poli
1577 1715 1628 1754 52
1644 1715 1872 1763 graduum,

224 1771 294 1810 sed
313 1773 458 1819 potius
474 1772 559 1815 561«,
582 1771 817 1809 Horizonti
838 1781 973 1817 quam
993 1772 1193 1817 proxime
1214 1769 1297 1807 sese
1320 1769 1588 1811 coadunasse,
1611 1768 1790 1815 quando
1811 1770 1874 1805 ni-

224 1827 387 1863 mirum
399 1824 530 1862 ambo
542 1823 703 1871 puncta
715 1824 934 1871 Eclipticae
947 1822 985 1860 &
996 1822 1263 1870 AEquatoris,
1278 1834 1379 1870 quae
1391 1821 1673 1869 pertransibat
1684 1823 1730 1859 in
1741 1821 1874 1859 Hori-

225 1880 365 1916 zontis
386 1883 507 1925 parte
525 1877 753 1921 Orientali,
774 1876 900 1914 simul
920 1876 1244 1919 cooriebantur;
1266 1876 1319 1914 de
1336 1875 1543 1922 Ecliptica
1559 1875 1738 1922 quidem
1753 1874 1794 1912 21
1817 1878 1856 1917 ‚7¹
1866 1904 1874 1917 ‚

224 1936 267 1969 at
287 1931 340 1969 de
356 1931 599 1978 AEquatore
619 1936 764 1978 partes
784 1930 862 1968 300
882 1929 971 1967 fere
993 1929 1048 1968 ab
1064 1927 1368 1967 Intersectione
1384 1940 1533 1973 verna,
1555 1927 1674 1975 quod
1695 1933 1808 1966 certe
1829 1930 1875 1965 in

224 1984 313 2022 vlla
329 1984 417 2022 alia
433 1984 692 2022 Eleuatione
709 1984 821 2022 adeo
837 1988 936 2030 apte
953 1982 1289 2029 correspondere
1306 1982 1559 2020 nullatenus
1575 1983 1727 2029 potuit.

278 2037 466 2075 Pulchra
486 2037 777 2075 nihilominus
799 2036 854 2074 est
875 2036 971 2074 haec
992 2036 1187 2080 Roeslini,
1210 2047 1298 2083 quo
1320 2035 1375 2073 ad
1396 2035 1515 2073 hunc
1536 2034 1876 2072 Horizontalem

226 2091 287 2136 (vt
302 2090 445 2137 vocat)
463 2090 704 2134 Circulum,
722 2091 933 2133 inuentio‚
953 2089 1051 2127 licet
1068 2091 1385 2136 competentius
1401 2088 1565 2133 fecisset‚
1582 2087 1612 2125 fi
1628 2099 1651 2126 e
1667 2092 1791 2125 motu
1808 2099 1876 2125 ca-

225 2146 323 2191 pitis
341 2144 539 2182 Cometae
562 2144 622 2190 (vt
637 2144 771 2181 modo
788 2142 894 2189 dixi)
915 2154 1007 2180 non
1027 2142 1272 2180 medietatis
1293 2142 1459 2185 caudae,
1482 2153 1584 2179 eum
1606 2141 1875 2179 collineasset.

226 2197 309 2236 Sed
326 2197 410 2235 hoc
426 2197 617 2235 maluisse
634 2196 743 2234 mihi
763 2196 899 2243 (quod
915 2200 1046 2233 antea
1062 2197 1194 2233 etiam
1215 2194 1425 2241 indicaui)
1442 2195 1625 2237 videtur,
1647 2199 1691 2232 vt
1711 2195 1767 2232 ad
1788 2205 1876 2232 me-

226 2250 348 2288 dium
366 2250 623 2289 Germaniae
640 2250 796 2288 Patriae
812 2249 912 2293 suae,
932 2248 1016 2286 hac
1033 2248 1325 2296 designatione
1343 2250 1436 2286 eius
1453 2246 1632 2286 duc'tum
1648 2248 1876 2294 detorque-

227 2309 302 2347 ret,
324 2315 424 2341 cum
445 2303 567 2347 alias,
590 2303 619 2341 fi
635 2314 790 2341 verum
806 2304 956 2350 capitis
973 2301 1144 2339 cursum
1160 2300 1383 2349 spectasset,
1406 2301 1516 2339 nulli
1533 2303 1627 2339 eius
1643 2303 1766 2349 parti,
1788 2312 1877 2348 quo

228 2357 283 2395 ad
301 2357 639 2395 Horizontalem
656 2358 912 2399 vnitionem,
930 2355 1230 2393 concordasset.

282 2410 503 2448 Existimat
524 2415 749 2457 praeterea,
770 2409 810 2446 se
831 2409 954 2447 suam
971 2408 1259 2446 Cometarum
1275 2420 1410 2455 quam
1431 2410 1631 2446 nominat
1647 2407 1878 2455 Sphaeram

229 2475 251 2501 e
272 2463 471 2510 pluribus
491 2463 687 2501 Cometis
708 2462 940 2500 defendere
961 2462 1084 2509 posse,
1105 2473 1260 2499 verum
1281 2461 1517 2499 confideret
1538 2463 1574 2499 is
1590 2461 1878 2499 Cometarum

228 2521 399 2554 motum
422 2528 514 2554 non
536 2517 724 2564 grossiori
747 2516 964 2563 indagine,
990 2514 1060 2553 sed
1085 2519 1214 2562 prout
1236 2514 1333 2562 ipsis
1356 2515 1638 2562 Apparentiis
1662 2513 1878 2552 consonus

1730 2566 1876 2609 existit,
