2209 3213
362 208 439 245 456
759 201 1231 240 APOLOGETICA
1252 201 1609 240 RESPONSIO

362 314 465 353 esset.
489 312 727 349 contrarias
747 314 890 355 partes
912 319 1003 345 non
1024 309 1184 344 minori
1201 306 1338 345 studio
1354 312 1542 345 tutatum
1564 307 1652 350 esse,
1673 307 1807 345 veluti
1828 307 2005 354 ipsemet

362 364 581 403 Liddelius
594 362 723 400 semel
735 367 862 408 atqve
875 363 1033 398 iterum
1045 359 1154 397 mihi
1167 360 1322 398 retulit.
1337 360 1387 398 Et
1398 360 1427 398 fi
1440 360 1769 404 cumWitichio,
1782 360 2005 408 postqvam

362 431 387 456 a
404 418 528 455 nobis
545 416 734 463 redijsset‚
752 414 929 461 ipsemet
940 413 1212 451 familiariter
1224 415 1269 450 in
1283 413 1529 451 Germania
1543 413 1715 451 locutus
1732 425 1777 451 es
1794 414 1857 460 (ut
1869 413 2006 451 literae

361 477 447 508 tuae
465 472 576 507 circa
593 467 832 515 primordia
849 469 1033 504 innuere
1049 466 1270 513 videntur)
1292 469 1427 504 miror
1443 472 1483 504 te
1500 466 1640 514 ipsum
1656 471 1825 505 mutato
1839 467 2006 515 judicio

362 525 483 562 aliter
500 522 552 559 de
570 522 765 559 Cometis
786 531 918 567 qvam
940 525 1071 558 antea
1091 520 1258 564 sentire,
1281 531 1334 558 ex
1354 520 1575 567 ipsiusmet
1591 531 1666 557 ore
1683 531 1775 558 non
1791 520 2006 564 audivisse‚
2046 533 2061 558 5

362 583 447 618 aut,
472 576 500 612 s1
522 575 575 612 fic
598 573 760 612 facium
784 573 850 617 est,
875 585 951 611 cur
973 573 1015 610 id
1038 572 1295 620 supprimis?
1320 573 1538 620 Qvorsum
1561 575 1690 621 igitur
1712 578 1759 611 tu
1781 578 2008 620 tantopere

361 628 631 667 Witichiana
654 627 812 675 placita
837 626 1020 670 extollis,
1045 638 1142 674 qvae
1165 626 1237 664 ille
1260 626 1347 674 ipse
1367 628 1541 664 veriora
1562 625 1739 665 edoc‘tus
1760 637 1852 664 non
1874 627 2008 664 invite

361 682 618 729 repudiavit,
641 692 835 727 qvaeqve,
857 679 887 717 fi
907 680 1070 717 diutius
1086 679 1386 727 supervixisset‚
1408 680 1604 717 invalida
1621 679 1658 717 &
1673 681 1845 717 veritati
1860 681 2009 717 minus

363 735 552 773 consona
574 735 649 771 esse
670 734 846 781 publico
867 733 1014 780 aliqvo
1031 733 1184 780 scripto
1200 733 1353 780 procul
1370 733 1503 771 dubio
1519 732 1692 771 testatus
1708 731 1868 770 fuisset?
1891 732 2010 779 Qvin

363 796 402 827 et
418 787 760 826 SCULTETUS
780 786 879 833 ipse,
902 788 974 833 qvi
995 786 1069 824 ista
1087 786 1325 824 secundum
1342 786 1701 824 informationem
1716 785 1911 833 Witichij
1930 797 2008 833 pu·
2049 798 2080 823 10

362 842 547 884 blicavit‚
564 840 789 887 postqvam
804 851 955 877 meum
971 839 1089 877 hunc
1106 839 1158 877 de
1176 840 1332 878 eodem
1345 840 1532 878 Cometa
1544 840 1763 887 accepisset
1778 839 1952 883 librum,
1969 843 2010 877 et

361 901 421 932 tot
431 894 768 932 discoherentias
780 898 908 940 atqve
921 893 1193 930 deviationes
1204 905 1230 930 a
1242 893 1282 931 se
1295 894 1371 930 esse
1384 893 1623 931 commissas
1635 892 2008 936 animadvertisset‚

362 948 516 985 lubens
533 949 703 985 veritati
723 945 880 984 refflus
900 944 1126 993 patefafiae
1148 947 1267 990 cessit‚
1290 946 1415 994 seqve
1436 946 1644 984 aberrasse
1665 957 1756 984 non
1777 957 1891 993 aegre
1908 957 2008 983 con-

365 1002 483 1045 cessit,
501 1006 547 1038 ut
564 1012 616 1038 ex
632 1001 744 1038 binis
761 999 891 1046 ipsius
908 999 962 1037 ab
980 1010 1031 1037 eo
1048 1004 1244 1046 tempore
1256 999 1311 1038 ad
1323 1011 1393 1038 me
1408 999 1570 1047 scriptis
1586 999 1732 1043 literis,
1748 998 1847 1037 satis
1863 999 2008 1046 liqvet‚

365 1066 549 1102 qvarum
561 1056 727 1102 priores
738 1054 873 1090 Anno
885 1052 936 1091 88
947 1053 971 1091 5
984 1052 1166 1091 Calend.
1181 1053 1310 1100 Greg.
1323 1058 1424 1091 ante
1435 1052 1629 1091 mensem
1640 1052 1883 1100 Augustum
1896 1052 2008 1090 Gor·
2049 1065 2080 1090 15

364 1109 447 1156 licij
468 1108 580 1146 datae
596 1107 649 1145 fic
666 1106 845 1144 habent:
867 1105 1048 1144 Deinde
1065 1105 1271 1156 gratiam
1294 1105 1376 1144 tibi
1393 1106 1561 1151 refero,
1579 1116 1668 1155 pro
1685 1106 1804 1144 dono
1821 1103 1944 1153 misso
1958 1104 2008 1143 li-

366 1162 446 1199 bro
468 1162 522 1199 de
544 1159 835 1210 apparentijs
857 1159 1061 1198 Cometae
1081 1170 1206 1198 anno
1230 1161 1282 1198 77
1299 1157 1537 1209 conspedti,
1563 1170 1700 1208 qvem
1722 1158 1858 1198 Video
1871 1158 2009 1209 juxta

365 1225 517 1253 novas
537 1212 820 1263 hypotheses
843 1212 1022 1251 orbium
1044 1211 1292 1260 ccelestium
1305 1212 1391 1262 sub
1408 1223 1506 1262 cap.
1524 1214 1595 1251 8νο
1612 1210 1851 1262 expositas,
1875 1223 2009 1262 regu-

365 1269 509 1306 latum
531 1266 626 1315 esse,
651 1277 756 1305 cum
778 1265 919 1305 etiam
941 1265 999 1304 ab
1020 1265 1236 1315 opinione
1260 1266 1506 1315 Copernici
1525 1265 1743 1305 videatur
1761 1265 2008 1305 declinare.

366 1320 564 1370 Propius
579 1321 683 1359 haec
699 1320 849 1358 forma
869 1318 1112 1358 ratiocinio
1125 1320 1331 1358 humano
1343 1319 1534 1365 accedit,
1551 1319 1629 1358 cui
1638 1318 1827 1358 facilius
1839 1318 2011 1368 aliqvis
2047 1331 2081 1356 20

367 1373 574 1423 acceptis
597 1372 847 1422 anomalijs
870 1373 917 1411 dr
936 1372 1299 1412 commutatione
1322 1375 1531 1412 motuum
1553 1372 1602 1410 in
1624 1373 1653 1411 5
1672 1371 1882 1411 Planetis
1905 1383 2010 1411 cum

370 1430 436 1472 <De
448 1425 682 1476 astipulari
696 1429 743 1465 et
755 1425 803 1464 in
814 1425 1097 1475 sententiam
1109 1425 1178 1464 ire
1186 1425 1370 1475 poterit,
1390 1436 1529 1475 qvam
1544 1427 1620 1465 vel
1624 1424 1819 1475 simplici
1829 1423 2009 1475 disposi-

370 1480 482 1519 tioni
501 1477 850 1530 Al-llplionsinae,
877 1489 981 1528 qvae
1001 1478 1133 1517 rudis
1154 1481 1361 1528 apparet,
1385 1480 1462 1518 Vel
1481 1479 1623 1518 etiam
1644 1481 1807 1518 contra
1823 1477 2009 1527 sensum
2034 1485 2098 1517 27ν

366 1533 599 1572 laboranti
614 1531 890 1582 conjedturae
907 1532 1162 1582 Copernici,
1181 1543 1271 1582 qva
1287 1531 1555 1582 ignobiliori
1563 1531 1692 1582 parti
1705 1531 1858 1581 major
1869 1531 2009 1571 mobi-

367 1587 477 1626 litas
499 1587 775 1625 attribuitur.
800 1586 933 1634 Ovod
950 1597 1106 1625 meum
1121 1584 1346 1635 scriptum
1367 1585 1484 1624 mihi
1504 1597 1687 1635 qvoqve
1702 1584 2009 1631 examinatur,
2048 1598 2081 1623 25

367 1639 606 1690 hypothesi
618 1651 742 1679 nova
759 1640 806 1679 ἄ
820 1641 1031 1678 veterum
1041 1638 1289 1688 sententiae
1309 1639 1700 1678 transmutatione
1721 1637 1852 1684 faeta,
1876 1638 2012 1677 Video

368 1705 467 1733 rem
480 1693 618 1732 aliter
627 1693 708 1743 agi
718 1691 979 1743 neqvivisse,
991 1691 1074 1741 nisi
1083 1693 1353 1732 evertendae
1365 1703 1548 1742 qvoqve
1560 1695 1653 1732 tuae
1663 1691 2012 1741 observationes

370 1746 558 1794 fuissent.
579 1747 841 1786 Cedendum
859 1757 974 1796 ergo
989 1746 1106 1784 mihi
1116 1746 1216 1791 erit,
1235 1746 1423 1786 cuilibet
1432 1745 1629 1785 firmiori
1639 1743 2014 1793 demonstrationi

371 1800 598 1846 innitenti,
623 1800 669 1839 <Kc
690 1800 769 1849 qvi
788 1799 957 1850 majori
978 1800 1105 1838 valet
1122 1799 1170 1838 in
1191 1800 1280 1838 hoc
1295 1811 1476 1849 genere
1498 1797 1808 1838 doetrinarum
1821 1797 2010 1849 judicio.

372 1854 490 1891 Hinc
515 1854 636 1892 vides
662 1854 900 1892 Scultetum
928 1865 1020 1891 non
1048 1853 1187 1891 solum
1212 1865 1334 1891 meas
1362 1854 1607 1891 assertiones
1632 1853 1685 1891 de
1711 1853 1910 1891 Cometae
1934 1851 2013 1889 fitu
2050 1863 2084 1890 30

372 1907 575 1951 aethereo,
606 1907 703 1944 licet
728 1907 857 1954 ipsius
882 1909 1182 1954 pronunciatis
1206 1909 1389 1944 minime
1415 1906 1628 1944 consonas
1654 1906 1916 1954 approbasse,
1943 1904 2013 1943 sed

372 1962 502 1998 etiam
523 1960 811 2008 hypotheseos
831 1960 984 1997 nostrae
1002 1962 1304 1998 inventionem
1320 1960 1631 1998 antecessorum
1647 1958 2014 2007 speculationibus

372 2014 608 2060 praetulisse.
622 2025 721 2051 cum
731 2019 777 2051 tu
788 2019 1004 2060 utrunqve
1017 2014 1250 2061 improbes,
1264 2013 1347 2052 Sed
1357 2019 1397 2051 et
1407 2025 1460 2051 ex
1471 2013 1777 2060 posterioribus
1788 2012 1872 2050 hoc
1879 2012 2014 2050 Anno

374 2066 553 2114 Gorlicij
573 2067 682 2104 datis
698 2067 869 2113 plenius
887 2066 1183 2110 confirmatur,
1201 2067 1441 2105 Scultetum
1453 2066 1538 2104 suis
1551 2065 1936 2109 observationibus,
1954 2070 2012 2103 at-

373 2131 454 2166 qve
475 2120 576 2157 hinc
598 2118 790 2157 deductis
806 2122 851 2157 in
868 2120 943 2157 illo
961 2120 1147 2158 Cometa
1164 2120 1514 2158 conclusionibus
1532 2119 1644 2157 nihil
1660 2119 1928 2158 certitudinis
1943 2120 2014 2156 tri·
2052 2130 2085 2156 35

372 2173 517 2210 buere.
535 2173 602 2210 Sic
618 2175 747 2216 enim,
764 2173 988 2219 postqvam
1001 2174 1200 2220 qvaedam
1216 2173 1268 2211 de
1280 2173 1390 2211 libro
1402 2173 1486 2211 hoc
1497 2184 1598 2211 meo
1611 2175 1789 2221 ejusqve
1802 2173 2015 2210 contentis

373 2225 640 2272 praemifisset,
657 2226 887 2273 subjungit:
908 2225 1064 2273 Ovare
1077 2225 1279 2265 libenter
1288 2227 1401 2265 cedo
1413 2226 1507 2265 tuis
1517 2224 1816 2274 invidtissimis
1826 2223 2014 2264 rationi-

374 2278 460 2316 bus
472 2280 557 2316 eta
563 2276 960 2327 speculatzombus
971 2278 1091 2317 meis
1104 2279 1296 2325 declino,
1311 2281 1534 2328 tanqvam
1545 2278 1892 2324 infirmioribus
1906 2288 2014 2327 qva-

375 2333 512 2369 tenus
531 2330 626 2369 illae
647 2332 702 2369 de
725 2331 912 2370 Cometa
934 2331 1048 2370 anni
1070 2333 1122 2370 77
1138 2332 1294 2382 magis
1317 2332 1532 2382 exercitij
1548 2332 1706 2382 gratia
1730 2343 1790 2371 ex
1811 2329 2015 2391 dodtrina

381 2383 734 2433 Triangulorum
751 2383 909 2433 (qvam
927 2387 1022 2423 tum
1034 2396 1239 2434 pinnum
1256 2386 1316 2424 ad
1329 2397 1500 2424 manus
1514 2385 1562 2424 in
1586 2385 1682 2424 Vita
1697 2396 1815 2431 mea,
1835 2386 1885 2424 ut
1896 2383 2013 2423 invi·
2051 2396 2085 2421 40

375 2439 523 2476 tarem
545 2438 605 2475 ad
623 2448 727 2476 eam
750 2438 990 2476 colendam
1009 2436 1252 2486 studiosam
1272 2438 1582 2488 juventutem,
1600 2437 1857 2487 sumseram
1880 2437 1926 2477 d'z
1942 2438 2014 2476 de-

370 2488 686 2539 gustaveram)
707 2501 845 2539 qvam
868 2491 990 2539 qvod
1004 2490 1251 2530 artificium
1269 2492 1458 2541 aliqvod
1474 2492 1724 2537 excellens,
1745 2491 1793 2529 in
1813 2490 2016 2530 motibus

1937 2546 2019 2583 aut
