2209 3213
363 204 439 242 452
760 193 1228 234 APOLOGETICA
1250 193 1607 232 RESPONSIO

364 308 542 347 dimidio
564 306 679 352 signo
701 306 746 340 in
767 301 1038 349 longitudine
1056 299 1093 337 &
1110 300 1351 338 multorum
1371 300 1589 348 graduum
1606 301 1651 338 in
1666 299 1896 338 latitudine
1912 299 2004 338 hal-

363 362 676 400 lucinationem
698 354 918 398 commisit,
940 353 1075 390 veluti
1096 359 1212 400 patet
1234 365 1256 391 e
1277 353 1427 391 tabula
1446 353 1519 391 fol.
1536 353 1635 391 3780
1657 352 1860 397 exhibita,
1882 358 1929 391 ut
1950 353 2004 391 ob

363 416 405 453 id
423 410 793 452 observationibus
810 409 904 455 ejus
921 412 961 444 et
975 406 1413 445 demonstrationibus
1426 409 1540 444 circa
1552 406 1833 444 Parallaxeos
1845 406 2005 444 enoda-

363 471 540 509 tionem,
557 467 601 502 in
619 462 773 510 qvibus
789 460 1050 499 subtilissima
1064 462 1296 507 reqviritur
1308 460 1605 503 consideratio,
1622 470 1902 506 neqvaqvam
1913 464 2006 497 tuto

364 519 589 559 fidendum
605 517 661 554 fit.
685 515 814 561 Qvod
830 514 930 551 fitus
947 524 1164 561 apparens
1181 514 1393 557 Cometae‚
1415 524 1544 560 qvem
1560 515 1596 550 is
1611 512 1674 550 illi
1690 513 1894 556 attribuit,
1915 524 2007 550 non

365 573 599 612 consentiat
616 580 715 607 cum
733 567 966 606 observatis
983 566 1202 615 distantijs,
1219 567 1426 614 fiqvidem
1442 568 1488 604 in
1503 565 1692 604 secunda
1707 565 2007 604 observatione

365 628 583 672 contingat
606 624 759 670 major,
784 632 917 668 qvam
938 622 1070 658 trium
1093 621 1309 667 graduum
1333 619 1590 664 differentia,
1613 624 1742 666 prout
1762 619 1893 657 habet
1912 631 2007 667 pag.

365 680 453 723 393,
470 678 540 716 vel
556 676 610 714 ad
627 677 862 713 minimum
878 675 1012 721 partis
1028 676 1160 711 unius
1177 686 1278 712 cum
1294 675 1325 717 i,
1343 680 1389 712 ut
1400 685 1504 711 mox
1516 673 1707 720 seqventi
1718 677 1851 719 patet;
1868 683 2008 720 neqve

366 735 483 771 enirn
500 732 651 768 omnia
667 727 952 766 diversimode
970 729 1222 765 examinata
1237 729 1427 765 invicem
1443 727 1728 770 consentiunt,
1745 725 1862 763 unde
1877 727 2010 763 etiam

366 785 719 823 observationum
742 780 901 819 falsitas
924 792 1015 818 non
1038 780 1216 818 obscure
1239 780 1459 827 probatur,
1484 791 1585 818 cum
1606 790 1738 817 omne
1760 790 1915 817 verum
1934 778 2009 816 fibi

366 839 440 886 ipfi
466 837 706 875 consonum
732 834 789 872 fit.
821 834 949 880 Qvod
975 835 1020 871 in
1045 833 1142 881 ipsis
1169 846 1339 881 qvoqve
1366 833 1668 871 altitudinibus
1693 831 2010 879 praesuppofitis

367 892 545 930 evidens
563 895 602 928 et
618 887 922 927 inexcusabilis
940 887 1072 925 lateat
1093 887 1421 931 discoherentia,
1444 898 1541 934 qvae
1564 888 1695 924 etiam
1711 885 1836 923 senos
1851 885 2011 933 gradus

366 946 564 994 proxime
581 944 772 990 attingat,
790 946 835 978 ut
851 940 923 978 fol.
941 940 1018 978 396
1034 941 1375 979 demonstratum
1390 941 1657 988 reliqvimus.
1676 938 1805 986 Qvod
1820 938 2012 986 plurima

369 1003 414 1037 in
429 998 723 1045 Trigonorum
739 994 963 1032 successiva
979 992 1234 1032 tractatione
1253 994 1463 1038 admittat,
1486 1005 1583 1041 qvae
1603 994 1785 1031 minime
1806 993 2010 1030 conveni-

370 1058 464 1095 unt;
486 1061 626 1097 neqve
648 1050 767 1087 enim
788 1050 833 1085 in
853 1054 943 1085 tam
960 1049 1118 1095 exiguo
1134 1049 1342 1095 temporis
1363 1046 1607 1091 intervallo,
1629 1047 1799 1092 utriqve
1816 1045 2013 1083 observa-

370 1107 477 1143 tioni
494 1101 729 1151 interjecto,
747 1101 861 1148 qvod
874 1100 997 1138 horae
1010 1102 1297 1148 qvadrantem
1309 1113 1401 1139 non
1412 1102 1604 1148 attingat,
1621 1099 1921 1138 Parallaxium
1932 1098 2014 1136 dis-

371 1161 535 1197 crimen
551 1156 741 1194 incidere
757 1157 897 1202 potuit
913 1156 1057 1202 majus
1074 1156 1240 1202 integro
1256 1155 1406 1202 gradu,
1425 1160 1472 1192 ut
1488 1154 1680 1201 Trigono
1696 1154 1822 1190 tertio
1838 1151 2014 1199 colligit;

370 1213 413 1250 id
435 1213 552 1249 enim
572 1208 893 1257 praesuppofitae
916 1207 1114 1246 Cometae
1136 1220 1162 1246 a
1182 1208 1319 1246 Terra
1339 1208 1549 1246 distantiae
1569 1209 1684 1244 intra
1704 1207 1836 1244 unius
1857 1205 2015 1253 gradus

372 1266 587 1303 deuncem
605 1274 697 1301 non
716 1263 932 1308 competit,
952 1266 998 1298 ut
1014 1273 1109 1309 pag.
1126 1262 1204 1300 404
1220 1261 1354 1299 testati
1370 1261 1531 1305 sumus,
1553 1256 1568 1310 ΙΙ
1588 1262 1679 1298 imo
1699 1258 1951 1297 Parallaxes
1970 1259 2017 1296 in

371 1325 461 1357 tam
478 1317 579 1355 exili
595 1315 827 1354 intervallo
843 1317 1051 1362 temporis
1069 1315 1193 1353 horae
1209 1316 1297 1354 fitam
1314 1320 1484 1362 partem
1504 1325 1596 1352 non
1617 1313 1854 1356 excedenti,
1875 1311 2015 1349 nulla-

372 1378 499 1410 tenus
520 1370 701 1409 discerni
723 1374 898 1416 qveunt‚
921 1368 1084 1406 etiamfi
1100 1368 1248 1406 Terrae
1269 1368 1647 1416 propinqvissimus
1667 1365 1801 1404 fuisset
1818 1365 2016 1409 Cometa,

374 1431 420 1463 ut
442 1436 536 1472 pag.
558 1423 634 1461 405
658 1422 791 1460 fufius
814 1424 859 1459 in
883 1427 1084 1468 apertum
1108 1422 1373 1460 diduximus.
1398 1421 1527 1467 Qvod
1551 1420 1749 1459 distantia
1770 1419 1969 1457 Cometae
1992 1429 2019 1456 a

374 1479 639 1520 Meridiano‚
661 1487 759 1523 qvae
775 1475 967 1523 Trigono
984 1475 1100 1513 sexto
1118 1475 1323 1520 adfertur,
1344 1476 1487 1522 major
1507 1474 1617 1512 foret
1636 1475 1768 1511 etiam
1786 1472 1901 1510 ultra
1917 1483 2018 1519 qva-

374 1538 473 1570 tuor
489 1530 659 1579 gradus,
677 1529 706 1566 fi
722 1528 851 1566 stellae
868 1528 1167 1567 Andromedae
1184 1528 1367 1567 altitudo
1384 1528 1438 1566 ab
1456 1539 1508 1566 eo
1525 1527 1744 1575 designata
1759 1524 1870 1564 reae
1886 1525 1926 1563 se
1943 1524 2019 1563 ha-

376 1586 505 1628 beret,
523 1589 569 1621 ut
584 1594 679 1631 pag.
691 1582 769 1620 406
786 1581 999 1620 ostensum
1016 1582 1083 1620 est.
1101 1582 1230 1629 Qvod
1246 1581 1576 1620 manifestissime
1589 1579 1743 1619 octavo
1755 1578 1946 1626 Trigono
1958 1580 2019 1625 ip-

377 1639 507 1676 semet
523 1637 889 1674 Dedomenorum
904 1635 1082 1673 suorum
1099 1638 1283 1674 nimiam
1302 1636 1706 1673 inconvenientiam
1726 1632 1894 1680 prodat,
1915 1631 2021 1669 dum

380 1692 565 1729 Cometa
580 1689 898 1737 longitudinem
914 1689 1001 1726 illic
1016 1689 1237 1727 successive
1254 1700 1276 1726 e
1292 1690 1490 1736 priorum
1503 1686 1846 1734 Triangulorum
1862 1684 2020 1723 resolu-

378 1744 569 1783 tionibus
585 1743 762 1781 inducat
778 1743 833 1780 ad
849 1754 940 1789 par.
957 1742 1013 1780 6¹¹¹
1031 1742 1094 1780 M.
1111 1743 1185 1781 17m
1210 1741 1336 1787 Xium,
1358 1742 1473 1789 qvod
1488 1741 1624 1779 ferme
1640 1740 1889 1786 semiqvinis
1905 1737 2020 1786 grad.

380 1796 660 1836 inexcusabili
684 1796 785 1834 sane
808 1795 1029 1833 interstitio
1053 1796 1106 1834 ab
1130 1796 1259 1843 ipsius
1281 1797 1460 1842 propria
1481 1795 1768 1833 annotatione
1791 1794 1905 1829 circa
1928 1793 2022 1840 ejus

381 1857 551 1889 motum
572 1855 857 1897 apparentem
879 1849 1071 1887 exhibita
1092 1849 1247 1893 deficit,
1269 1848 1644 1896 qvemadmodum
1660 1858 1756 1894 pag.
1773 1845 1850 1884 407
1867 1845 1905 1883 &
1920 1844 2024 1882 huic

380 1906 582 1951 proxima
605 1903 818 1950 copiosius
838 1914 865 1940 a
884 1914 955 1940 me
978 1902 1251 1950 significatur,
1275 1908 1321 1940 ut
1344 1914 1435 1940 non
1459 1902 1603 1939 dicam
1626 1901 1678 1938 de
1701 1901 1766 1948 ijs,
1790 1910 1888 1946 qvae
1911 1899 2025 1936 circa

381 1959 438 1996 9¹¹¹
459 1957 701 2004 Trigonum
721 1958 869 1993 minus
890 1955 964 1993 fibi
985 1956 1224 1994 constantia
1247 1956 1444 1999 admittit,
1469 1966 1566 2002 qvae
1589 1953 1865 2002 postmodum
1884 1953 2024 1989 mani-

382 2011 641 2049 festabimus.
666 2009 778 2047 Haec
802 2009 865 2055 (ut
885 2009 1083 2056 pluribus
1104 2009 1377 2047 recensendis
1397 2007 1714 2055 supersedeam)
1737 2011 1798 2044 tot
1818 2010 2024 2051 tantaqve

384 2063 579 2106 absurda,
604 2074 699 2109 qvae
724 2067 844 2100 extra
867 2073 1046 2100 omnem
1068 2063 1251 2100 modum
1275 2064 1475 2100 enormia
1497 2067 1625 2108 atqve
1648 2059 1887 2098 frustranea
1909 2058 2025 2095 fuisse

385 2116 658 2159 Dedomena‚
690 2127 786 2162 qvae
811 2115 1006 2163 Witichij
1038 2115 1236 2154 instinctu
1265 2117 1447 2163 arripuit
1473 2114 1700 2156 Scultetus‚
1730 2112 2026 2150 indubitanter

386 2171 663 2211 convincunt,
685 2168 796 2206 adeo
818 2174 863 2206 ut
883 2180 936 2205 ex
956 2168 1036 2210 his,
1058 2174 1220 2207 certam
1237 2169 1432 2216 aliqvam
1447 2167 1728 2206 Parallaxeos
1743 2164 2026 2203 mensuratio-

386 2234 488 2260 nem
505 2233 657 2259 eruere
674 2221 927 2259 nullatenus
943 2222 1124 2265 licuerit,
1147 2234 1223 2260 cur
1238 2222 1346 2260 ficco
1362 2222 1472 2269 pede
1488 2219 1666 2259 tranlis?
1687 2231 1763 2257 cur
1779 2224 1869 2256 tam
1884 2217 2026 2255 multi-

387 2276 487 2323 plici
504 2276 751 2312 enormitati
768 2275 964 2321 adeoqve
980 2275 1228 2313 monstrosae
1240 2275 1364 2313 nullo
1376 2274 1639 2322 supterfugio
1651 2273 1816 2311 mederi
1828 2269 2028 2309 conaris?

389 2329 482 2366 Irno
498 2327 567 2365 his
583 2328 787 2365 omnibus
804 2326 1018 2375 neglectis,
1040 2339 1095 2365 ne
1113 2328 1286 2375 qvidem
1303 2330 1466 2366 vereris
1482 2328 1788 2375 pronunciare,
1804 2330 1845 2363 te
1861 2336 1953 2362 non
1967 2325 2028 2361 vi-

389 2382 502 2425 dere,
521 2392 605 2428 qvo
621 2381 754 2418 modo
770 2392 870 2418 mea
884 2382 1158 2418 ratiocinatio
1169 2381 1267 2428 plus
1279 2381 1381 2419 fidei
1392 2381 1640 2424 merebitur,
1658 2390 1790 2427 qvam
1801 2378 1918 2416 illius
1929 2377 2028 2415 doc-

389 2435 526 2473 tissimi
538 2433 728 2471 Artificis
745 2433 917 2479 (scilicet
928 2433 1142 2481 Witichij)
1159 2434 1211 2472 de
1226 2434 1348 2472 sensu
1359 2434 1435 2472 suo
1447 2433 1696 2477 affirmatio,
1713 2434 1783 2470 cui
1794 2431 1864 2469 vel
1874 2431 2030 2478 peritia

391 2487 659 2529 observandi,
677 2487 746 2524 vel
762 2485 1044 2524 instrumenta
1060 2487 1220 2525 idonea
1236 2499 1328 2525 non
1344 2487 1572 2531 defuerint,
1591 2492 1650 2530 ut,
1669 2485 1698 2523 fi
1714 2484 2031 2532 indiligentiam

1846 2536 2031 2585 probare

2050 790 2081 815 10

2056 1057 2085 1081 15

2040 1264 2101 1295 25Γ

2055 1323 2088 1348 20

2058 1590 2091 1614 25

2061 1856 2095 1881 30

2063 2123 2097 2148 35

2067 2388 2100 2414 40
