2209 3213
398 218 474 253 400
869 213 951 250 DE
974 209 1561 250 COMETAANNI1585

452 322 533 358 Die
564 321 613 359 21,
646 319 789 355 rursus
819 318 1010 354 nostrum
1040 316 1413 362 Hemisphaerium
1444 320 1534 352 erat
1563 314 1754 352 nubibus
1783 313 2031 354 obductum.

399 376 545 419 Quare
559 374 607 409 22
620 374 699 412 die.
714 383 812 408 cum
828 371 1031 407 serenitas
1044 369 1277 407 commoda
1288 368 1588 411 restitueretur,
1601 368 1782 406 dimidia
1794 368 1921 406 Hora
1932 375 2032 407 ante
2071 372 2090 402 ’τ

397 428 586 463 mediam
603 423 772 461 11οὸ16111
790 423 1035 470 Longitudo
1053 424 1145 459 eius
1166 424 1211 459 in
1231 421 1280 460 27
1299 421 1352 459 G.
1370 421 1420 458 27
1438 420 1500 458 M.
1516 426 1562 460 V
1580 420 1669 458 visa
1685 420 1739 458 est
1756 432 1856 459 cum
1873 422 2032 460 Latitu-

397 481 495 516 dine
518 474 836 525 Meridio—llnali
857 476 881 513 Ο
898 475 952 513 G.
970 477 993 513 5
1013 475 1290 512 Minutorum
1312 486 1412 512 cum
1432 473 1601 517 semisse,
1624 473 1662 511 &
1682 473 1883 512 Ascenfio
1905 474 2033 514 Reeta
2046 481 2139 512 Bb3v

396 533 443 569 25
463 532 515 568 G.
534 531 583 567 30
601 530 662 567 M.
681 541 780 566 cum
798 529 1104 566 Declinatione
1122 528 1163 565 10
1180 528 1234 565 G.
1251 528 1292 565 31
1310 527 1372 564 M.
1390 527 1489 564 Bor.
2071 540 2086 564 5

449 584 618 620 Deinde
640 583 693 620 ab
715 582 798 619 hoc
821 582 889 619 die
906 581 1037 628 vsque
1054 583 1099 618 in
1115 581 1138 618 4
1156 580 1424 618 Nouembris
1440 580 1563 617 nulla
1579 579 1658 617 fuit
1674 580 1745 618 hic
1762 580 1959 618 constans
1975 581 2032 619 se-

396 639 567 677 renitas,
585 636 653 672 sed
670 640 891 682 perpetuae
908 634 1043 672 ferme
1060 633 1338 671 obscuritates
1354 632 1564 670 imbribus
1581 632 1619 670 8(
1634 633 1954 680 tempestatibus
1970 646 2032 672 re-

395 690 513 726 fertae
531 689 715 726 fiderum
732 687 949 735 aspectum
966 687 1324 730 intercludebant,
1344 686 1382 723 &
1400 686 1429 723 fi
1447 697 1536 733 qua
1551 692 1863 724 momentanea
1878 686 2033 725 sereni-

394 750 457 780 tas
476 744 639 779 interea
656 741 977 783 concederetur,
996 740 1121 778 Luna
1137 739 1213 777 suo
1229 740 1397 777 lumine
1414 741 1580 777 crinitae
1596 739 1729 777 huius
1744 739 1872 787 perse
1884 740 2033 778 admo-

395 796 498 832 dum
519 796 705 832 tenuiter
725 796 975 840 apparentis
996 792 1283 840 conspectum,
1306 803 1394 839 quo
1414 794 1562 830 minus
1582 792 1874 830 instrumentis
1895 793 2032 831 obser·
2075 804 2105 829 ιο

395 854 582 887 uaretur.
596 846 843 885 offuscabat.
860 847 959 884 Hoc
972 849 1118 893 itaque
1131 846 1215 883 Die
1227 847 1263 889 4,
1277 845 1466 883 restituta
1477 845 1658 892 aliquali
1670 845 1908 890 serenitate,
1921 846 1980 884 H.
1993 847 2035 884 10

395 901 456 938 M.
475 901 525 938 30
541 901 582 937 P.
602 900 663 937 M.
682 899 949 947 deprehensa
966 899 1021 937 est
1038 899 1236 937 Cometae
1254 899 1387 936 huius
1403 898 1649 946 Longitudo
1665 901 1712 936 in
1728 899 1768 936 13
1787 898 1840 937 G.
1859 899 1900 937 16
1916 899 2029 944 M.75

395 966 494 991 cum
507 954 753 991 Latitudine
767 953 908 990 Borea
919 953 943 990 6
957 952 1010 990 G.
1026 953 1077 990 20
1090 952 1166 995 Μ.,
1183 951 1384 990 Ascenfio
1397 963 1501 989 vero
1515 950 1644 990 Recta
1659 951 1710 990 38
1722 951 1777 990 G.
1790 952 1840 990 45
1853 952 1916 990 Μ.
1934 964 2034 990 cum

395 1007 699 1044 Declinatione
716 1006 757 1043 21
775 1006 829 1044 G.
847 1006 897 1044 54
914 1006 977 1043 M.
996 1006 1149 1043 Borea.

448 1060 531 1097 Die
548 1060 570 1097 5
588 1059 715 1096 Hora
734 1060 764 1096 ll
782 1059 844 1096 M.
863 1060 903 1096 15
924 1058 1003 1096 fuit
1025 1058 1217 1096 eiusdem
1233 1058 1479 1106 Longitudo
1495 1060 1541 1095 in
1557 1058 1598 1095 14
1616 1057 1670 1096 G.
1687 1058 1712 1096 9
1728 1058 1790 1096 M.
1804 1060 1845 1102 8
1867 1058 1904 1096 8(
1921 1059 2032 1097 Lati·
2075 1070 2103 1094 15

394 1113 498 1150 tudo
512 1112 565 1150 G.
576 1113 600 1149 6
611 1112 673 1149 M.
684 1112 734 1150 39
746 1112 844 1149 Bor.
859 1111 1058 1149 Ascenfio
1072 1111 1200 1150 Recta
1211 1111 1262 1149 39
1273 1111 1327 1149 G.
1337 1111 1388 1149 33
1399 1111 1462 1149 M.
1474 1111 1511 1148 8(
1522 1111 1770 1149 Declinatio
1783 1111 1833 1148 22
1844 1111 1898 1150 G.
1909 1111 1960 1150 28
1970 1111 2032 1149 M.

448 1166 531 1203 Die
543 1166 567 1203 6
579 1165 637 1202 H.
651 1166 681 1202 ll
695 1165 757 1203 M.
770 1165 822 1202 40
833 1165 1171 1212 Longitudinem
1185 1165 1338 1202 habuit
1350 1166 1396 1202 in
1408 1165 1449 1201 14
1462 1164 1517 1202 G.
1529 1164 1580 1202 58
1592 1164 1655 1202 Μ.
1664 1166 1705 1208 bs
1714 1195 1722 1208 ,
1740 1164 2034 1202 Latitudinem

395 1230 497 1256 vero
514 1219 538 1256 6
555 1218 609 1256 G.
627 1219 676 1256 55
694 1218 756 1256 M.
775 1218 976 1261 Boream,
994 1218 1032 1255 8(
1048 1217 1356 1255 Ascenfionem
1373 1216 1548 1256 Rectam
1564 1218 1616 1255 40
1628 1217 1682 1255 G.
1697 1217 1737 1256 17
1750 1217 1813 1255 M.
1831 1229 1931 1255 cum
1948 1218 2033 1256 De—

395 1272 629 1309 clinatione
646 1271 696 1308 22
714 1271 768 1309 G.
786 1271 836 1309 58
853 1271 915 1308 Μ.
934 1272 1087 1309 Borea.

448 1325 531 1362 Die
548 1325 571 1362 7
589 1325 646 1361 H.
664 1324 688 1362 8
705 1324 767 1361 M.
786 1325 826 1362 15
847 1324 926 1361 fuit
944 1324 1073 1372 ipsius
1090 1324 1336 1371 Longitudo
1352 1326 1398 1361 in
1414 1324 1455 1362 15
1473 1323 1527 1362 G.
1549 1323 1600 1361 36
1617 1323 1680 1361 M.
1693 1325 1734 1368 ὅ
1755 1335 1856 1361 cum
1872 1324 2033 1362 Latitu-
2072 1334 2105 1359 20

395 1378 495 1415 dine
511 1378 534 1415 7
552 1377 605 1415 G.
624 1377 648 1415 6
665 1378 727 1415 M.
745 1377 857 1424 Sept.
876 1377 913 1414 &
930 1377 1130 1415 Ascenfio
1148 1376 1277 1415 Recta
1293 1377 1344 1415 40
1361 1377 1415 1415 G.
1433 1377 1482 1415 53
1500 1376 1563 1414 M.
1586 1376 1624 1414 8(
1645 1376 1894 1415 Declinatio
1910 1377 1960 1415 23
1978 1377 2032 1416 G.

395 1431 435 1467 21
453 1430 563 1468 Min.
582 1430 693 1477 Sept.
2004 1436 2010 1441 “

447 1483 594 1521 Postea
611 1483 694 1521 Die
711 1483 735 1520 9
751 1483 879 1521 Hora
894 1483 918 1521 9
935 1483 997 1521 M.
1015 1483 1066 1521 30
1082 1483 1124 1521 P.
1142 1483 1205 1520 M.
1223 1483 1530 1521 animaduersa
1546 1482 1601 1520 est
1617 1485 1711 1520 eius
1727 1482 1972 1531 Longitudo
1989 1485 2035 1521 in

395 1538 435 1575 17
452 1536 507 1574 G.
524 1537 549 1574 0
565 1536 627 1574 M.
641 1539 681 1580 ὅ
703 1536 740 1573 8(
757 1537 959 1574 Latitudo
975 1537 998 1574 7
1017 1536 1071 1574 G.
1088 1536 1138 1574 32
1155 1537 1218 1574 M.
1237 1537 1335 1574 Bor.
1353 1535 1554 1574 Ascenfio
1572 1534 1701 1574 Recta
1717 1536 1768 1573 42
1786 1536 1840 1574 G.
1858 1536 1899 1574 10
1915 1536 1978 1574 M.
1996 1536 2034 1574 8(

395 1590 641 1627 Declinatio
658 1590 707 1627 24
726 1589 780 1627 G.
799 1590 830 1627 11
848 1590 958 1627 Min.
976 1589 1089 1637 Sept.
2071 1600 2105 1625 25

448 1643 531 1680 Die
553 1643 593 1680 12
612 1643 669 1680 H.
687 1643 711 1680 9
729 1643 790 1680 Μ.
808 1643 859 1680 20
879 1643 921 1680 P.
940 1643 1002 1680 M.
1025 1643 1103 1680 fuit
1125 1642 1315 1681 eiusdem
1337 1642 1582 1690 Longitudo
1603 1644 1649 1680 in
1670 1642 1711 1680 18
1729 1642 1783 1680 G.
1800 1643 1850 1681 47
1867 1639 1882 1692 ΙΙ
1899 1643 1961 1680 Μ.
1975 1645 2033 1687 ⁸0².
2046 1647 2141 1679 Bb4r

394 1696 516 1733 Latit.
534 1696 558 1734 8
575 1695 629 1733 G.
648 1696 709 1733 M.
728 1696 750 1734 7
768 1696 880 1743 Sept.
899 1696 935 1733 &
952 1696 1154 1734 Ascenfio
1176 1695 1304 1734 Rec'ta
1324 1696 1374 1733 43
1392 1695 1447 1734 G.
1465 1697 1505 1734 51
1523 1696 1586 1734 M.
1606 1707 1705 1733 cum
1727 1695 2034 1734 Declinatione

394 1749 443 1786 25
462 1748 515 1786 G.
534 1750 574 1787 15
591 1749 653 1786 M.
671 1749 769 1786 Bor.

448 1801 538 1839 Post
558 1802 676 1839 hunc
697 1803 813 1840 diem
834 1802 930 1840 licet
951 1802 1046 1840 haec
1067 1804 1221 1840 crinita
1242 1802 1376 1840 Stella
1397 1802 1541 1840 adhuc
1561 1802 1754 1840 triduum
1774 1801 1906 1849 vsque
1926 1803 1972 1839 in
1992 1802 2033 1839 15

396 1855 661 1892 Nouembris
678 1855 956 1902 aliquatenus
972 1856 1203 1893 acutissime
1220 1857 1406 1893 intuenti
1422 1855 1652 1899 videretur,
1673 1861 1822 1893 tamen
1842 1855 1954 1893 adeo
1975 1859 2032 1892 te·
2071 1866 2105 1892 30

396 1910 494 1944 nuis
516 1910 660 1951 extitit,
682 1914 725 1945 vt
746 1908 868 1945 nullo
890 1908 1172 1946 instrumento
1192 1908 1302 1946 foret
1323 1908 1617 1946 obseruabilis.
1639 1908 1732 1946 Nec
1753 1907 1842 1956 post
1861 1908 1976 1946 diem
1992 1909 2033 1946 15

396 1961 583 2007 amplius
600 1961 764 2008 vspiam
780 1961 1086 1999 animaduersa
1103 1961 1169 1999 est.

449 2013 512 2050 Ex
535 2014 601 2051 his
624 2014 730 2051 locis
753 2015 808 2052 ad
831 2020 947 2052 certa
966 2020 1214 2061 temporum
1230 2020 1455 2053 momenta
1471 2019 1672 2052 accurate
1689 2014 1937 2057 obseruatis,
1958 2025 2034 2061 per

396 2066 735 2113 Triangulorum
752 2067 1076 2114 Sphaericorum
1092 2070 1296 2111 rationes,
1318 2067 1646 2111 demonstratur,
1668 2067 1901 2106 Cometam
1916 2067 2034 2105 hunc

397 2119 471 2156 suo
488 2118 617 2157 (1116111
632 2120 877 2167 descripfisse
890 2121 1066 2167 quidem
1079 2123 1326 2167 portionem
1338 2121 1486 2159 circuli
1497 2123 1543 2158 in
1555 2120 1737 2168 Sphaera
1748 2122 1942 2163 maximi,
1960 2122 2034 2167 qui
2072 2132 2105 2156 35

397 2178 543 2209 tamen
564 2172 888 2219 aliquantulum
909 2174 1165 2211 variabilem
1186 2174 1241 2212 ad
1263 2174 1540 2221 Ecclipticam
1562 2173 1599 2211 8(
1619 2173 1908 2221 AEquatorem
1929 2172 2034 2211 obti-

398 2230 517 2262 neret
538 2225 878 2269 inclinationem,
900 2227 1031 2273 idque
1052 2232 1175 2264 motu
1196 2227 1390 2274 quodam
1411 2227 1612 2265 ordinato
1634 2226 1671 2264 &
1692 2226 1892 2274 regulari.
1916 2226 2035 2264 Nam

398 2278 466 2315 die
484 2278 536 2320 18,
558 2290 646 2324 quo
667 2280 856 2324 primum
873 2280 999 2316 nobis
1015 2279 1128 2317 visus
1146 2280 1212 2323 est,
1234 2280 1471 2318 inclinabat
1489 2282 1582 2318 eius
1599 2278 1752 2318 ductus
1768 2280 1823 2317 ad
1840 2279 2034 2326 Ecclipti-

398 2342 493 2367 cam
504 2331 545 2368 P.
559 2331 608 2368 23
622 2331 683 2368 M.
698 2332 749 2369 17.
761 2332 923 2369 Vltimo
934 2343 1037 2369 vero
1050 2333 1130 2376 die,
1144 2345 1232 2379 quo
1244 2333 1566 2377 obseruabatur‚
1577 2333 1774 2370 videlicet
1786 2333 1827 2370 12
1840 2332 2034 2370 Nouem-

398 2384 496 2425 bris,
521 2383 599 2420 fuit
623 2384 776 2421 eadem
801 2385 1024 2422 inclinatio
1048 2386 1103 2423 ad
1127 2386 1403 2433 Ecclipticam
1424 2387 1467 2424 Ρ.
1485 2387 1525 2423 21
1544 2386 1606 2424 Μ.
1624 2386 1686 2424 34.
1709 2386 1758 2423 In
1778 2385 1896 2423 hunc
1917 2387 2035 2423 enim
2073 2396 2106 2421 40

398 2437 579 2473 modum
596 2436 816 2474 successiue
834 2437 1099 2475 decrescebat
1116 2439 1170 2476 ad
1188 2439 1465 2486 Ecclipticam
1482 2439 1719 2477 inclinatio.
1739 2439 1809 2476 Ad
1824 2438 2034 2485 AEquato-

399 2501 489 2525 rem
507 2501 610 2526 vero
627 2489 705 2526 fuit
722 2489 805 2526 Die
823 2490 863 2527 18
880 2490 921 2527 P.
939 2491 988 2527 45
1006 2503 1105 2527 curn
1123 2491 1278 2528 semisse
1295 2492 1395 2535 fere,
1413 2504 1512 2539 quae
1531 2495 1662 2529 etiam
1679 2492 1941 2539 pedetentim
1957 2493 2034 2528 mi-

1806 2544 2033 2587 nuebatur,
