2912 4368
361 1286 390 1311 10

360 1553 389 1577 15

356 1819 387 1843 20

355 2086 386 2109 25

343 2239 404 2270 34ν

357 2351 389 2376 30

356 2619 387 2643 35

355 2885 387 2909 40

681 687 768 724 AD
791 687 1100 725 CRAIGUM
1123 688 1394 726 SCOTUM
1417 688 1499 725 DE
1522 688 1812 725 COMETIS
1990 688 2066 725 467

427 806 525 832 rum
541 794 770 835 stellarum,
789 795 901 831 circa
919 793 1197 833 consimilem,
1216 806 1300 841 qvo
1314 795 1499 832 Cometa
1512 794 1738 836 visebatur,
1757 794 1855 831 coeli
1871 793 2066 835 1136111111,

427 848 632 889 adhibita,
657 859 741 893 qva
765 852 876 889 ante,
902 846 1213 884 observationis
1236 853 1275 884 et
1297 848 1673 885 demonstrationis
1694 847 1915 891 methodo,
1940 847 2067 893 idqve

426 901 654 947 aliqvoties
671 905 716 937 ut
733 902 852 946 prius
870 900 1117 946 repetendo
1137 900 1260 937 Nihil
1278 901 1438 943 dubito,
1457 903 1559 947 qvin
1572 912 1908 946 nonnumqvam
1920 902 1965 937 in
1978 912 2067 937 non

426 956 599 992 minora
624 955 932 1000 operationum
962 952 1147 990 absurda
1173 954 1392 995 devenias,
1424 954 1661 1000 aliqvando
1688 966 1791 991 vero
1818 953 2068 991 Parallaxin

428 1009 557 1045 etiam
581 1008 795 1053 majorem
819 1006 842 1044 5
866 1012 972 1053 part.
997 1006 1123 1043 stellis
1147 1005 1255 1047 fixis,
1283 1007 1379 1044 licet
1402 1007 1571 1043 nullam
1596 1007 1766 1053 prorsus
1791 1007 1993 1050 habeant,
2018 1006 2068 1043 sis

426 1060 500 1098 tali
513 1060 701 1107 processu
714 1061 1018 1105 imputaturus
1034 1060 1174 1105 Atqve
1188 1066 1279 1096 tum
1292 1059 1416 1097 facile
1430 1060 1589 1106 tibiipsi
1604 1060 1774 1107 patebit,
1793 1060 1920 1107 longe
1934 1061 2068 1097 aliam

427 1114 464 1151 &
476 1115 689 1160 majorem
702 1112 772 1149 hic
786 1111 1522 1159 1601111111361311011151111111111316111,
1541 1125 1671 1159 qvam
1684 1118 1813 1150 antea
1826 1113 2068 1160 praevidisti,

427 1178 505 1205 nec
522 1178 667 1203 meam
685 1166 798 1202 hanc
816 1166 1164 1212 qvalemcunqve
1182 1166 1529 1203 admonitionem
1548 1169 1713 1204 irritam
1726 1168 1801 1203 esse
1815 1168 2067 1213 comperies.

427 1220 510 1258 Sed
531 1220 631 1266 qvid
654 1231 763 1265 opus
786 1219 840 1255 est
861 1219 913 1255 de
935 1221 1018 1255 tuis
1041 1219 1490 1256 animadversionibus
1511 1231 1747 1266 earumqve
1766 1220 2069 1257 insufficientia

426 1273 552 1321 plura
574 1273 727 1313 dicere,
750 1284 848 1309 cum
871 1272 1047 1319 ipsemet
1069 1271 1255 1314 fatearis,
1278 1284 1367 1309 non
1390 1284 1530 1319 pauca
1552 1274 1625 1310 tibi
1647 1274 1868 1310 occurrisse
1887 1272 2069 1322 ἀγεωμέ-

427 1339 571 1375 τρητα,
594 1337 672 1363 1166
694 1331 795 1362 111116
818 1324 1121 1363 61136111111113111
1143 1327 1235 1372 ejus
1257 1328 1319 1362 rei
1340 1326 1751 1363 demonstrationem
1771 1326 1885 1363 fuisse
1906 1331 2068 1367 notam,

428 1380 611 1426 ideoqve
634 1377 795 1417 fafflum
816 1379 903 1420 esse,
930 1384 975 1415 ut
994 1379 1209 1426 judicium
1231 1378 1514 1425 suspenderis:
1540 1380 1654 1425 qvod
1677 1379 1705 1416 si
1727 1379 1869 1417 adhuc
1892 1379 2068 1422 faceres,

427 1432 569 1471 forsan
582 1430 738 1470 reetius
750 1433 918 1469 veritati
930 1432 1201 1478 inqvirendae
1214 1432 1564 1479 stabiliendaeqve
1578 1432 1834 1470 consuleres.
1853 1432 2069 1479 Qvorsum

428 1488 554 1534 igitur
572 1497 623 1523 ea
639 1485 765 1523 nobis
782 1485 850 1522 vel
867 1497 945 1531 pro
963 1485 1264 1522 verisimilibus
1282 1486 1487 1527 obtrudis,
1509 1498 1560 1522 ex
1579 1486 1732 1532 qvibus
1750 1485 1926 1532 ipsemet
1942 1491 1981 1523 te
2000 1498 2068 1523 ex-

426 1541 579 1577 tricare
606 1550 696 1576 non
721 1538 903 1585 potuisti,
931 1550 1113 1585 qvaeqve
1138 1539 1191 1575 ob
1216 1539 1257 1576 id
1284 1540 1488 1576 manibus
1515 1540 1679 1576 excussa
1706 1539 1980 1585 postmodum
2009 1542 2072 1576 in—

426 1591 537 1630 13613
554 1590 781 1638 reliqvisti?
799 1591 927 1638 Qvod
940 1592 967 1628 si
981 1594 1171 1629 veritatis
1184 1592 1391 1629 nucleum
1405 1591 1572 1633 redtius,
1591 1604 1721 1638 qvam
1735 1604 1760 1629 a
1773 1593 1897 1629 nobis
1910 1590 2072 1629 fastum

426 1646 492 1689 est,
510 1651 549 1683 te
567 1645 685 1682 illinc
703 1645 910 1692 expiscari
927 1645 1036 1691 posse
1055 1645 1198 1682 adhuc
1217 1657 1395 1682 omnem
1413 1648 1612 1682 animum
1630 1657 1720 1682 non
1737 1645 1975 1692 deposuisti,
1994 1657 2071 1692 age

426 1699 592 1737 resume
616 1697 691 1736 illa
714 1698 861 1735 denuo
886 1700 929 1735 in
954 1710 1112 1735 manus
1138 1703 1177 1735 et
1200 1703 1317 1735 tenta
1340 1701 1451 1736 vires
1475 1705 1588 1740 tuas;
1614 1698 1764 1735 feceris
1788 1698 1896 1735 mihi
1920 1698 2002 1736 hac
2027 1700 2071 1735 in

425 1757 545 1800 parte
568 1763 660 1789 rem
682 1763 772 1789 non
794 1753 1020 1798 ingratam.
1047 1752 1200 1798 Neqve
1223 1754 1340 1789 enirn
1364 1758 1533 1789 tantuin
1555 1754 1627 1799 otij
1652 1753 1725 1788 tibi
1749 1752 1880 1788 deesse
1903 1754 2070 1798 poterit,

426 1808 529 1853 qvin
545 1807 743 1852 proprias
761 1804 1095 1847 observationeS,
1114 1811 1241 1851 atqve
1260 1817 1311 1842 ex
1330 1805 1396 1841 his
1409 1807 1582 1842 innixas
1595 1805 1983 1842 demonstrationes
1996 1805 2071 1843 ali-

425 1859 600 1907 qvando
624 1858 819 1896 revidere
841 1858 1006 1898 valeas:
1032 1870 1152 1895 meas
1177 1864 1216 1896 et
1240 1859 1441 1899 aliorum,
1467 1871 1573 1905 qvas
1595 1861 1770 1905 expetis.
1796 1858 2071 1896 animadver-

425 1913 563 1951 siones
576 1914 621 1949 in
634 1923 751 1949 nova
762 1911 879 1949 stella
892 1911 928 1948 &
942 1912 1117 1958 reliqvis
1130 1911 1337 1953 Cometis,
1356 1915 1426 1958 qvi
1441 1912 1584 1959 postea
1597 1912 1845 1953 illuxerunt,
1864 1917 2072 1958 qvotqvot

425 1966 586 2003 habere
605 1965 737 2007 licuit,
760 1965 985 2007 obtinebis,
1008 1965 1082 2002 ubi
1103 1967 1319 2012 integrum
1337 1977 1447 2011 opus
1464 1965 1655 2003 nostrum
1673 1965 1724 2002 de
1744 1965 2071 2003 Recentioribus

425 2019 525 2057 coeli
537 2018 860 2060 Phaenomenis,
878 2024 969 2055 tum
987 2018 1130 2065 qvoad
1148 2021 1338 2065 priorem
1356 2025 1448 2055 tum
1465 2018 1744 2065 posteriorem
1757 2018 1947 2055 Tomum
1960 2021 2071 2066 typis

426 2072 676 2119 evulgatum
694 2071 833 2109 fuerit.
852 2072 941 2109 Illic
959 2072 1143 2118 insuper,
1162 2072 1189 2108 fi
1207 2072 1291 2113 ista,
1311 2084 1406 2118 qvae
1425 2072 1475 2109 de
1494 2072 1576 2109 1106
1591 2072 1776 2109 Cometa
1794 2072 2070 2115 adduximus,

425 2126 498 2163 tibi
515 2137 606 2163 non
623 2124 852 2167 sufficiunt,
870 2126 1035 2163 videbis
1052 2137 1121 2162 me
1138 2128 1181 2163 in
1197 2126 1293 2172 alijs
1309 2126 1582 2172 postmodum
1596 2125 1691 2162 visis
1705 2137 1779 2162 eos
1792 2136 2071 2172 neqvaqvam

424 2179 679 2217 sublunares
697 2178 824 2220 suisse,
843 2178 986 2216 adhuc
1004 2179 1142 2215 multo
1160 2179 1332 2225 plenius
1349 2184 1477 2225 atqve
1495 2180 1686 2225 apertius
1699 2190 1721 2215 e
1734 2180 1858 2215 certis
1874 2178 2070 2216 observa-

425 2232 617 2270 tionibus
638 2235 896 2279 geometrice
919 2229 1227 2281 convin—Hcere.
1252 2244 1303 2269 ex
1326 2232 1480 2278 qvibus
1503 2234 1633 2269 etiarn
1655 2232 1928 2269 commodior
1946 2237 1985 2269 et
2003 2244 2071 2269 co-

426 2285 583 2333 piosior
606 2285 789 2332 idipsum
814 2286 1059 2332 inqvirendi
1087 2286 1421 2332 ostendendiqve
1448 2286 1632 2323 dabatur
1658 2285 1836 2327 occasio,
1863 2285 2069 2331 siqvidem

428 2340 613 2378 Cometa
629 2341 734 2376 anni
751 2339 813 2380 80,
833 2339 885 2376 de
903 2350 987 2385 qvo
1006 2344 1135 2376 antea
1152 2339 1252 2381 dixi,
1276 2350 1377 2375 eum
1394 2339 1469 2376 illo
1486 2344 1693 2385 tempore,
1717 2351 1801 2385 qvo
1819 2338 1927 2375 mihi
1945 2339 2068 2376 Witi-

426 2393 550 2430 chius
567 2391 715 2436 adfuit‚
734 2392 936 2435 effulsisse,
956 2392 1083 2439 longe
1101 2393 1262 2429 diutius
1280 2392 1407 2439 supra
1424 2392 1716 2429 Horizontem
1732 2391 1947 2430 11061111110
1964 2398 2067 2429 16111-

426 2458 531 2493 pore
552 2444 832 2493 spediabatur,
856 2445 893 2483 &
914 2445 1113 2483 transitus
1135 2447 1227 2493 ejus
1250 2457 1325 2492 per
1348 2446 1649 2483 Meridianum
1670 2445 1954 2492 aliqvanidiu,
1977 2451 2068 2483 tum

426 2502 558 2537 etiam
574 2504 674 2537 ante
692 2504 731 2536 et
747 2499 835 2546 post
852 2499 948 2536 satis
967 2500 1116 2536 crebro
1133 2501 1283 2545 patuit.
1308 2499 1435 2536 Unde
1454 2499 1686 2536 collatione
1704 2498 1815 2536 faeta
1836 2501 1880 2535 in
1902 2499 2068 2536 diverso

425 2552 514 2595 situ,
540 2558 631 2590 tum
659 2555 771 2590 circa
798 2552 1043 2593 Meridiem.
1075 2558 1166 2589 tum
1193 2552 1338 2589 versus
1365 2552 1668 2595 Horizontem,
1700 2552 1949 2590 Parallaxin
1975 2554 2068 2599 ejus

426 2607 501 2643 esse
519 2605 805 2643 insensibilem
823 2608 927 2643 citra
945 2617 1075 2643 omne
1093 2606 1276 2643 dubium
1293 2606 1641 2643 animadvertere
1659 2606 1790 2649 licuit,
1813 2612 1858 2643 ut
1877 2606 1953 2643 suo
1971 2606 2067 2643 loco

425 2660 718 2697 indubitanter
735 2659 930 2697 testatum
948 2660 1256 2705 relinqvemus.
1275 2659 1323 2696 In
1337 2659 1523 2697 Cometa
1540 2671 1709 2706 qvoqve
1728 2661 1833 2696 anni
1850 2658 1922 2697 85ti
1941 2659 2003 2705 (ut
2015 2660 2067 2697 de

426 2724 490 2755 eo,
508 2714 578 2759 qvi
596 2724 714 2750 anno
732 2713 781 2750 82
799 2713 853 2750 ob
866 2713 1085 2750 modicam
1099 2713 1376 2750 durationem
1389 2718 1428 2750 et
1440 2712 1567 2759 supra
1580 2713 1872 2750 Horizontem
1884 2713 2067 2750 boreum

425 2768 628 2813 exiguam
646 2766 937 2803 elevationem
955 2778 1071 2803 nunc
1089 2766 1198 2803 nihil
1216 2766 1374 2811 dicam)
1397 2778 1487 2804 non
1509 2768 1653 2804 minor
1671 2766 1916 2813 qvaestionis
1935 2765 2067 2813 hujus

425 2820 670 2857 enodandae
683 2819 946 2857 offerebatur
959 2820 1259 2862 commoditas,
1273 2831 1372 2856 cum
1386 2825 1425 2857 et
1436 2822 1483 2861 is,
1497 2825 1585 2857 tarn
1598 2822 1643 2857 in
1656 2819 1920 2861 Meridiano,
1936 2831 2066 2866 qvam

425 2871 578 2911 odtava
599 2878 639 2910 et
660 2873 842 2911 occidua
863 2873 962 2911 coeli
984 2873 1111 2920 plaga
1132 2873 1229 2910 satis
1251 2873 1528 2911 observabilis
1547 2874 1655 2911 esset:
1680 2876 1724 2911 in
1746 2873 1829 2911 hoc
1847 2875 1918 2910 vix
1935 2875 2066 2910 unius

424 2928 593 2969 minuti,
606 2937 682 2973 per
694 2927 943 2964 Parallaxin
956 2928 1093 2963 motui
1106 2928 1282 2973 proprio
1296 2927 1585 2968 accedentem,
1604 2927 1959 2974 implicationem,
1975 2926 2066 2964 sub-

424 2979 601 3016 tilissime
619 2982 769 3017 omnia
786 2980 1106 3026 perscrutando,
1126 2982 1256 3017 etiam
1274 2980 1511 3017 multarum
1530 2980 1741 3018 horarum
1753 2980 1983 3018 intervallo
1996 2980 2065 3017 de-

531 3041 578 3065 59³
1797 3034 2064 3080 prehendere
