2209 3213
129 804 159 829 10

125 1069 156 1094 15

120 1329 158 1361 13

520 207 1043 247 RECENTIORIBUS
1064 209 1522 248 PHAENOMENIS
1805 211 1847 249 19

202 316 295 352 eius
320 313 550 362 aspectum,
580 313 609 351 fi
639 314 819 361 quando
848 314 998 362 aliqua
1026 320 1340 353 momentanea
1364 315 1570 354 serenitas
1595 316 1846 364 obtingeret,

201 367 313 405 adeo
329 367 605 414 impediebat,
622 372 665 405 vt
677 367 911 405 Cometam
927 368 1036 406 alias
1053 369 1294 406 admodum
1310 373 1500 413 tenuem,
1519 369 1556 406 &
1572 371 1645 407 vix
1661 368 1846 417 aspecta-

200 420 344 465 bilem,
359 420 467 458 visui
482 420 625 458 nostro
641 420 907 458 subduceret.
925 420 1316 467 Quemadmodum
1332 424 1378 459 in
1393 422 1621 460 minutulis
1637 421 1735 460 fixis
1751 422 1846 460 fieri

198 472 319 517 [olet;
342 473 461 511 Nam
481 473 519 511 &
539 473 623 517 hae,
644 473 854 520 praesente
875 473 1135 521 lucenteque
1154 475 1293 519 Luna,
1314 481 1489 522 propter
1504 478 1761 513 tenuitatem
1781 476 1844 513 lu-

198 528 341 570 minis,
354 526 689 564 absconduntur.
707 526 998 574 Quapropter,
1010 533 1179 574 poterat
1191 527 1335 565 adhuc
1348 530 1556 576 exiguum
1567 528 1747 575 aliquod
1760 528 1844 567 Co-

197 584 326 617 metae
338 579 561 627 vestigium
571 579 789 626 superesse‚
799 585 843 617 vt
855 582 1073 627 quamuis,
1086 581 1140 618 ob
1153 579 1287 619 dictas
1299 581 1461 625 causaS,
1473 581 1620 619 multis
1632 581 1843 629 sequenti·

196 633 277 670 bus
293 632 445 670 diebus
461 632 599 670 oculis
614 632 698 670 sese
714 644 805 670 non
821 635 1045 680 ingereret.

251 685 351 723 DIE
367 685 524 723 XXVI.
542 685 734 733 Ianuarij
753 685 865 724 hora
881 686 938 725 7¹.
953 686 996 724 P.
1010 686 1073 724 M.
1087 686 1217 725 Coelo
1233 686 1378 724 rursus
1394 686 1610 725 sereniore
1627 687 1843 733 existente,

197 737 235 775 &
251 738 480 776 lunaribus
496 738 629 786 radijs
642 737 861 786 aspectum
872 740 1214 777 tenuissimarum
1227 740 1463 778 Stellarum
1474 752 1565 778 non
1576 741 1843 787 prohibenti-

195 791 288 835 bus,
310 791 604 829 animaduerti
625 796 789 829 attenta
808 791 1084 839 inspectione,
1106 793 1224 840 quod
1246 792 1433 831 Cometa
1453 793 1598 831 adhuc
1618 794 1769 841 aliqua
1790 806 1843 832 ex

194 849 315 891 parte
333 849 501 891 poterat
520 844 718 892 conspici,
740 847 946 892 quamuis
962 845 1204 883 admodum
1219 851 1350 883 tenue
1367 846 1405 883 8(
1421 846 1652 884 obscurum
1669 849 1762 885 eius
1778 847 1842 885 su-

193 898 366 944 peresset
375 897 610 945 vestigium,
623 897 722 935 satis
730 903 879 936 tamen
889 897 1128 936 discernere
1138 899 1270 943 licuit,
1284 910 1386 936 eum
1396 900 1472 937 esse
1482 901 1528 937 in
1536 900 1683 938 medio
1693 899 1841 947 spatio,

193 952 305 988 inter
314 950 471 988 Scheat
480 950 625 998 Pegafi
635 950 672 988 8(
681 953 930 998 proximam
942 951 1132 989 duarum
1143 963 1397 998 paruarum,
1410 953 1465 990 ad
1476 951 1624 1000 pectus
1637 953 1840 992 eiusdem.

193 1003 295 1041 Erat
306 1008 455 1041 tamen
466 1003 520 1042 ab
532 1003 615 1042 hac
626 1003 756 1047 linea,
768 1004 915 1042 versus
928 1004 1086 1042 Ortum
1097 1004 1135 1042 &
1148 1005 1396 1049 Meridiem,
1411 1006 1608 1050 deuians‚
1622 1006 1741 1053 quafi
1752 1019 1841 1045 vno

192 1057 342 1104 gradu,
358 1056 489 1104 idque
506 1069 595 1104 quo
611 1057 666 1095 ad
682 1057 833 1095 visum.
855 1057 975 1095 Nam
990 1069 1067 1105 per
1083 1057 1383 1103 Instrumenta,
1401 1061 1495 1096 eius
1511 1058 1768 1104 distantiam,
1785 1060 1840 1098 ab

192 1109 289 1147 vllis
301 1109 455 1154 Stellis,
472 1121 627 1157 capere
643 1112 825 1148 minime
841 1110 972 1155 licuit,
989 1116 1165 1158 propter
1180 1113 1366 1149 nimiam
1378 1111 1577 1150 Cometae
1590 1112 1839 1158 exilitatem,

193 1174 293 1210 quae
310 1162 625 1201 obseruationis
641 1175 821 1201 ornnem
837 1163 1106 1212 diligentiam
1122 1163 1372 1212 refugiebat.

245 1216 390 1263 Atque
411 1215 495 1254 hoc
515 1216 595 1254 fuit
609 1217 812 1254 vltimum
831 1222 1016 1264 tempus,
1037 1229 1126 1264 quo
1146 1217 1217 1255 hic
1235 1217 1421 1256 Cometa
1440 1230 1467 1256 a
1487 1218 1625 1262 nobis,
1647 1220 1785 1257 anim-

298 1269 505 1307 aduersus
529 1269 595 1314 est,
618 1270 889 1317 tantillaeque
911 1281 963 1308 eo
985 1270 1053 1308 die
1074 1270 1154 1308 fuit
1171 1273 1412 1318 paruitatis‚
1433 1276 1477 1309 vt
1497 1283 1523 1309 a
1543 1272 1732 1310 nonnul-

350 1322 415 1367 lis,
425 1319 439 1373 ΙΙ
450 1325 524 1370 qui
534 1325 737 1361 acumine
747 1323 861 1361 visus
873 1335 964 1361 non
975 1323 1210 1371 pollebant,
1222 1323 1400 1372 spectari
1412 1326 1544 1363 etiam
1555 1337 1679 1363 mon-

429 1376 580 1414 stratus
596 1387 881 1424 nequaquam
897 1379 1096 1424 potuerit.
1111 1377 1237 1415 Vnde
1254 1389 1369 1422 eum,
1386 1380 1500 1416 circa
1515 1378 1599 1416 hoc

561 1434 745 1477 tempus,
766 1432 880 1467 intra
898 1442 1037 1467 vnum
1052 1430 1122 1468 vel
1142 1430 1329 1468 alterum
1350 1431 1465 1469 diem

695 1483 950 1530 disparuisse,
973 1483 1332 1521 verofimilimum

810 1537 886 1574 esse
903 1536 1218 1575 concludimus.

1638 2548 1831 2586 CAPVT
