2209 3213
138 809 168 835 10

139 1340 173 1366 20

142 1607 175 1632 25

144 1872 177 1898 30

146 2138 179 2164 35

149 2404 183 2430 40

519 209 1041 249 RECENTIORIBUS
1062 209 1520 248 PHAENOMENIS
1820 210 1844 247 7

201 318 463 359 conclusum,
477 319 584 364 quin
593 318 639 353 in
648 315 832 354 dubium
841 318 989 353 vocari
999 317 1128 363 possit,
1136 316 1316 354 vbinam
1326 315 1537 359 Cometae,
1550 327 1608 353 an
1619 317 1665 352 in
1674 314 1844 352 AEther-

201 384 265 417 ea,
278 384 336 410 an
347 382 452 409 vero
464 370 730 408 Elementari
742 369 903 406 Mundi
915 369 1106 416 Regione
1117 374 1394 416 generentur:
1411 370 1606 407 maxima
1617 374 1738 415 parte
1751 380 1845 406 eru-

201 425 391 463 ditorum
402 435 491 462 vna
502 434 603 461 cum
614 423 907 468 Peripateticis
923 422 1143 465 statuente,
1161 422 1369 460 Cometas
1385 421 1498 460 infra
1510 422 1683 459 Lunam
1695 423 1740 459 in
1752 421 1845 458 Ele-

200 479 387 516 mentari
404 476 578 514 Mundo
594 477 827 523 procreari,
849 474 887 512 8(
907 477 1085 522 igneum
1106 475 1330 522 quoddam
1347 475 1581 513 Meteoron
1603 486 1655 512 ex
1675 475 1793 512 lenta
1809 474 1847 511 8(

201 532 352 579 pingui
368 530 562 577 ficcaque
574 530 758 567 materia
769 540 796 566 a
807 528 943 566 Terra
959 530 1004 565 in
1020 528 1268 575 supremam
1279 529 1407 566 Aeris
1419 528 1656 576 Regionem
1668 526 1848 566 attracta

203 584 390 627 existere,
414 583 561 630 ibique
585 581 729 619 calore
753 581 993 628 rapiditatis
1015 582 1154 625 Aeris,
1176 581 1245 618 vel
1268 581 1323 619 ob
1346 583 1613 619 vicinitatem
1634 581 1848 618 Elementi

202 639 312 685 ignis
324 636 460 684 (quod
471 636 558 673 illic
570 635 646 673 esse
658 634 844 682 fingunt)
857 639 933 672 aut
945 636 1077 672 etiam
1088 637 1131 672 vi
1143 634 1369 672 Astrorum
1381 635 1566 679 incendi,
1582 634 1848 681 impellique,

203 691 241 728 &
262 690 316 728 ob
337 690 380 728 id
403 691 449 727 in
471 689 649 736 longam
672 687 860 726 caudam
884 687 1172 725 exardescere.
1198 688 1328 725 Hanc
1352 689 1609 735 opinionem
1632 687 1762 735 vulgo
1786 699 1849 725 re-

203 748 373 791 ceptam
393 743 593 789 inprimis
614 753 667 779 ex
688 740 848 779 Schola
868 741 1108 778 Aristotelis
1131 740 1380 781 hauserunt.
1405 740 1581 787 eiusque
1602 741 1849 778 Autoritate

206 796 353 835 confifi
372 794 670 843 plausibilibus
686 794 740 832 ab
758 806 811 831 eo
828 796 1078 841 excogitatis
1094 795 1377 841 Argumentis
1398 796 1727 841 acquieuerunt,
1750 805 1850 841 quae

205 855 354 889 tamen
376 848 500 886 nulla
522 859 718 895 vnquam
742 846 1045 894 comprobauit
1069 849 1350 894 experientia,
1374 847 1497 885 nulla
1519 847 1747 885 adinuenit
1771 847 1850 885 Or-

206 905 329 952 ganis
346 901 564 949 exquifitis
578 899 691 939 facta
708 900 978 945 Obseruatio,
1000 900 1123 938 nulla
1143 900 1344 938 stabiliuit
1360 899 1678 938 Mathematica
1694 900 1851 948 figura-

207 968 304 995 rum
321 965 697 1001 numerorumque
715 953 1049 991 Demonstratio.
1067 950 1082 1002 ΙΙ

261 1009 540 1056 Quapropter
555 1008 631 1045 diu
646 1007 924 1053 multumque
941 1006 1197 1044 desideranti
1212 1006 1321 1044 mihi
1334 1007 1465 1044 huius
1478 1009 1538 1044 rei
1551 1007 1854 1044 certitudinem

207 1061 485 1100 infallibilem
504 1060 803 1108 peruestigare,
825 1060 956 1107 idque
978 1071 1031 1097 ex
1052 1059 1150 1106 ipfis
1171 1059 1561 1098 Obseruationibus
1583 1059 1853 1103 CoelestibuS,

208 1116 412 1154 adhibitis
437 1125 591 1152 earum
616 1113 1072 1151 Demonstrationibus
1097 1113 1354 1160 calculoque
1377 1113 1678 1157 Arithmetico‚
1704 1113 1854 1151 admo-

208 1169 314 1207 dum
330 1173 549 1216 oportuna
565 1167 792 1204 videbatur
808 1166 955 1204 oblata
971 1166 1137 1204 occafio
1154 1168 1198 1203 in
1220 1165 1304 1204 hoc
1322 1166 1508 1204 Cometa
1529 1166 1787 1204 defiderium
1807 1166 1854 1203 il-

208 1222 284 1260 lud
300 1222 558 1260 diuturnum
573 1219 834 1258 sufficienter
850 1219 1065 1267 explendi.
1090 1220 1261 1257 Primus
1283 1221 1401 1257 enim
1422 1219 1492 1257 hic
1513 1224 1615 1263 erat,
1637 1221 1713 1266 qui
1733 1218 1855 1263 mihi,

209 1275 436 1324 postquam
461 1274 516 1312 ad
541 1278 716 1312 aetatem
741 1272 901 1311 harum
926 1284 1072 1310 rerum
1098 1284 1305 1320 capacem
1330 1284 1634 1321 perueneram,
1659 1284 1857 1320 vnquam

211 1327 461 1376 conspectus
478 1327 544 1365 est.

265 1382 394 1429 Coepi
417 1383 564 1428 itaque
587 1381 722 1423 omni,
748 1391 836 1426 quo
859 1379 979 1417 licuit
1002 1385 1174 1423 conatu,
1201 1379 1333 1417 huius
1357 1379 1556 1418 Cometae
1579 1381 1857 1427 apparentias

211 1436 421 1479 dementi,
445 1434 483 1471 8(
506 1433 832 1471 obseruationes
857 1432 1134 1471 Geometrice
1157 1433 1470 1471 demonstratas
1494 1435 1539 1470 in
1561 1444 1771 1470 numeros
1794 1444 1856 1469 re-

211 1488 391 1532 soluere,
408 1492 451 1525 vt
468 1487 520 1525 de
536 1487 627 1531 fitu,
643 1491 779 1529 mom,
797 1486 1006 1530 distantia,
1024 1488 1299 1533 criniumque
1316 1488 1498 1530 ratione,
1518 1486 1684 1533 aliquid
1701 1488 1858 1523 certius

212 1541 339 1580 nobis
359 1540 580 1584 constaret,
602 1551 737 1587 quam
757 1537 969 1577 hactenus
989 1541 1134 1586 potius
1155 1551 1208 1577 ex
1229 1539 1525 1587 Opinionibus
1547 1539 1584 1577 8(
1605 1540 1858 1576 Autoritati-

212 1595 294 1633 bus
315 1594 432 1642 (quae
450 1596 495 1631 in
511 1593 578 1631 his
594 1594 831 1630 minimum
846 1594 1001 1630 merito
1018 1595 1231 1630 momenti
1246 1592 1425 1639 habent)
1447 1604 1582 1640 quam
1603 1594 1771 1630 ratione
1788 1604 1858 1630 ex-

211 1649 513 1696 perientiaque
529 1646 827 1694 persuadente,
845 1646 1018 1683 credere
1035 1646 1105 1683 vel
1121 1648 1247 1684 inuiti
1264 1647 1539 1694 cogebamur.

266 1701 399 1747 Quod
414 1712 519 1738 vero
536 1699 748 1738 audacius
764 1699 817 1737 de
834 1701 1125 1737 communiter
1140 1705 1313 1746 recepta
1324 1702 1369 1737 in
1383 1699 1670 1737 Cometarum
1682 1710 1859 1746 genera-

212 1754 404 1793 tionibus
420 1755 629 1801 opinione
646 1753 951 1796 dubitauerim‚
972 1752 1243 1790 occafionem
1260 1753 1509 1790 euidentem
1525 1752 1710 1800 praebuit
1727 1752 1862 1789 Noua

213 1808 289 1846 illa
309 1812 439 1845 antea
459 1805 718 1854 pertractata
738 1805 882 1843 Stella.
908 1806 970 1844 Ea
991 1807 1109 1843 enim
1131 1805 1345 1849 facilimis,
1369 1806 1607 1854 ijsdemque
1631 1806 1862 1843 certissimis

214 1860 458 1899 rationibus
477 1862 523 1897 in
543 1859 633 1907 ipso
649 1858 829 1896 AEthere
850 1858 1010 1896 versari
1031 1859 1300 1906 deprehensa
1316 1859 1383 1901 est,
1406 1861 1540 1906 inque
1557 1864 1678 1897 tanta
1694 1870 1720 1896 a
1736 1858 1862 1896 nobis

214 1914 412 1952 distantia
432 1914 508 1951 esse
530 1925 583 1951 ex
605 1911 994 1951 Obseruationibus
1015 1912 1285 1959 liquidissime
1306 1912 1520 1950 ostensum
1541 1912 1607 1954 est,
1629 1917 1672 1950 vt
1692 1912 1863 1949 nullam

214 1967 362 2005 Terrae
378 1966 634 2014 magnitudo
651 1966 707 2003 ad
724 1967 817 2003 eius
829 1965 976 2003 locum
993 1971 1258 2013 comparata,
1281 1965 1447 2003 causari
1466 1967 1653 2013 potuerit
1669 1963 1863 2012 aspectus

215 2020 522 2063 diuerfitatem;
544 2024 587 2057 vt
608 2021 654 2056 in
674 2021 807 2066 priori
824 2018 954 2056 Libro
975 2030 1001 2056 a
1022 2019 1148 2057 nobis
1168 2019 1412 2057 luculenter
1433 2019 1471 2057 &
1492 2018 1774 2057 infallibiliter
1794 2018 1864 2056 de-

215 2073 501 2111 monstratum
517 2072 584 2110 est.
607 2072 756 2119 Quare
774 2083 874 2109 cum
890 2071 1021 2109 semel
1037 2077 1153 2110 certo
1173 2072 1419 2116 constitisset,
1440 2084 1611 2110 nouum
1632 2072 1799 2119 aliquid
1820 2073 1865 2108 in

217 2127 306 2174 ipso
319 2126 449 2165 Coelo
465 2131 722 2174 generatum
738 2125 866 2169 fuisse,
883 2125 926 2162 id
942 2125 1099 2172 saepius
1115 2125 1209 2163 fieri
1225 2126 1348 2172 posse,
1366 2125 1404 2163 &
1417 2125 1625 2164 Cometas
1642 2127 1773 2162 etiam
1790 2125 1865 2162 esse

217 2179 461 2223 AEthereos‚
478 2179 508 2217 fi
523 2191 615 2217 non
630 2180 820 2226 penitius
837 2178 1110 2223 concludere,
1129 2178 1278 2217 saltem
1294 2178 1593 2216 verosimiliter
1609 2176 1865 2222 coniectare,

218 2233 359 2280 deque
382 2232 514 2280 vulgo
537 2236 710 2279 recepta
733 2233 942 2279 opinione
965 2243 1057 2269 non
1082 2233 1300 2270 immerito
1326 2232 1524 2270 dubitare
1549 2231 1680 2269 licuit.
1707 2231 1866 2278 Neque

218 2291 367 2324 tamen
378 2285 433 2324 ab
444 2297 532 2323 vno
544 2285 776 2323 indiuiduo
787 2284 1024 2322 sufficiebat
1033 2284 1288 2323 vniuersalis
1301 2284 1506 2329 inductio,
1518 2284 1755 2332 praesertim
1767 2296 1867 2321 cum

219 2351 340 2377 noua
351 2339 446 2377 haec
458 2339 591 2377 Stella
602 2350 629 2377 a
640 2337 854 2376 consuetis
867 2337 1154 2376 Cometarum
1170 2338 1518 2386 apparitionibus
1534 2338 1774 2385 plurimum
1790 2337 1867 2374 dis-

221 2397 427 2440 creparet,
440 2394 649 2439 omnique
662 2391 804 2429 cauda
815 2390 853 2428 8(
864 2396 988 2428 motu
1000 2391 1307 2435 destitueretur,
1321 2391 1500 2438 ipfisque
1513 2393 1714 2439 genuinis
1726 2390 1868 2428 Stellis

220 2445 363 2484 forma
374 2445 412 2483 8(
423 2445 603 2483 luminis
618 2444 845 2492 splendore
862 2444 1062 2482 fimilima
1078 2444 1200 2489 foret,
1218 2444 1256 2482 8(
1272 2445 1503 2482 duratione
1516 2444 1771 2482 consuetum
1784 2444 1868 2482 Co-

220 2504 437 2537 metarum
453 2500 697 2537 terminum
707 2498 835 2545 longe
852 2502 1122 2545 exuperaret.
1141 2498 1242 2536 Erat
1258 2500 1405 2545 itaque
1422 2500 1467 2535 in
1480 2498 1675 2536 Cometis
1691 2497 1869 2534 vlterius

1542 2550 1869 2598 experiendum,
