2209 3213
378 217 446 254 418
776 212 1245 251 APOLOGETICA
1268 211 1623 250 RESPONSIO

378 323 617 359 evidentior
638 327 764 366 atqve
787 321 942 356 certior
963 319 1177 357 evaderet.
1203 319 1357 365 Neqve
1379 318 1519 366 longis
1540 323 1638 356 utar
1658 318 1928 366 ambagibus,
1949 319 2018 356 sed

378 387 467 412 rem
484 374 619 420 ipsam
636 373 871 420 aggrediar.

431 428 545 465 Cum
563 427 603 463 id
621 427 880 473 potissimum
897 427 942 462 in
958 424 1069 462 libro
1086 424 1228 462 nostro
1245 425 1320 462 tibi
1335 436 1426 462 non
1438 425 1639 467 arrideat,
1658 424 1772 471 qvod
1784 424 2018 463 Cometam

377 483 480 517 anni
498 481 548 517 77
565 482 675 516 inter
692 478 879 516 coelestia
895 477 1175 525 reposuerim,
1193 480 1238 515 in
1255 490 1343 524 quo
1361 480 1493 515 etiam
1510 480 1571 515 rei
1589 478 1720 515 cardo
1736 480 1928 521 vertitur,
1948 490 2018 516 me

376 546 497 570 more
516 533 809 570 Ciceroniano
828 534 873 568 in
893 531 1220 569 Mathematicis
1239 531 1467 569 Paradoxa
1486 530 1656 574 struere,
1677 530 1714 568 &
1732 530 2019 578 sapientissimi

376 584 609 623 Architecti
630 585 982 622 absolutissimum
1006 584 1206 622 ordinem
1227 583 1496 622 confundere
1517 584 1737 622 asseveras.
1760 583 1921 622 Malles
1941 586 2018 622 ita-

376 652 469 685 qve,
487 644 530 676 ut
549 638 863 685 acceptioribus
876 636 1082 675 doctrinis
1094 649 1187 675 rem
1201 637 1391 681 molirer,
1409 637 1446 675 8(
1464 637 1744 685 Phyficorum
1760 639 1856 685 conj
1864 636 2018 676 ec‘turis

377 693 444 738 (sic
467 694 584 729 enim
606 691 782 738 ipsemet
804 703 959 728 eorum
979 690 1139 737 placita
1160 703 1304 734 vocas,
1326 702 1467 738 neqve
1488 692 1719 734 immerito,
1741 702 1841 728 curn
1862 696 2019 738 praeter

375 757 518 782 meras
540 743 810 792 conjecturas
828 743 865 781 8(
882 746 1159 791 opinationes
1180 743 1251 782 hic
1272 743 1384 781 nihil
1400 743 1639 790 venditent)
1658 755 1680 781 e
1697 755 1844 781 rerum
1860 749 2019 782 natura

375 799 551 845 sumptis
577 804 721 835 tecum
746 797 1074 844 acqviescerem.
1101 798 1159 835 At
1185 809 1263 845 ego
1287 809 1404 835 nova
1428 797 1657 835 Paradoxa
1682 799 1873 834 veritatis
1899 808 2017 835 ever·

373 852 515 889 tendae
532 853 668 898 gratia
685 851 767 888 hac
784 852 828 888 in
845 856 966 897 parte
984 850 1190 898 effingere
1206 850 1276 888 vel
1292 850 1476 888 stabilire
1493 862 1721 897 nunqvam
1738 852 1938 888 animum
1954 852 2017 888 in-

374 906 491 947 duxi,
509 904 577 942 sed
594 910 708 941 totus
725 906 770 941 in
787 903 870 941 hoc
887 903 961 947 fui,
980 910 1025 941 ut
1042 915 1065 941 e
1082 906 1206 941 certis
1225 903 1262 941 8(
1279 903 1389 941 nulli
1405 903 1593 941 fallaciae
1606 903 1809 951 obnoxijs
1821 903 2017 941 animad-

373 958 641 995 versionibus
658 969 680 994 e
698 957 810 994 coelo
827 956 917 1004 ipso
934 957 1104 994 idoneis
1122 959 1298 1004 organis
1319 956 1564 1004 conqvifitis
1584 956 1931 1004 pervestigarem:
1954 962 2017 994 ut-

373 1022 471 1048 rum
489 1011 686 1048 Cometae
704 1012 748 1047 in
765 1010 891 1053 coelo,
913 1022 971 1048 an
987 1021 1092 1047 vero
1108 1010 1332 1048 sublunari
1349 1010 1516 1047 mundo
1533 1009 1818 1053 versarentur,
1840 1021 1919 1047 nec
1936 1009 2018 1048 ne?

373 1070 503 1111 utqve
521 1064 634 1101 hanc
652 1063 933 1110 qvaestionem
949 1074 1026 1111 per
1038 1063 1342 1101 Geometricas
1358 1063 1747 1101 demonstrationes
1764 1065 1869 1101 citra
1885 1074 2018 1100 omne

373 1118 555 1155 dubium
572 1117 795 1154 solverem.
819 1116 938 1163 Qvin
955 1116 992 1154 &
1008 1116 1118 1154 mihi
1134 1116 1209 1164 ipfi
1225 1118 1364 1164 magis
1380 1116 1435 1154 ab
1451 1118 1576 1153 initio
1592 1116 1754 1163 placuit
1771 1116 2018 1163 Peripateti-

374 1182 524 1208 corum
550 1170 771 1213 sententia‚
803 1172 875 1216 qvi
897 1169 1106 1208 Cometas
1132 1181 1154 1207 e
1179 1169 1497 1207 fumofitatibus
1522 1169 1638 1207 siccis
1663 1171 1708 1207 in
1734 1171 1834 1207 a'ere
1859 1169 2018 1216 superi-

373 1226 437 1261 ori
459 1228 742 1270 componunt,
766 1222 973 1270 fiqvidem
994 1223 1207 1261 absonum
1229 1222 1266 1260 &
1287 1223 1544 1261 indecorum
1562 1222 1802 1266 videbatur,
1825 1222 1925 1260 coeli
1947 1223 2018 1260 ab·

373 1277 664 1314 solutissimam
688 1276 725 1313 &
749 1276 1133 1323 praestantissimam
1156 1281 1374 1319 naturam,
1400 1275 1469 1313 his
1494 1274 1754 1323 imperfectis
1778 1287 1919 1322 neqve
1944 1275 2019 1313 diu

373 1330 630 1367 durantibus
652 1329 906 1377 corporibus
927 1331 1170 1376 inqvinare.
1192 1329 1243 1366 Et
1263 1329 1436 1367 libellus
1456 1329 1597 1366 noster
1613 1333 1713 1367 ante
1730 1340 1873 1366 annos
1889 1329 1943 1372 17,
1965 1329 2018 1367 de

373 1395 489 1421 nova
509 1383 585 1420 illa
605 1383 723 1430 apud
745 1382 1017 1430 Cassiopeam
1038 1382 1155 1420 stella
1177 1383 1329 1426 editus,
1353 1382 1493 1420 testari
1515 1384 1683 1429 poterit,
1707 1393 1779 1419 me
1799 1387 1893 1419 tum
1913 1387 2018 1419 tem-

373 1439 489 1483 poris
510 1438 555 1473 in
576 1448 730 1473 eorum
751 1437 895 1483 potius
916 1441 1073 1483 partes,
1095 1438 1167 1483 qvi
1184 1435 1394 1473 Cometas
1413 1435 1670 1473 sublunares
1687 1435 1725 1473 8(
1741 1435 2019 1473 elementaris

374 1495 543 1527 naturae
564 1491 795 1536 participes
812 1490 888 1527 esse
904 1489 1105 1533 statuunt,
1127 1489 1357 1533 inclinasse,
1379 1500 1520 1536 neqve
1538 1488 1593 1526 ob
1610 1488 1652 1526 id
1669 1488 1724 1526 ab
1741 1500 1793 1526 ea
1809 1487 2019 1526 sententia

373 1548 474 1580 tunc
495 1545 702 1589 temporis
723 1542 999 1585 abhorruisse,
1018 1539 1032 1592 ΙΙ
1050 1543 1165 1589 qvod
1180 1542 1345 1580 stellam
1366 1542 1488 1580 illam
1509 1553 1660 1579 recens
1681 1547 1869 1585 enatam,
1891 1543 1937 1579 in
1957 1541 2016 1579 al·
2079 1553 2090 1566 f

373 1597 572 1633 tissimum
584 1595 778 1640 AEthera‚
791 1596 988 1643 adeoqve
1001 1598 1112 1633 inter
1124 1593 1291 1633 od'tavae
1303 1595 1486 1642 sphaerae
1497 1594 1635 1633 fidera
1646 1594 1876 1642 repositam
1888 1594 2016 1638 fuisse,

374 1661 426 1687 ex
443 1651 655 1687 accuratis
672 1649 1046 1687 observationibus
1062 1648 1406 1686 demonstrarim.
1424 1647 1733 1686 Existimabam
1747 1649 1866 1685 enim
1881 1648 1925 1686 id
1940 1650 2018 1685 mi-

374 1702 566 1740 raculose
583 1702 791 1740 divinitus
807 1700 969 1740 factum
987 1702 1024 1739 8(
1041 1702 1175 1740 aliam
1191 1702 1302 1749 posse
1315 1702 1603 1740 Cometarum
1619 1701 1909 1739 nihilominus
1925 1701 2018 1739 dari

372 1758 700 1803 generationem
728 1760 855 1803 atqve
884 1755 1081 1802 positum,
1111 1757 1310 1802 qvamvis
1338 1754 1543 1792 nonnihil
1566 1756 1698 1792 etiam
1723 1754 1806 1792 hac
1829 1756 1874 1792 in
1896 1760 2017 1802 parte

374 1808 618 1852 haefitarim,
632 1814 672 1846 et
684 1810 778 1856 ejus
790 1811 852 1846 rei
864 1808 1121 1855 periculum,
1132 1808 1161 1846 fi
1171 1810 1242 1855 qvi
1252 1819 1353 1846 mea
1362 1813 1489 1846 aetate
1502 1807 1796 1845 illucescerent
1805 1806 2017 1851 Cometae‚

373 1873 442 1898 me
460 1862 607 1899 sedulo
624 1861 840 1900 faaurum
862 1862 1111 1909 pollicebar.
1134 1861 1263 1908 Qvod
1284 1863 1442 1909 majori
1458 1861 1595 1899 studio
1612 1860 1649 1898 8(
1665 1862 1857 1898 veritatis
1877 1862 2016 1907 inqvi-

374 1915 521 1952 rendae
545 1926 708 1959 amore,
735 1927 826 1952 non
849 1915 988 1952 solum
1012 1917 1057 1952 in
1081 1926 1146 1957 eo,
1171 1917 1243 1962 qvi
1267 1926 1387 1952 anno
1410 1915 1461 1953 77
1484 1915 1699 1962 apparuit,
1725 1914 1778 1951 de
1802 1925 1887 1961 qvo
1910 1913 2018 1951 liber

374 1967 631 2005 transmissus
647 1970 744 2015 agit,
761 1968 830 2005 sed
847 1968 982 2006 tribus
994 1968 1091 2015 alijs
1103 1968 1378 2015 postmodum
1390 1967 1498 2011 vifis,
1515 1979 1585 2005 me
1599 1966 1787 2010 effecisse‚
1805 1978 1936 2014 qvam
1948 1966 2018 2005 vel

374 2032 399 2057 a
415 2026 467 2063 te,
484 2021 553 2057 vel
570 2032 789 2067 qvoqvam
806 2021 894 2058 alio
911 2022 1027 2059 credi
1047 2022 1176 2068 possit,
1198 2021 1297 2059 satis
1318 2020 1427 2058 mihi
1447 2020 1523 2068 ipfi
1543 2020 1637 2058 sum
1653 2019 1860 2058 conscius.
1883 2019 1934 2057 Et
1954 2022 2016 2057 in-

374 2073 569 2120 telligens
584 2076 859 2121 veritatisqve
876 2074 1126 2121 inqvifitrix‚
1143 2074 1277 2112 modo
1294 2074 1511 2112 machinis
1527 2074 1697 2111 idoneis
1713 2084 1805 2110 non
1821 2072 2016 2111 destitua—

374 2131 453 2167 tur.
471 2127 586 2163 idem
599 2129 644 2163 in
656 2126 863 2164 similibus
875 2127 1186 2165 Phaenomenis
1203 2129 1449 2175 experietur
1464 2127 1766 2173 testabiturqve
1782 2125 2015 2174 posteritas.

375 2179 539 2216 Placuit
569 2181 711 2226 itaqve
738 2180 918 2226 desuper
947 2183 1138 2218 inventae
1167 2182 1448 2227 experientiae
1477 2182 1622 2227 potius
1647 2179 1779 2217 fidem
1808 2179 2016 2226 praebere,

375 2244 506 2278 qvam
524 2232 578 2269 ob
595 2232 874 2279 plausibiliter
889 2233 1082 2279 prolatas
1094 2234 1481 2281 Peripateticorum
1497 2231 1836 2280 conjectationes
1847 2234 2016 2270 veritati

375 2285 449 2331 ipsi
458 2286 547 2321 vim
559 2285 711 2322 facere.
726 2286 879 2332 Neqve
893 2289 1010 2323 enim
1021 2285 1228 2324 doctrinae
1238 2287 1293 2325 ob
1305 2287 1348 2324 id
1357 2289 1549 2324 veriores
1559 2286 1666 2330 sunt,
1678 2286 1793 2333 qvod
1804 2287 1850 2322 in
1861 2284 2016 2323 scholis

375 2338 608 2384 vulgariter
633 2338 1036 2385 philosophantium
1059 2342 1324 2386 acceptiores
1347 2339 1606 2383 habeantur,
1632 2340 1723 2376 imo
1748 2340 2016 2376 contrarium

375 2391 581 2437 qviddam
598 2396 643 2427 ut
659 2390 899 2437 plurimum
915 2392 1126 2429 usuvenit.
1144 2392 1344 2430 Mundus
1361 2395 1479 2430 enim
1495 2392 1665 2430 facilius
1680 2392 1922 2438 mendacijs
1938 2402 2014 2429 au-

375 2455 467 2480 rem
487 2444 661 2490 praebet,
683 2456 813 2490 qvam
830 2447 1021 2482 veritatis
1041 2445 1211 2489 lumini,
1234 2446 1349 2492 qvod
1368 2448 1538 2484 utinam
1560 2448 1605 2483 in
1626 2443 1938 2491 Philosophicis
1954 2444 2015 2482 lo-

375 2508 474 2533 cum
496 2496 674 2534 haberet
694 2497 983 2541 solummodo,
1005 2503 1045 2535 et
1066 2509 1157 2535 non
1178 2510 1242 2542 ea,
1264 2510 1361 2546 qvae
1378 2499 1434 2537 ad
1450 2500 1702 2536 animarum
1721 2497 2016 2535 immortalem

1766 2549 2014 2588 felicitatem

2059 808 2089 832 10

2060 1073 2090 1098 15

2055 1605 2090 1630 25

2055 1871 2089 1896 30

2054 2137 2088 2162 35

2053 2402 2087 2427 40
