2209 3213
360 269 410 306 88
853 263 935 300 DE
957 261 1182 300 MUNDI
1203 260 1504 298 AETHEREI

361 374 473 415 dere,
491 372 528 409 8(
545 372 619 408 esse
637 371 777 407 Arcus
794 369 880 406 HL
897 374 1027 414 atque
1044 367 1134 409 CL,
1152 366 1387 413 omnesque
1405 366 1514 403 alios
1530 367 1823 407 intermedios,
1841 366 1896 403 ad
1912 365 1996 403 Co-

360 431 487 463 metae
508 424 653 461 locum
672 425 716 459 in
734 422 809 459 suo
825 422 945 458 Arcu
961 421 1055 458 HA
1071 421 1328 467 imaginarie
1349 424 1593 466 conceptos,
1615 424 1816 466 quartam
1833 418 1997 456 Circuli

360 484 539 525 partem,
565 488 655 513 non
680 475 803 513 aliter
828 485 963 521 quam
989 473 1062 515 i11i,
1089 474 1163 519 qui
1186 484 1212 510 a
1235 472 1341 509 Polo
1365 472 1583 519 Eclipticae
1605 472 1656 515 K,
1679 474 1725 509 in
1746 471 1998 518 Eclipticam

362 531 463 568 IBA
480 529 734 567 descendere
751 527 806 565 ad
822 527 919 564 loca
935 526 1134 564 Cometae
1150 525 1559 572 praesupponuntur.
1582 525 1687 562 Non
1708 527 1826 562 enirn
1845 535 1999 562 omnes

360 586 404 621 in
425 583 696 630 figuratione,
717 581 772 619 ad
793 581 964 627 quaeuis
981 579 1222 617 Obseruata
1238 578 1436 616 Cometae
1457 578 1566 622 loca,
1588 578 1807 616 delineare
1824 577 1998 625 placuit,

361 648 415 673 ne
436 637 565 673 nimis
586 636 784 672 intricata
805 633 842 670 8(
863 632 1041 671 confusa
1061 631 1182 669 fieret
1202 631 1453 678 defignatio;
1475 631 1815 678 Intelligentibus
1832 633 1893 668 rei
1910 642 1999 668 car·

361 690 508 727 dinem
524 688 620 726 satis
636 687 720 724 hoc
736 686 868 724 modo
885 685 1125 723 indicatum
1142 684 1208 722 est.

413 742 473 779 Sit
482 743 628 787 itaque
638 740 760 777 locus
770 738 1083 776 Intersedtionis
1092 739 1177 775 viae
1187 737 1386 775 Cometae
1396 748 1496 774 curn
1506 736 1712 784 Ecliptica
1721 739 1767 774 in
1776 735 1936 784 puncto
1946 737 1999 781 A,

361 806 492 841 quem
509 806 561 831 ex
577 792 868 840 superioribus
884 797 1000 839 patet
1016 790 1335 838 deprehensum
1351 790 1467 827 fuisse
1483 792 1528 827 in
1546 790 1600 828 G.
1618 790 1669 828 20
1685 790 1748 827 M.
1763 791 1813 828 55
1831 794 1887 833 β’,
1904 789 1950 827 fit
1966 789 1999 827 B

360 850 526 894 primus
544 846 796 884 obseruatus
812 845 934 883 locus
946 844 1157 886 Cometae,
1175 844 1243 881 die
1255 843 1358 881 XIII
1370 843 1639 881 Nouembris
1653 845 1698 880 in
1711 843 1764 881 G.
1778 843 1814 881 7.
1827 843 1890 880 M.
1903 843 1944 881 15
1960 848 2000 887 Z,

362 912 461 938 cum
477 899 704 937 latitudine
722 898 800 936 BC
818 898 971 941 Borea,
993 898 1036 935 P.
1053 897 1089 935 8.
1107 897 1170 934 M.
1187 897 1250 941 59,
1272 897 1414 934 Locus
1433 902 1580 934 autem
1597 896 1795 934 Cometae
1812 907 1941 933 verus
1957 898 2002 933 in

362 953 436 991 suo
452 952 628 991 Circulo
644 952 690 989 fit
706 954 751 989 in
766 950 927 998 pund'to
940 950 989 988 C.
1008 950 1286 997 Quapropter
1297 952 1342 987 in
1353 949 1592 996 Triangulo
1605 949 1745 993 ABC,
1763 960 1863 986 cum
1879 949 2003 987 detur

362 1007 494 1044 Latus
515 1006 609 1050 BA,
631 1004 876 1042 differentia
896 1004 1179 1051 longitudinis
1199 1003 1399 1041 Cometae
1419 1003 1474 1040 ab
1496 1000 1798 1040 Interfec‘tione
1814 1003 1867 1046 A,
1888 1001 1931 1039 Ρ.
1948 1001 2001 1040 16.

364 1059 426 1097 M.
439 1058 501 1103 20,
519 1058 557 1096 8(
574 1058 706 1096 Latus
718 1057 797 1095 BC
813 1057 858 1095 fit
874 1057 898 1095 9
913 1059 1104 1104 partium
1120 1058 1268 1094 minus
1278 1067 1367 1093 vno
1383 1055 1597 1102 scrupulo,
1614 1055 1816 1103 Angulus
1826 1066 1931 1092 vero
1947 1054 2002 1093 ad

364 1113 397 1150 B
418 1112 648 1150 necessario
668 1110 713 1149 fit
734 1109 900 1154 Rectus
922 1110 1093 1148 dabitur
1112 1120 1189 1156 per
1206 1108 1548 1156 Triangulorum
1568 1108 1738 1156 placita,
1760 1108 1893 1146 Latus
1908 1107 2002 1152 AC,

363 1165 406 1203 P.
423 1165 476 1203 18.
493 1164 556 1202 M.
574 1165 636 1209 35,
653 1170 783 1211 atque
799 1169 969 1201 tantum
986 1174 1038 1200 eo
1055 1169 1250 1210 tempore
1267 1168 1358 1200 erat
1374 1161 1561 1200 Cometa
1576 1167 1770 1199 remotus
1785 1173 1812 1199 a
1827 1161 1937 1205 loco,
1958 1163 2004 1198 in

364 1230 451 1265 quo
469 1219 561 1255 eius
577 1218 718 1255 Arcus
734 1216 987 1264 Eclipticam
1004 1215 1292 1263 pertranfiuit;
1314 1215 1440 1253 datur
1455 1214 1629 1262 insuper
1644 1214 1846 1262 Angulus
1863 1214 2002 1258 CAB,

364 1271 406 1309 P.
427 1271 490 1309 29.
517 1271 579 1308 Μ.
601 1271 663 1314 20,
690 1272 834 1317 quinis
859 1269 1008 1307 saltem
1032 1268 1242 1316 scrupulis
1267 1268 1493 1311 excedens,
1520 1270 1595 1315 qui
1619 1267 1730 1305 nihil
1754 1269 2002 1315 important,

363 1324 598 1371 praesertim
618 1326 663 1361 in
682 1328 773 1361 tam
793 1322 970 1370 angusto
986 1322 1191 1370 Trigono,
1212 1321 1283 1359 vbi
1303 1332 1441 1359 vnum
1457 1320 1527 1358 vel
1547 1321 1734 1359 alterum
1753 1320 2003 1368 scrupulum

363 1379 617 1415 mutationis
640 1376 785 1414 lateris
806 1376 884 1414 BC
908 1376 1180 1419 Latitudinis,
1203 1374 1443 1422 plurimum
1463 1374 1690 1422 Angulum
1711 1374 1766 1412 ad
1786 1374 1826 1411 A
1847 1375 2003 1417 variat;

364 1430 447 1468 Sed
463 1442 563 1467 cum
579 1441 669 1467 non
685 1429 730 1467 fit
746 1431 888 1467 maior
904 1440 1038 1476 quam
1055 1430 1249 1475 quinque
1265 1427 1567 1475 scrupulorum
1583 1426 1828 1465 differentia
1843 1427 1897 1465 ab
1914 1427 2003 1464 An-

363 1483 465 1531 gulo
483 1483 782 1520 Inclinationis
799 1482 963 1520 Circuli
981 1481 1178 1520 Cometae
1199 1481 1255 1519 ad
1276 1479 1530 1528 Eclipticam
1550 1480 1745 1528 superius
1765 1479 2003 1523 constituto,

364 1536 407 1574 P.
428 1535 490 1574 29.
513 1536 576 1573 M.
598 1536 651 1579 15,
677 1547 756 1583 pro
779 1535 918 1573 nihilo
943 1534 980 1572 &
1002 1534 1233 1572 insensibili
1255 1534 1547 1581 reputandam
1570 1533 1856 1581 intelligentes
1878 1532 2004 1571 facile

364 1588 614 1627 concedent.

417 1641 590 1680 Dehinc
611 1642 666 1680 ad
687 1642 803 1679 diem
823 1641 947 1679 XIIII
968 1640 1249 1685 Nouembris,
1275 1639 1585 1678 constituamus
1606 1639 1838 1678 Cometam
1860 1641 1906 1677 in
1928 1638 2004 1677 suo

365 1695 542 1733 Circulo
558 1695 818 1743 progressum
834 1695 889 1733 ad
905 1694 1052 1732 locum
1069 1694 1115 1738 E,
1132 1698 1176 1731 vt
1191 1693 1237 1731 fit
1253 1693 1478 1741 longitudo
1496 1695 1589 1731 eius
1605 1695 1651 1730 in
1667 1690 1875 1740 Ecliptica
1888 1692 1943 1736 D,
1960 1693 2005 1730 in

364 1748 406 1786 P.
424 1748 476 1786 10.
495 1748 557 1786 M.
574 1748 625 1785 42
646 1753 686 1792 z,
706 1747 743 1785 8(
762 1747 965 1786 Latitudo
982 1748 1078 1791 DE,
1100 1747 1142 1785 P.
1160 1747 1213 1785 10.
1231 1746 1294 1784 M.
1311 1746 1362 1784 42
1379 1746 1533 1789 Borea,
1554 1750 1683 1793 prout
1699 1745 1794 1783 haec
1810 1745 2005 1792 superius

364 1803 410 1838 in
431 1812 532 1839 eum
552 1801 734 1839 modum
755 1800 1023 1848 deprehensa
1044 1800 1349 1838 iudicauimus.
1372 1799 1461 1837 Erit
1477 1801 1624 1846 itaque
1640 1804 1683 1836 vt
1698 1801 1831 1846 prius,
1852 1800 1898 1836 in
1913 1798 2005 1836 Tri-

365 1853 526 1901 angulo
543 1852 808 1901 Rectangulo
825 1854 965 1897 DAE,
987 1853 1120 1891 Latus
1137 1853 1235 1896 DA,
1256 1853 1299 1890 P.
1317 1853 1370 1890 19.
1388 1852 1451 1890 M.
1468 1853 1531 1890 47.
1554 1851 1703 1899 Quare
1721 1863 1773 1889 ex
1790 1851 1891 1889 dato
1908 1850 2004 1895 DE,

364 1908 567 1954 prouenit
586 1918 663 1953 per
680 1907 994 1954 Operationem
1010 1906 1143 1944 Latus
1160 1905 1254 1950 EA,
1276 1906 1318 1943 P.
1336 1905 1398 1943 22.
1416 1905 1479 1943 Μ.
1497 1905 1559 1948 23,
1582 1905 1619 1942 8(
1640 1904 1842 1952 Angulus
1861 1904 2005 1948 EAD,

365 1959 408 1997 P.
424 1959 487 1997 29.
505 1959 568 1997 Μ.
586 1959 639 2003 12,
662 1959 870 2007 scrupulis
893 1959 1041 1997 saltem
1064 1959 1199 1997 tribus
1220 1955 1234 2009 ΙΙ
1255 1959 1309 1997 ab
1333 1970 1398 2003 eo,
1423 1970 1554 2005 quem
1577 1957 1910 2005 defignauimus,
1935 1957 2004 1995 de-

366 2011 528 2050 ficiens.
550 2012 754 2059 cumque
772 2012 853 2050 EA
870 2012 1002 2050 modo
1021 2014 1266 2055 inuentum,
1287 2011 1455 2059 superet
1471 2011 1556 2050 CA
1572 2013 1692 2059 prius
1713 2010 1941 2058 quaefitum
1962 2011 2007 2047 in

367 2065 486 2102 Arcu
503 2064 593 2108 EC,
614 2065 657 2102 P.
674 2065 710 2103 3.
727 2065 791 2103 M.
807 2065 870 2109 48,
892 2064 1167 2103 manifestum
1188 2065 1254 2109 est,
1275 2070 1446 2102 tantum
1467 2075 1519 2102 eo
1541 2064 1609 2102 die
1630 2063 1745 2101 fuisse
1761 2068 1931 2102 motum
1946 2062 2006 2101 di-

369 2129 531 2155 urnum
547 2117 745 2156 Cometae
762 2119 807 2155 in
823 2118 898 2155 suo
915 2118 1105 2156 Circulo.

420 2170 505 2208 Die
522 2170 602 2208 XV
619 2171 897 2215 Nouembris,
915 2171 1059 2209 rursus
1075 2170 1263 2219 fingatur
1278 2171 1401 2208 locus
1415 2170 1613 2208 Cometae
1629 2172 1675 2207 in
1690 2168 1852 2217 pumilo
1868 2169 1902 2207 E
1919 2180 2007 2216 quo

368 2224 423 2261 ad
439 2223 564 2261 suum
577 2223 815 2267 Circulum,
834 2223 871 2261 8(
887 2226 932 2261 in
945 2224 986 2261 D
999 2235 1087 2270 quo
1099 2224 1154 2262 ad
1167 2224 1433 2271 Eclipticam,
1450 2228 1493 2261 vt
1505 2222 1551 2260 fit
1562 2223 1765 2261 Latitudo
1781 2222 2008 2261 obseruata

369 2276 453 2314 DE
469 2276 624 2323 (Lubet
640 2279 759 2314 enim
775 2288 851 2323 per
866 2282 1005 2314 totum
1017 2277 1332 2320 Nouembrem,
1351 2276 1688 2315 Obseruationcs
1699 2277 1745 2313 in
1757 2286 1809 2313 eo
1823 2275 2007 2319 habitas,

368 2330 702 2367 accommodare
718 2330 773 2367 ad
789 2329 1077 2377 Triangulum
1094 2330 1237 2373 DEA,
1260 2341 1314 2367 ne
1335 2341 1411 2377 per
1432 2331 1604 2376 copiam
1620 2328 1818 2366 locorum
1834 2339 2007 2375 promo-

368 2384 499 2420 tionis
519 2382 716 2420 Cometae
738 2384 975 2420 intricatior
998 2382 1202 2420 reddatur
1222 2381 1488 2428 delineatio.)
1512 2381 1661 2428 Quare
1683 2393 1782 2419 cum
1803 2393 1855 2419 eo
1877 2381 1945 2418 die
1966 2380 2007 2418 D

369 2435 414 2472 fit
430 2437 476 2472 in
491 2435 534 2472 P.
552 2435 604 2472 13.
623 2435 685 2472 M.
702 2435 753 2473 47
773 2441 813 2479 z,
836 2435 873 2472 8(
894 2435 990 2479 DE,
1012 2435 1054 2472 P.
1073 2435 1125 2473 12.
1144 2436 1206 2473 M.
1224 2436 1277 2479 16,
1299 2437 1377 2472 erit
1393 2435 1525 2472 Latus
1541 2434 1644 2478 AD,
1665 2434 1708 2471 P.
1725 2434 1788 2471 22.
1806 2434 1868 2472 M.
1885 2434 1949 2477 52,
1970 2433 2008 2471 8(

370 2488 464 2531 EA,
485 2487 527 2525 P.
545 2488 607 2526 25.
630 2488 693 2525 M.
710 2488 773 2531 48,
794 2493 925 2534 atque
941 2488 1142 2535 Angulus
1163 2488 1307 2531 EAD,
1329 2488 1371 2525 P.
1388 2487 1450 2525 29.
1471 2487 1533 2525 M.
1551 2488 1604 2531 14,
1626 2498 1713 2524 vno
1734 2486 2008 2525 solummodo

370 2540 569 2587 scrupulo
594 2540 800 2578 deficiens
824 2541 878 2578 ab
904 2540 992 2583 illo,
1019 2552 1150 2587 quern
1175 2541 1514 2588 defignauimus;
1543 2542 1730 2586 cumque
1756 2539 1888 2577 Latus
1914 2539 2007 2583 EA,

1892 2603 2008 2629 nunc

2043 853 2073 878 10

2044 1118 2074 1143 15

2041 1383 2076 1408 20

2042 1649 2076 1674 25

2043 1914 2078 1940 30

2040 1962 2083 1994 98

2045 2181 2078 2206 35

2046 2446 2079 2470 40
