2209 3213
380 248 430 284 30
871 244 953 281 DE
975 243 1199 281 MUNDI
1220 243 1521 280 AETHEREI

380 353 615 390 admodum
639 353 682 387 in
704 351 818 387 illius
838 352 968 387 etiam
985 349 1128 387 Stellae
1146 349 1432 395 inquisitione,
1455 360 1555 395 quae
1576 360 1667 386 non
1687 350 1732 386 in
1750 349 2012 393 Meridiano,

379 406 446 442 sed
464 408 507 441 in
525 410 638 441 certo
655 404 803 450 aliquo
820 403 1073 445 Azimutho,
1090 414 1166 449 per
1182 402 1468 445 altitudinem,
1485 402 1586 439 dato
1604 403 1735 439 etiam
1751 406 1958 449 ternpore,
1976 402 2014 440 8(

378 460 431 495 01)
445 459 485 494 id
500 457 612 495 Coeli
626 457 776 493 Medio
794 458 976 503 cognito,
995 461 1170 502 accepta
1187 455 1253 499 est,
1270 455 1397 502 longe
1413 455 1659 502 simpliciori
1676 454 1713 492 &
1729 455 1917 501 planiori
1929 457 2012 499 via,

378 512 431 548 ad
456 513 547 547 eius
570 510 907 547 declinationem
928 508 965 545 8(
986 508 1291 545 Ascenfionem
1314 506 1475 545 rectam
1498 508 1794 555 indagandam
1816 509 2013 556 progressi

377 565 533 604 sumus,
557 574 701 608 quam,
724 565 767 599 in
789 562 871 599 hoc
893 562 1048 599 eodem
1066 562 1222 608 Opere,
1244 566 1343 599 ante
1363 572 1444 599 nos
1460 561 1845 608 Regiomontanus,
1866 561 1904 598 &
1924 561 2013 608 post
2050 574 2066 599 5

376 617 499 653 illum
520 617 719 661 Apianus
742 620 871 661 atque
895 614 1344 658 Schreckenfuehfius,
1371 626 1612 661 eorumque
1638 616 1889 658 imitatores,
1916 626 2012 661 pro·
2051 618 2070 649 †

376 669 620 715 posuerunt.
648 668 794 714 Quam
821 670 938 705 enim
963 668 1179 714 perplexis
1205 667 1242 704 8(
1267 667 1456 714 operofis
1481 667 1734 710 rationibus,
1763 667 1809 704 hi
1834 679 1887 704 ex
1913 668 2013 705 dato

376 722 519 759 Stellae
536 721 775 758 Azimutho
793 721 830 758 8(
846 721 1086 763 altitudine,
1113 723 1271 767 quouis
1292 726 1487 767 tempore
1508 725 1627 764 noto,
1649 722 1742 757 eius
1763 720 2013 758 declinatio-

376 786 476 811 nem
490 774 526 811 8(
539 774 843 811 Ascenfionem
856 773 1015 812 reelam
1028 776 1262 820 inquirant,
1278 774 1315 811 8(
1330 773 1486 811 deinde
1498 773 1815 821 longitudinem
1826 773 2013 811 latitudi-

375 839 563 874 nemque
574 827 872 873 superstruant,
886 838 938 864 ex
949 838 1101 864 eorum
1111 827 1272 873 scriptis
1282 829 1427 873 quiuis
1439 826 1563 864 facile
1574 826 1809 873 cognoscet.
1822 826 2013 874 Ideoque
2054 839 2085 865 10

376 893 464 917 non
485 880 632 917 saltem
649 892 701 917 ex
719 880 1106 918 Obseruationibus
1124 880 1447 923 recentioribus,
1469 880 1566 917 loca
1587 879 1833 923 affixarum,
1855 879 2013 926 quibus

375 936 419 970 in
437 933 621 971 Cometa
637 945 748 980 opus
765 938 867 976 erat,
889 933 1117 976 restituere,
1140 944 1380 980 earumque
1401 933 1693 980 longitudines
1711 932 1748 970 8(
1764 932 2014 970 latitudines

374 986 559 1033 pleniori
576 987 838 1024 indicatione
855 986 1146 1024 demonstrare
1163 986 1397 1029 voluimus,
1413 986 1483 1023 sed
1500 988 1644 1029 etiarn,
1661 997 1748 1023 vna
1765 986 2013 1033 compendi-

375 1039 557 1076 ofiorem
579 1040 615 1077 8(
636 1039 773 1076 multo
792 1039 1032 1077 faciliorem
1048 1040 1242 1081 modurn,
1265 1051 1352 1086 quo
1373 1051 1449 1086 per
1470 1039 1616 1077 datam
1633 1038 1777 1077 Stellae
1794 1038 2013 1076 Ascenfio-

375 1104 475 1129 nem
489 1091 674 1136 Rediam,
693 1092 729 1129 8(
746 1092 1083 1130 declinationem
1101 1092 1217 1139 (quae
1234 1092 1322 1130 duo
1339 1104 1392 1130 ex
1408 1097 1602 1139 tempore
1619 1092 1819 1130 transitus
1830 1103 1906 1139 per
1918 1092 2013 1129 Me·
2055 1105 2084 1130 15

374 1146 605 1188 ridianum,
631 1145 667 1182 8(
690 1145 916 1183 altitudine
940 1145 1083 1183 Stellae
1107 1147 1313 1189 maxima,
1337 1145 1522 1192 locoque
1548 1141 1562 1195 ΙΙ
1588 1145 1713 1189 Solis,
1737 1144 1775 1182 8(
1798 1145 1899 1183 data
1921 1145 2015 1183 Poli
2047 1152 2088 1184 27

375 1199 633 1241 eleuatione,
651 1198 938 1245 innotescunt)
957 1201 1050 1236 eius
1066 1199 1291 1246 longitudo
1305 1198 1341 1235 8(
1353 1198 1549 1242 latitudo,
1566 1198 1654 1236 leui
1669 1200 1855 1245 negotio,
1872 1200 2013 1245 inqui-

376 1257 583 1293 rerentur.
602 1253 665 1299 ijs,
683 1254 757 1298 qui
774 1254 818 1288 in
834 1251 916 1289 hac
932 1254 1174 1299 pragmatia
1189 1254 1336 1289 minus
1352 1254 1571 1289 exercitati
1587 1251 1694 1295 sunt,
1710 1263 1968 1298 proponere.

452 1339 751 1378 STELLULA
773 1340 835 1377 IN
857 1340 1121 1378 PECTORE
1142 1340 1363 1383 PEGASI,
1386 1339 1529 1386 QUAE
1551 1339 1654 1378 EST
1674 1336 1941 1378 DUARUM

1024 1401 1368 1440 BOREALIOR.
2052 1415 2086 1440 20

450 1463 527 1500 ED
548 1463 674 1501 video
692 1463 834 1501 adhuc
855 1463 1008 1501 restare
1030 1464 1267 1502 indecisum
1287 1464 1339 1501 de
1360 1463 1578 1501 minutula
1600 1475 1652 1501 ea
1672 1463 1816 1506 Stella,
1839 1475 1938 1510 quae
1960 1463 2015 1501 est

463 1516 688 1554 Borealior
702 1517 890 1554 duarum
906 1519 951 1554 in
967 1515 1137 1564 pectore
1151 1517 1305 1564 Pegasi,
1322 1519 1433 1554 inter
1445 1528 1580 1563 quam
1592 1516 1629 1554 8(
1642 1516 1811 1559 Scheat,
1829 1517 2015 1555 Cometa

375 1569 456 1611 hic,
478 1570 679 1607 vltimum
699 1569 786 1607 suae
807 1572 1092 1617 apparitionis
1112 1570 1346 1617 vestigium,
1369 1571 1481 1607 circa
1501 1570 1759 1617 261anuarij
1785 1570 1844 1616 (vt
1862 1571 1908 1607 in
1926 1569 2013 1607 fine

374 1623 657 1669 praecedentis
684 1622 850 1669 Capitis
875 1623 1047 1670 plenius
1072 1623 1382 1669 indicauimus)
1408 1623 1535 1660 nobis
1560 1623 1744 1670 reliquit.
1771 1623 1887 1661 Licet
1909 1634 2013 1660 vero

374 1676 505 1713 huius
515 1675 706 1713 Stellulae
716 1676 916 1714 Ascenfio
927 1675 1067 1719 Reeta,
1080 1688 1159 1713 nec
1169 1688 1191 1714 e
1201 1681 1395 1723 tempore
1405 1676 1605 1714 tranfitus
1614 1687 1690 1723 per
1699 1676 2013 1721 Meridianum‚
2051 1689 2085 1714 25

375 1741 453 1766 nec
466 1740 488 1766 e
501 1731 624 1766 certis
636 1729 897 1773 Azimuthis‚
914 1735 1042 1776 prout
1054 1732 1099 1766 in
1111 1729 1466 1767 antecedentibus
1481 1727 1644 1767 factum
1660 1729 1727 1773 est,
1744 1728 1888 1767 adhuc
1904 1729 2014 1767 mihi

375 1782 599 1828 explorata
621 1782 816 1826 habetur,
840 1782 1128 1820 nihilominus
1152 1783 1238 1820 alia
1262 1783 1455 1830 quadam
1477 1784 1560 1826 via,
1585 1782 1622 1819 &
1644 1782 1861 1830 prioribus
1882 1784 2013 1820 etiam

374 1837 520 1872 minus
540 1835 717 1878 lubrica,
739 1836 794 1873 ad
814 1841 977 1873 metam
994 1840 1186 1883 optatam
1206 1837 1513 1883 pertingemus,
1534 1835 1665 1882 idque
1681 1835 1866 1873 faciliori
1883 1837 2014 1873 etiam

375 1888 646 1934 compendio.
669 1888 813 1934 Quem
834 1889 1028 1932 modurn,
1049 1890 1094 1926 in
1115 1889 1348 1927 Stellarum
1364 1888 1708 1936 longitudinibus
1725 1888 1762 1926 8(
1778 1888 2012 1926 latitudini-

374 1940 466 1984 bus,
489 1952 510 1978 e
531 1940 620 1978 sola
638 1941 835 1979 videlicet
856 1941 1051 1980 distantia
1073 1942 1110 1979 8(
1131 1942 1421 1980 declinatione
1442 1941 1713 1989 indagandis,
1734 1953 1825 1989 prae
1846 1944 2013 1980 caeteris
2050 1953 2084 1979 30

374 1994 631 2041 potissimum
654 1996 698 2031 in
720 1994 796 2032 vsu
819 1994 1044 2039 habemus,
1069 2007 1258 2042 eumque
1282 1995 1442 2033 harum
1464 2006 1611 2032 rerum
1634 1995 1814 2042 cupidis,
1837 1994 1907 2032 vel
1929 1994 2012 2033 hoc

374 2048 501 2084 vnico
519 2047 731 2094 exemplo,
748 2059 839 2085 non
854 2050 1068 2095 grauatim
1085 2048 1521 2086 communicabimus.

427 2099 631 2143 Stellulae,
644 2100 696 2138 de
709 2112 796 2147 qua
807 2101 976 2148 loquor,
989 2101 1185 2139 distantia
1196 2113 1222 2139 a
1233 2101 1377 2139 lucida
1387 2101 1594 2145 Vulturis,
1606 2113 1632 2138 a
1643 2100 1769 2138 nobis
1781 2100 2012 2148 aliquoties

374 2158 549 2199 accepta
571 2153 636 2197 est,
658 2153 700 2190 P.
718 2155 780 2191 45.
798 2154 860 2191 M.
878 2154 918 2191 31
940 2153 1099 2197 exacte,
1121 2154 1412 2192 declinatione
1433 2156 1539 2198 eius,
1561 2165 1614 2191 ex
1634 2154 1861 2192 altitudine
1878 2154 2011 2192 Meri-

375 2206 517 2249 diana‚
539 2205 663 2243 fimul
683 2212 853 2253 reperta
874 2207 1008 2245 Grad.
1030 2207 1091 2245 22.
1114 2208 1176 2245 M.
1198 2208 1249 2246 26
1270 2208 1423 2251 Borea,
1446 2219 1633 2254 cumque
1655 2207 1887 2245 declinatio
1907 2207 2010 2245 Vul-
2049 2219 2082 2244 35

373 2260 491 2302 turis,
505 2259 613 2296 Part.
625 2260 660 2297 7.
671 2259 733 2297 M.
743 2260 792 2297 52
804 2262 923 2307 prius
936 2260 1036 2298 data
1048 2263 1299 2307 reperiatur,
1311 2261 1505 2308 sequenti
1516 2260 1775 2308 figuratione
1787 2262 2011 2308 negotium

374 2311 457 2349 hoc
473 2311 660 2349 facilime
677 2312 938 2350 absoluetur:
956 2310 970 2363 ΙΙ

427 2364 487 2402 Sit
499 2364 535 2402 C
547 2365 691 2403 lucida
700 2366 906 2409 Vulturis,
921 2367 953 2403 B
966 2366 1147 2404 Stellula
1155 2366 1299 2414 Pegafi
1310 2367 1443 2404 modo
1456 2365 1578 2410 dicta,
1591 2366 1721 2404 Polus
1733 2377 1837 2404 vero
1846 2366 2010 2413 AEqua-
2044 2373 2086 2404 28

373 2420 476 2455 toris
489 2418 542 2461 A,
559 2430 581 2455 e
599 2430 686 2465 quo
702 2430 777 2465 per
793 2419 917 2456 binas
934 2419 1043 2457 fixas
1060 2419 1274 2457 ducantur
1286 2420 1565 2466 Quadrantes
1580 2419 1663 2456 ΑΕ
1679 2419 1716 2456 8(
1733 2419 1835 2463 AD,
1853 2421 1898 2457 in
1914 2431 2010 2466 por-

373 2473 537 2508 tionem
553 2470 805 2518 AEquatoris
822 2472 917 2515 DE,
940 2472 977 2509 &
998 2471 1311 2510 conneaantur
1331 2473 1473 2510 ambae
1491 2472 1634 2510 Stellae
1653 2483 1758 2509 arcu
1775 2472 1866 2510 BC.
1891 2472 2009 2519 Qua·
2048 2485 2081 2510 40

373 2529 547 2571 propter
569 2526 614 2561 in
636 2524 874 2572 Triangulo
898 2526 1036 2569 ΒΑΕ,
1061 2528 1165 2572 quia
1188 2526 1314 2563 datur
1336 2526 1469 2563 Latus
1491 2525 1589 2568 AC.
1614 2537 1666 2562 ex
1689 2525 2009 2572 complemento

1708 2578 2010 2616 declinationis
