2209 3213
497 196 1020 238 RECENTIORIBUS
1040 197 1498 237 PHAENOMENIS
1763 198 1822 236 121

179 304 438 344 Obseruatio
459 304 691 342 concordet
711 307 855 352 potius
871 317 972 343 cum
988 316 1041 343 ea
1057 304 1313 349 differentia,
1336 316 1436 352 quae
1457 304 1551 342 fieri
1570 304 1744 343 deberet
1760 316 1823 342 re-

178 356 321 407 spectu
341 359 476 396 centri
495 357 656 401 Terrae,
678 357 836 396 distans
857 359 911 397 ab
933 370 985 396 ea
1004 358 1154 397 saltem
1174 359 1194 398 ἒ
1212 359 1341 396 vnius
1361 357 1561 405 scrupuli,
1583 360 1823 405 quantitate

178 410 351 460 prorsus
367 409 609 454 insenfibili,
631 411 791 448 idcirco
808 411 1084 449 manifestum
1100 411 1259 455 euadit,
1282 411 1645 449 Obseruationem
1666 409 1825 449 factam

179 467 225 503 in
246 465 289 508 F,
312 463 537 511 superficie
557 463 718 507 Terrae,
742 464 1037 502 insenfibiliter
1058 463 1230 502 differre
1251 465 1306 502 ab
1327 475 1391 508 ea,
1416 476 1516 511 quae
1536 464 1631 502 fieri
1651 465 1778 512 posset
1799 475 1827 502 a

127 529 143 554 5
180 522 328 556 centro
334 516 544 560 TerraeA;
555 516 743 564 ideoque
751 517 984 555 Cometam
993 517 1132 555 multo
1142 517 1314 565 longius
1324 522 1542 555 remotum
1551 517 1680 561 fuisse‚
1691 528 1826 565 quarn

181 570 299 618 quod
310 570 385 608 FA
397 569 714 608 semidiameter
724 569 885 614 Terrae,
902 571 958 608 ad
973 570 1103 617 ipfius
1119 570 1244 608 situm
1259 570 1461 608 habuerit
1474 570 1662 608 senfibus
1676 570 1825 608 admo-

181 624 287 662 dum
298 625 593 661 incurrentem
604 623 965 671 magnitudinem,
983 623 1025 661 id
1040 624 1158 670 quod
1169 623 1298 671 longe
1309 623 1438 671 supra
1449 623 1623 661 Lunam
1634 625 1827 671 primum

181 676 288 721 fieri,
304 675 595 714 Astronomiae
611 678 758 723 peritis
774 676 1026 714 nullatenus
1042 676 1313 715 dubitatione
1330 677 1510 724 dignum
1527 676 1733 715 censetur.

102 1849 163 1882 142
240 1846 530 1894 Experiamur
544 1857 650 1885 vero
666 1845 811 1885 adhuc
827 1847 952 1884 tertio
968 1845 1153 1893 idipsum
1170 1856 1248 1893 per
1264 1845 1627 1884 Obseruationem
1643 1842 1658 1896 ΙΙ
1674 1845 1830 1884 Altitu-

119 1909 150 1934 ιο
187 1899 300 1938 dinis
316 1899 354 1938 &
370 1899 714 1938 Azimuthorum
731 1898 890 1938 factam
905 1899 975 1937 die
991 1899 1029 1937 II
1046 1899 1252 1946 Ianuarij,
1274 1899 1453 1946 quando
1473 1899 1585 1937 hora
1600 1899 1636 1937 6.
1653 1901 1758 1937 min.
1775 1899 1829 1943 10,

187 1952 557 2001 deprehendimus
572 1952 785 1991 Azimuth
801 1952 1000 1991 Cometae
1021 1952 1075 1990 ab
1097 1951 1264 1990 Occasu
1284 1951 1430 1990 versus
1447 1952 1695 1996 Meridiem‚
1716 1952 1759 1990 P.
1776 1953 1830 1991 17.

187 2005 251 2044 M.
267 2006 330 2050 23,
351 2006 642 2045 Altitudinem
661 2017 779 2049 vero,
801 2006 844 2043 P.
861 2005 924 2043 34.
946 2005 1009 2043 M.
1026 2005 1089 2043 20.
1111 2005 1162 2043 Et
1182 2005 1340 2043 deinde
1361 2005 1490 2044 Hora
1505 2006 1541 2044 8.
1562 2007 1667 2043 min.
1683 2005 1708 2043 2
1728 2005 1830 2049 fere,

129 2059 150 2091 ἢ·
185 2059 409 2104 Azimuth,
433 2060 476 2097 P.
492 2060 528 2098 6.
551 2059 615 2098 M.
631 2059 694 2103 20,
718 2059 773 2097 ab
796 2058 964 2097 Occasu
985 2058 1132 2096 versus
1155 2058 1517 2106 Septentrionem,
1540 2058 1831 2097 Altitudinem

185 2123 303 2157 vero,
320 2113 363 2151 P.
376 2113 429 2151 19.
442 2113 505 2151 M.
518 2114 554 2152 7.
573 2113 675 2151 Erat
690 2118 838 2151 autem
852 2124 906 2150 ex
917 2111 1210 2159 superioribus
1221 2111 1297 2150 suo
1308 2112 1406 2150 loco
1419 2112 1574 2160 Capite
1585 2112 1609 2150 4
1620 2112 1830 2160 petendis,

119 2174 150 2200 15
186 2164 435 2204 Declinatio
451 2168 682 2204 anterioris
700 2166 797 2209 loci,
818 2166 860 2203 P.
878 2166 931 2204 19.
949 2165 1013 2203 M.
1030 2166 1075 2209 ll,
1096 2165 1355 2209 Posterioris,
1376 2165 1420 2203 P.
1437 2166 1490 2204 19.
1508 2165 1571 2203 M.
1589 2166 1642 2203 12.
1665 2165 1831 2203 Habito

185 2217 377 2266 respectu
390 2219 562 2257 diurnae
574 2221 843 2263 mutationis,
860 2219 899 2257 &
914 2220 1094 2266 repetita
1106 2220 1241 2266 priori
1252 2219 1530 2267 Figuratione
1542 2218 1646 2256 huic
1656 2220 1831 2266 negotio

186 2271 405 2316 destinata,
429 2272 484 2310 est
506 2272 596 2320 post
617 2272 970 2320 supputationem
991 2274 1038 2309 in
1057 2271 1296 2320 Triangulo
1319 2274 1454 2320 priori
1477 2272 1618 2316 ABC,
1642 2271 1830 2319 comple-

185 2330 385 2363 mentum
400 2325 655 2364 Altitudinis
671 2327 826 2373 primae
842 2325 936 2369 AC,
953 2325 996 2363 P.
1013 2325 1076 2363 55.
1093 2325 1157 2363 M.
1173 2325 1237 2370 40,
1258 2325 1505 2363 Posterioris
1521 2325 1667 2369 ABD,
1685 2324 1832 2363 euadit

186 2378 290 2422 AD,
314 2378 357 2416 Ρ.
378 2379 440 2417 70.
463 2379 526 2417 M.
547 2380 610 2423 54,
633 2379 748 2417 vnde
769 2378 967 2417 Altitudo
990 2380 1109 2426 prior
1131 2378 1266 2416 existit
1288 2379 1330 2417 P.
1352 2379 1415 2416 34.
1437 2378 1500 2416 M.
1522 2378 1586 2423 20,
1610 2377 1831 2422 Posterior,

117 2440 150 2467 20
186 2431 229 2469 P.
246 2431 300 2470 19.
317 2432 380 2470 M.
397 2432 434 2477 6,
450 2437 495 2470 vt
509 2432 556 2470 fit
572 2431 818 2470 differentia
833 2431 1064 2479 Vtriusque,
1086 2431 1128 2470 P.
1146 2432 1199 2470 15.
1218 2432 1281 2470 M.
1299 2432 1352 2477 14,
1372 2431 1530 2470 distans
1545 2443 1572 2470 a
1588 2431 1832 2470 discrimine

186 2484 405 2533 Vtriusque
420 2485 725 2524 Altitudinisa
747 2485 874 2524 nobis
895 2485 1161 2530 Obseruatae‚
1185 2484 1224 2523 &
1245 2485 1379 2524 modo
1402 2490 1639 2530 annotatae,
1661 2489 1833 2524 tantum

295 2546 327 2572 16
1702 2539 1831 2576 vnico
