2209 3213
413 199 488 235 446
809 191 1277 230 APOLOGETICA
1299 190 1656 229 RESPONSIO

413 305 593 341 certiora
607 301 903 341 Instrumenta,
918 299 1134 345 majorem
1146 296 1444 344 pra’cifionem
1456 298 1733 343 reqvirerem‚
1748 295 2049 340 nihilominus,

412 360 623 403 qvantum
635 353 689 391 ad
703 351 1003 390 Maesthlinum
1019 352 1181 393 attinet,
1199 349 1451 388 Parallaxin
1463 349 1662 387 Cometae
1676 349 1848 396 prorsus
1860 349 1976 387 fuisse
1987 351 2050 387 in-

412 408 661 449 sensibilem,
682 417 733 443 eo
751 416 835 451 qvo
852 404 952 441 usus
970 403 1024 441 est
1041 402 1431 441 animadversionis
1449 407 1612 446 tenore,
1634 402 1903 441 adminiculo
1919 402 2052 441 solius

414 462 486 502 fili,
505 467 544 498 et
560 459 887 506 comparatione
905 457 959 494 ad
976 458 1129 494 unicas
1142 456 1325 503 Eqvulei
1340 456 1478 494 stellas
1493 455 1667 494 diversis
1684 455 1804 493 horis
1819 455 1943 500 facta,
1960 467 2052 494 non

414 515 588 552 obscure
614 512 814 558 colligere
839 511 990 557 potuit,
1018 509 1225 556 fiqvidem
1251 511 1345 557 ejus
1371 510 1625 556 deputatum
1652 508 1835 553 cursum,
1861 507 2053 556 respetftu

414 568 563 606 Centri
584 564 782 607 universi,
804 575 880 610 per
896 563 1147 600 Parallaxin
1163 562 1273 600 nihil
1289 563 1461 609 prorsus
1482 562 1670 600 inhiberi
1691 562 1964 609 conspiceret,
1986 574 2051 600 ar-

412 624 618 669 gumento
635 618 732 655 satis
749 617 951 660 evidenti,
969 628 1071 654 eum
1087 617 1318 654 necessario
1334 617 1445 654 inter
1461 615 1648 653 coelestia
1664 615 1980 663 reponendum.
2003 615 2054 653 Et

412 675 513 711 sane
534 683 624 709 non
645 671 843 708 ruditatis
859 669 1128 707 accusandus
1146 669 1434 712 Maesthlinus,
1456 671 1529 716 qvi
1548 669 1618 706 vel
1638 670 1770 707 unius
1791 668 1853 706 fili
1874 680 1969 716 ope,
1991 670 2054 706 rei

413 728 638 764 veritatem
656 723 795 761 multo
811 725 1001 770 penitius
1017 724 1164 770 attigit,
1186 734 1317 769 qvam
1333 724 1375 770 ij,
1393 724 1465 769 qvi
1482 722 1624 760 nescio
1641 733 1737 769 qvae
1754 721 2052 765 Instrumenta,

414 779 647 827 qvalesqve
669 777 1022 815 observationum
1042 782 1280 823 apparatus
1296 775 1526 823 jactarunt.
1549 775 1642 813 Nec
1660 775 1775 822 qvod
1796 774 2053 823 hypothesin

413 844 488 880 per
508 832 838 878 assumptionem
858 829 1111 867 mobilitatis
1130 828 1279 866 Terrae
1296 831 1421 876 juxta
1443 829 1678 875 Copernici
1698 828 1858 875 placita
1878 840 1956 876 pro
1977 828 2053 866 sal-

414 885 568 923 vandis
597 884 795 922 Cometae
825 884 1092 930 apparentijs
1118 882 1403 926 adinvenerit,
1435 881 1704 929 culpandum
1732 881 1798 925 est,
1826 881 1896 919 sed
1923 881 2054 919 laude

415 940 536 977 omni
556 937 665 975 mihi
686 937 923 984 dignissima
943 935 1138 973 censetur
1158 937 1238 973 viri
1262 935 1378 973 illius
1402 937 1447 973 in
1471 935 1553 973 hac
1575 940 1697 982 parte
1718 934 1937 979 industria,
1960 939 2056 972 utut

415 990 662 1040 hypothesis
676 990 751 1027 illa
765 1001 856 1027 non
870 989 1069 1031 totaliter,
1087 988 1124 1026 &
1140 988 1238 1026 satis
1250 988 1424 1035 praecise
1437 988 1635 1027 Cometae
1647 988 1915 1026 motionibus
1926 989 2054 1035 parti-

415 1044 702 1084 cularioribus
724 1055 749 1080 a
769 1044 984 1090 principio
1005 1041 1136 1088 usqve
1159 1042 1214 1079 ad
1237 1041 1372 1079 finem
1395 1041 1654 1085 satisfecerit,
1677 1041 1812 1079 veluti
1835 1052 1926 1088 ego,
1950 1041 2056 1078 dum

414 1100 497 1137 hoc
515 1097 753 1135 Maesthlini
769 1096 971 1143 scriptum
989 1097 1174 1139 excutio,
1197 1095 1298 1142 qvid
1314 1097 1360 1132 in
1377 1094 1459 1132 hac
1476 1094 1605 1141 ipfius
1620 1094 1791 1132 theoria
1808 1094 2055 1138 desiderem,

414 1151 674 1190 sufficienter
691 1161 878 1197 expono.
901 1149 1030 1195 Qvod
1046 1153 1195 1186 autem
1207 1150 1333 1196 juxta
1350 1148 1649 1195 Copernicum
1664 1147 1812 1185 Terrae
1829 1148 2057 1185 circuitum

415 1216 616 1243 annuum
636 1204 819 1251 assignet,
841 1202 1074 1249 Solemqve
1096 1201 1384 1249 qviescentem
1405 1201 1546 1245 faciat,
1567 1212 1646 1248 pro
1668 1201 1864 1239 libertate
1884 1200 2057 1238 Mathe-

415 1260 575 1296 matica
595 1257 637 1294 id
658 1256 734 1304 ipfi
754 1256 851 1294 satis
872 1255 1004 1299 licuit,
1026 1266 1126 1292 cum
1148 1257 1280 1292 etiam
1300 1255 1582 1292 Planetarum
1603 1256 1872 1301 apparentiae
1893 1253 1946 1291 fic
1966 1265 2058 1291 non

416 1310 694 1350 incommode
706 1309 862 1347 salvari
873 1309 1034 1356 possint‚
1047 1313 1093 1346 ut
1105 1320 1131 1346 a
1142 1308 1311 1346 summo
1324 1308 1399 1346 illo
1413 1308 1661 1355 Copernico
1673 1310 1719 1345 in
1730 1307 2058 1345 revolutionum

417 1364 653 1403 coelestium
665 1365 827 1401 eximio
839 1362 914 1400 illo
927 1373 1059 1409 opere
1071 1361 1169 1399 satis
1181 1361 1391 1408 superqve
1403 1361 1743 1399 demonstratum
1756 1360 1822 1398 est.
1841 1360 1922 1398 Res
1940 1362 2058 1398 enim

416 1419 524 1456 redit
541 1417 708 1461 eodem,
731 1416 814 1454 five
831 1415 1014 1453 Terram
1030 1414 1113 1452 five
1131 1415 1278 1453 Solem
1294 1416 1463 1452 moveri
1479 1414 1728 1457 statuamus,
1747 1419 1787 1451 et
1802 1413 1900 1451 solis
1916 1413 2057 1461 Physi-

417 1474 487 1515 cis,
514 1482 605 1509 non
628 1475 776 1508 autem
800 1469 1128 1507 Mathematicis
1151 1468 1391 1506 absurditas
1416 1468 1563 1514 aliqva
1588 1467 1690 1505 hinc
1715 1467 1941 1505 suboritur.
1968 1467 2058 1514 Ego

416 1528 573 1571 itaqve,
591 1535 645 1561 ne
662 1523 745 1561 hac
762 1525 807 1560 in
823 1527 944 1570 parte
961 1521 1059 1569 aliJ‘s
1075 1533 1168 1559 rem
1184 1521 1358 1569 Phyfice
1376 1523 1507 1559 etiam
1524 1526 1564 1558 et
1580 1532 1671 1558 non
1687 1520 1837 1558 saltem
1853 1516 1868 1570 ΙΙ
1884 1519 2057 1558 Mathe-

417 1580 573 1616 matice
591 1575 960 1615 considerantibus
978 1574 1245 1612 offendiculo
1262 1575 1398 1618 essem,
1416 1573 1691 1622 Hypothefin
1702 1579 1847 1612 motus
1860 1573 2059 1612 Cometae

418 1629 725 1679 praesupposita
744 1629 892 1667 Terrae
914 1630 1055 1676 qviete
1077 1627 1305 1672 construxi,
1327 1632 1367 1665 et
1388 1627 1678 1665 nihilominus
1698 1626 1824 1665 illum
1845 1628 1958 1664 circa
1980 1627 2059 1670 (Dm

418 1684 639 1727 mobilem,
650 1682 1025 1730 qvemadmodum
1037 1681 1216 1728 reliqvae
1229 1686 1422 1719 errantes
1433 1680 1575 1723 stellae,
1586 1680 1872 1718 convolutum
1885 1679 2059 1723 ostendi,

420 1738 709 1784 omnibusqve
720 1738 813 1784 ejus
824 1736 1091 1783 apparentijs
1102 1746 1179 1781 per
1188 1740 1323 1772 totam
1336 1734 1613 1772 durationem
1625 1733 1709 1771 hoc
1719 1734 1853 1771 modo
1864 1733 2060 1780 plenarie

420 1790 613 1829 satisfeci.
640 1790 861 1827 Immerito
884 1791 1013 1836 igitur
1036 1787 1337 1826 Maesthlinum
1359 1793 1496 1830 taxas,
1521 1787 1636 1834 qvod
1658 1786 1902 1825 Phantafiae
1926 1785 2059 1823 osten—

421 1844 565 1883 tandae
583 1844 720 1881 caussa
735 1842 841 1880 talia
853 1841 1060 1889 figmenta
1071 1841 1312 1888 publicarit,
1329 1841 1537 1888 fiqvidem
1548 1846 1594 1878 ut
1607 1840 1949 1878 Mathematicus
1961 1839 2059 1877 Ma-

420 1898 663 1935 thematicis
680 1895 921 1934 admodum
938 1895 1103 1933 erudite
1121 1900 1160 1932 et
1176 1894 1273 1932 scite
1290 1894 1458 1941 scripsit,
1480 1905 1566 1940 qvo
1583 1895 1763 1931 nomine
1779 1894 2005 1940 ingenium
2021 1897 2061 1930 et

421 1951 606 1988 studium
624 1951 717 1997 ejus
733 1950 947 1996 imprimis
963 1947 1333 1986 commendabilia
1349 1947 1518 1985 censeo:
1538 1946 1632 1984 Nec
1644 1946 1888 1984 Academia
1897 1945 2060 1983 Tubin·

422 2003 557 2051 genfis
575 2003 688 2050 (qvae
705 2008 751 2040 ut
767 2002 945 2049 reliqvae
963 2012 1116 2039 omnes
1132 2000 1413 2038 Aristotelieis
1428 1999 1772 2047 sophismatibus,
1796 2001 1856 2037 ita
1870 2001 1917 2036 in
1933 1998 2062 2036 rebus

422 2056 608 2104 Physicis
624 2057 786 2093 irretita
803 2055 869 2098 est,
892 2060 931 2092 et
952 2054 1081 2102 ipsius
1096 2054 1414 2092 fumofitatibus
1430 2055 1544 2091 circa
1560 2052 1847 2091 Cometarum
1863 2063 2061 2100 procrea-

422 2112 587 2147 tionem
604 2109 714 2147 adeo
732 2107 947 2151 effuseata‚
965 2113 1010 2145 ut
1026 2109 1217 2145 veritatis
1233 2107 1385 2145 lumen
1397 2118 1574 2144 cernere
1586 2111 1785 2153 neqveat,
1803 2108 1892 2143 imo
1904 2116 1960 2143 ne
1972 2106 2061 2152 qvi-

424 2163 523 2200 dem
546 2162 735 2209 amplius
758 2161 919 2208 aliqvid
944 2160 1229 2207 qvaerendum
1253 2160 1407 2198 restare
1432 2165 1566 2207 putat,
1593 2171 1724 2206 qvam
1749 2159 1864 2206 qvod
1888 2163 1949 2196 tot
1969 2160 2063 2206 jam

423 2215 574 2253 seculis
596 2217 642 2252 in
665 2214 868 2252 omnibus
892 2214 1061 2252 Scholis
1084 2213 1294 2251 Ethnicus
1319 2213 1391 2250 ille
1414 2212 1615 2260 personat
1635 2211 1900 2258 Aristoteles)
1923 2211 2063 2259 ipsum

424 2268 581 2306 melius
601 2267 817 2305 instituere
838 2269 988 2314 potuit.
1010 2265 1181 2304 Redtius
1201 2269 1345 2313 itaqve
1366 2266 1464 2304 fecit
1481 2266 1781 2304 eruditissimus
1799 2265 1871 2302 ille
1888 2264 2062 2302 Maesth-

424 2322 553 2365 linus,
578 2321 691 2368 qvod
716 2332 768 2357 ex
792 2320 881 2367 ipso
905 2319 1017 2357 coelo
1040 2325 1211 2357 naturae
1233 2325 1382 2367 aperto
1403 2319 1526 2363 libro,
1550 2331 1642 2357 non
1663 2330 1715 2356 ex
1736 2320 1874 2366 nugis,
1899 2329 1996 2365 qvae
2017 2319 2064 2355 in

425 2374 593 2413 Scholis
604 2385 683 2421 pro
695 2375 873 2411 veritate
883 2373 1144 2416 venduntur,
1158 2372 1356 2411 Cometae
1368 2372 1501 2420 hujus
1513 2372 1843 2420 descriptionem
1855 2371 2063 2419 aggressus

426 2427 487 2465 sit:
508 2427 606 2465 licet
626 2426 770 2464 adhuc
791 2428 978 2463 nimium
998 2426 1175 2463 timidus
1195 2426 1404 2463 concedat
1419 2425 1589 2472 aliqvos
1606 2425 1814 2463 Cometas
1825 2426 1952 2472 juxta
1967 2424 2063 2461 Ari·

426 2480 581 2518 stotelis
593 2479 798 2527 figmenta
810 2479 923 2516 infra
936 2480 1000 2523 <0³¹
1017 2480 1063 2516 in
1079 2481 1178 2516 aere
1195 2481 1406 2526 generari,
1423 2479 1593 2526 aliqvos
1604 2490 1709 2516 vero
1723 2480 1768 2515 in
1782 2477 1945 2515 aethere
1961 2476 2063 2524 ipso,

1692 2530 2064 2578 qvemadmodum

2094 786 2125 811 10

2097 1052 2127 1077 15

2096 1318 2130 1343 20

2082 1525 2146 1557 21v

2097 1585 2130 1609 25

2098 1850 2131 1876 30

2100 2117 2133 2142 35

2101 2382 2134 2406 40
