2209 3213
378 209 444 246 142
870 206 953 243 DE
975 205 1200 243 MUNDI
1221 206 1522 244 AETHEREI

377 320 502 360 caput
520 314 729 353 Cometae.
753 312 790 349 8(
811 312 963 349 caudae
980 323 1006 349 a
1023 314 1161 359 capite
1178 311 1522 359 produfflonem,
1544 312 1659 350 fuisse
1676 314 1721 350 in
1736 323 1824 350 vno
1841 312 2014 350 eodem-

376 379 459 413 que
472 366 648 404 Circulo
665 376 837 412 magno.
856 365 975 402 Nam
992 366 1109 411 quod
1124 365 1353 403 Inclinatio
1371 367 1521 412 capitis
1534 365 1571 403 &
1583 365 1736 403 caudae
1752 365 2015 403 monstrabat

376 420 599 466 Angulum
613 419 645 455 B
656 419 695 455 D
705 419 738 455 E
751 417 869 464 quafi
882 418 1062 455 dimidio
1074 419 1211 466 gradu
1222 421 1449 462 maiorem,
1466 419 1509 457 id
1525 423 1755 466 propterea
1771 419 2014 463 eueniebat,

375 475 478 519 quia
491 472 643 509 caudae
658 473 1011 508 incuruationem
1023 483 1114 508 non
1126 472 1238 509 adeo
1250 471 1398 510 exacte
1410 472 1465 509 ad
1477 471 1616 509 visum
1628 471 1867 509 discernere
1883 471 2013 516 licuit,

373 526 441 563 sed
459 530 718 572 apparenter
734 524 788 562 ad
806 524 984 561 oculum
1000 524 1149 562 saltem
1166 531 1292 572 capta
1308 525 1374 568 est,
1392 527 1467 572 qui
1479 524 1604 563 facile
1617 536 1705 572 quo
1717 524 1772 562 ad
1785 525 2014 563 dimidium
2052 538 2068 562 5

373 579 567 626 gradum,
585 580 630 615 in
646 582 766 615 tanta
782 577 1018 624 praesertim
1035 578 1188 616 caudae
1205 579 1508 626 Longitudine‚
1525 577 1788 616 hallucinari
1802 580 1953 625 potuit.

426 632 556 668 Nunc
580 631 823 668 videbimus
847 632 990 674 etiam,
1015 631 1192 678 qualem
1213 632 1548 670 Inclinationem
1571 631 1627 669 ad
1647 631 1901 678 Eclipticam
1922 631 2014 670 Cir·

373 685 495 721 culus
512 696 696 731 magnus
713 682 866 721 ductus
878 695 904 721 a
916 686 1054 731 capite
1066 686 1112 722 in
1124 684 1271 722 Solem
1283 684 1454 729 efficiat,
1468 690 1512 723 vt
1523 684 1760 722 innotescat
1772 696 1871 722 eam
1881 685 2014 732 pluri-

371 749 495 775 mum
512 737 683 775 differre
700 736 755 774 ab
771 736 858 780 1113,
876 749 1011 784 quam
1023 738 1176 776 caudae
1188 737 1341 776 duc'tus
1352 750 1429 786 per
1441 743 1569 785 caput
1581 737 1636 776 ad
1649 737 1903 785 Eclipticam
1914 749 2014 776 con-

372 790 576 828 stituebat.
596 790 744 836 Quare
756 790 854 827 loco
866 790 883 827 I
895 791 1074 828 assumto
1085 793 1131 828 in
1143 791 1362 839 Ecliptica,
1379 792 1405 829 l.
1419 791 1474 830 G.
1487 791 1549 829 20.
1562 790 1626 828 M.
1644 795 1683 834 ‚7‘
1693 821 1701 835 ,
1718 792 1840 829 iuxta
1851 790 2015 829 nostras
2056 802 2086 828 10

371 844 563 881 Tabulas
579 845 625 880 in
640 848 763 881 motu
780 843 904 887 Solis,
922 845 1000 881 erit
1016 846 1061 881 in
1077 844 1316 893 Triangulo
1334 844 1447 888 1CF‚
1465 842 1731 892 Rec'tangulo
1748 843 1803 882 ad
1820 843 1864 887 F,
1881 844 2015 882 Latus

372 897 439 941 FI,
460 897 503 934 P.
521 897 582 935 35.
605 896 668 934 Μ.
686 897 748 940 55,
771 896 1015 935 differentia
1036 897 1339 945 Longitudinis
1363 900 1406 942 Θ
1429 900 1475 936 111
1496 897 1526 942 Ι,
1548 897 1586 935 8(
1606 897 1908 945 Longitudinis
1929 897 2014 936 Co-

371 955 499 987 metae
522 952 568 987 in
591 950 638 993 F;
663 950 795 987 Latus
817 950 905 993 FC,
929 950 972 988 P.
989 951 1025 988 8.
1043 951 1106 988 Μ.
1123 951 1186 994 59,
1210 951 1413 990 Latitudo
1434 951 1645 990 Cometae.
1670 950 1820 997 Quare
1843 950 2015 989 duobus

371 1003 577 1041 lateribus
594 1005 707 1040 61163
723 999 736 1052 ΙΙ
753 1003 981 1051 Α11811111111
997 1002 1177 1042 Rectum
1198 1005 1320 1049 datis,
1342 1016 1434 1042 non
1453 1004 1724 1052 ignorabitur
1742 1005 1918 1042 tertium
1934 1004 2013 1042 La·
2041 1009 2103 1041 168

373 1062 441 1094 tus
453 1056 527 1100 IC,
544 1057 587 1093 P.
600 1056 662 1093 36.
676 1056 738 1093 Μ.
752 1056 814 1100 53,
832 1056 1146 1104 repraesentans
1162 1057 1454 1096 differentiam
1465 1059 1616 1105 capitis
1628 1057 1826 1096 Cometae
1839 1057 1877 1095 8(
1888 1056 2013 1102 Solis,
2055 1068 2085 1094 15

374 1110 411 1147 &
432 1115 643 1157 praeterea
661 1110 832 1147 dabitur
848 1110 1050 1157 Angulus
1067 1110 1180 1155 CIF,
1202 1111 1245 1149 P.
1261 1111 1314 1149 15.
1332 1111 1395 1149 Μ.
1412 1112 1448 1150 5.
1471 1110 1560 1158 Qui
1580 1113 1712 1149 etiam
1733 1121 1786 1148 ex
1806 1109 2014 1149 foecundo

374 1162 559 1201 Canone
580 1165 707 1200 vnica
725 1163 992 1210 Operatione
1012 1165 1175 1211 inquiri
1195 1169 1376 1212 poterat,
1397 1164 1467 1202 sed
1487 1164 1627 1202 lubuit
1647 1175 1824 1211 quoque
1844 1175 1933 1202 vna
1953 1163 2013 1202 di-

372 1216 569 1254 stantiam
586 1217 736 1263 capitis
751 1215 949 1254 Cometae
966 1228 993 1254 a
1007 1228 1112 1255 vero
1128 1217 1226 1255 loco
1243 1217 1355 1256 Solis
1371 1217 1486 1261 scire,
1504 1229 1638 1265 quam
1654 1216 1782 1255 refert
1793 1217 1934 1255 Arcus
1950 1217 2013 1256 IC

373 1269 432 1314 (vt
449 1269 554 1315 dixi)
572 1269 720 1315 Quare
738 1281 837 1307 cum
849 1270 1051 1317 Angulus
1068 1282 1199 1317 quem
1215 1270 1315 1309 facit
1331 1276 1459 1318 caput
1471 1270 1670 1309 Cometae
1682 1270 1737 1308 ad
1749 1270 1897 1309 Solem
1913 1282 2013 1308 cum

373 1322 590 1369 Ecliptica,
613 1322 658 1359 fit
674 1323 716 1360 P.
735 1324 787 1361 15.
806 1323 868 1360 Μ.
885 1324 921 1366 5,
944 1323 982 1360 8(
1001 1325 1037 1360 is
1058 1326 1133 1370 qui
1153 1323 1200 1361 fit
1219 1335 1296 1371 per
1316 1324 1469 1362 caudae
1490 1322 1668 1362 ductum
1687 1335 1787 1362 cum
1803 1325 1942 1371 capite
1957 1324 2013 1362 ad
2051 1334 2085 1360 20

372 1375 637 1422 Eclipticam,
660 1375 714 1413 est
734 1376 883 1413 saltem
903 1376 945 1414 P.
963 1377 999 1414 9.
1017 1377 1080 1414 M.
1098 1377 1165 1421 35;
1187 1389 1277 1415 non
1297 1382 1465 1425 poterat
1485 1377 1571 1421 Sol,
1593 1382 1722 1424 caput
1743 1376 1954 1421 Cometae,
1975 1376 2014 1415 &

372 1429 524 1466 caudae
546 1428 710 1472 ductus,
732 1430 808 1466 esse
829 1431 874 1466 in
890 1441 978 1467 vno
995 1429 1173 1468 Circulo
1193 1442 1367 1478 magno,
1390 1442 1442 1468 eo
1464 1430 1582 1477 quod
1597 1430 1799 1478 Angulus
1815 1441 1842 1468 a
1858 1429 2013 1477 Capite

372 1482 427 1519 ad
444 1481 590 1520 Solem
606 1484 651 1519 in
668 1482 875 1529 Ecliptica
894 1488 983 1520 erat
1000 1484 1041 1522 51}
1061 1484 1268 1530 partibus,
1289 1486 1431 1522 maior
1447 1483 1625 1531 Angulo
1645 1495 1672 1521 a
1692 1484 1833 1521 cauda
1853 1494 1930 1530 per
1945 1495 2013 1521 ca-

371 1540 446 1581 put
464 1535 661 1573 Cometae
682 1537 727 1572 in
749 1536 935 1573 eandem
952 1536 1218 1583 Eclipticam,
1240 1537 1359 1575 Nam
1375 1537 1404 1574 fi
1420 1538 1561 1574 Arcus
1578 1537 1759 1584 quidam
1775 1548 1802 1575 a
1817 1536 1917 1575 Sole
1937 1548 2013 1584 per

371 1594 499 1635 caput
512 1588 710 1626 Cometae
726 1588 961 1636 produc‘tus
977 1589 1298 1638 intelligeretur,
1316 1590 1523 1628 incideret
1539 1592 1574 1627 is
1590 1592 1636 1627 in
1653 1589 1708 1634 G,
1725 1589 1764 1628 8(
1779 1601 1858 1637 pro
1875 1601 2012 1637 quan·
2050 1601 2084 1626 25

371 1643 487 1679 titate
495 1642 659 1689 Anguli
672 1641 713 1680 G
723 1641 759 1679 C
768 1643 813 1686 B,
826 1642 1045 1689 superaret
1054 1643 1281 1691 Angulum
1294 1644 1327 1681 B
1336 1643 1377 1681 D
1386 1643 1429 1688 F,
1442 1655 1574 1690 quem
1585 1642 1683 1681 fecit
1695 1641 1847 1681 duetus
1860 1643 2012 1681 caudae

371 1706 446 1741 per
458 1694 690 1732 Cometam
707 1697 752 1732 in
767 1695 1032 1742 Eclipticam,
1050 1696 1199 1742 Quare
1217 1697 1357 1735 cauda
1374 1696 1411 1734 8(
1428 1702 1556 1744 caput
1568 1696 1766 1734 Cometae
1782 1708 1874 1734 non
1890 1701 2013 1734 erant

372 1759 471 1784 cum
498 1750 556 1791 Θ,
579 1748 649 1785 16(1
671 1750 815 1794 potius
839 1760 938 1786 cum
956 1749 1140 1787 Veneris
1163 1749 1295 1788 Stella
1317 1752 1363 1788 in
1384 1761 1473 1788 vno
1496 1749 1674 1788 Circulo
1697 1761 1870 1797 magno,
1894 1749 2012 1796 quod

372 1800 771 1840 Demonstrandum
788 1802 1166 1849 proposueramus.

872 1899 972 1937 DIE
992 1900 1128 1938 XIIII.
1151 1900 1509 1939 NOVEMBRIS.
2049 1910 2084 1936 ³0

448 1959 488 1996 D
510 1959 627 1997 hunc
649 1962 779 1998 etiam
802 1962 917 1998 diem
938 1962 1091 2000 caudae
1112 1961 1290 2000 dud'tum
1310 1962 1606 2006 scrutabimur,
1627 1967 1671 2000 vt
1692 1962 1734 2000 id
1756 1962 1874 2009 quod
1894 1967 2012 2000 ante-

487 2013 653 2050 cedenti
675 2017 838 2060 experti
859 2014 1017 2057 sumus,
1039 2015 1306 2053 manifestius
1327 2015 1498 2053 euadat.
1520 2016 1589 2053 Ne
1606 2020 1754 2053 autem
1769 2016 1900 2053 nimis
1915 2026 2012 2062 pro-

369 2065 507 2103 lixum
531 2065 605 2103 fiat
628 2069 863 2113 negotium.
887 2069 1166 2106 manentibus
1189 2069 1406 2116 prioribus
1430 2069 1734 2107 delineationis
1754 2068 2012 2116 praescriptae

370 2119 814 2163 denominationibus,
823 2120 1362 2169 Demonstrandorumque
1372 2122 1571 2160 locorum
1579 2121 2012 2165 indicationibus,Ar-

370 2183 502 2208 cuum
522 2172 888 2219 Angulorumque
911 2177 1174 2220 quantitates
1194 2175 1469 2213 solummodo
1490 2174 1891 2213 determinabimus,
1915 2174 2012 2212 Fuit
2049 2183 2082 2209 3⁵

370 2224 614 2271 Longitudo
632 2227 794 2271 capitis,
814 2226 897 2263 hoc
914 2227 982 2264 die
1000 2227 1280 2271 Nouembris,
1297 2230 1342 2265 in
1359 2228 1401 2266 P.
1419 2228 1471 2265 10.
1490 2228 1552 2266 M.
1570 2228 1621 2265 42
1646 2233 1670 2268 z
1682 2258 1691 2271 ‚
1708 2227 1746 2265 &
1763 2227 1903 2265 cauda
1918 2238 2011 2265 ver·

369 2277 493 2324 gebat
516 2277 661 2315 versus
684 2278 878 2324 superius
903 2291 1039 2317 cornu
1065 2286 1109 2323 z,
1135 2281 1204 2318 sed
1228 2280 1257 2318 fi
1279 2283 1325 2318 in
1348 2279 1560 2319 directum
1582 2292 1609 2319 a
1631 2281 1769 2328 capite
1796 2279 2012 2327 protracta

369 2330 513 2372 fuisset,
531 2330 733 2368 cecidisset
751 2332 921 2370 duobus
939 2333 1057 2379 quafi
1073 2334 1276 2380 gradibus
1292 2334 1421 2381 supra
1437 2334 1623 2372 eandem
1635 2333 1894 2381 Capricorni
1906 2332 2010 2372 Stel-

369 2383 469 2425 lam,
487 2386 791 2422 incuruatione
808 2385 919 2422 adeo
936 2385 1070 2432 ipsam
1086 2386 1233 2424 versus
1249 2387 1363 2425 hanc
1378 2387 1628 2425 inclinante.
1645 2387 1922 2425 Assumamus
1933 2388 2009 2424 ita-

370 2448 454 2483 que
466 2436 610 2474 Stellae
622 2437 768 2475 locum
781 2449 833 2475 ex
846 2437 1161 2477 COPERNICI
1175 2440 1338 2483 Abaco,
1351 2440 1560 2487 liquidem
1572 2451 1624 2478 ea
1635 2439 1835 2479 nondum
1846 2451 1873 2477 a
1884 2439 2010 2477 nobis
2047 2450 2081 2475 40

369 2489 557 2527 restituta
578 2490 632 2528 est
654 2490 770 2536 (cum
792 2491 1018 2529 discrimen
1040 2492 1194 2530 calculi
1215 2492 1426 2540 ipfiusque
1449 2493 1576 2537 Coeli,
1600 2492 1684 2531 hoc
1703 2492 1801 2532 loco
1821 2492 2010 2532 nostram

1723 2547 2010 2584 intentionem
