2209 3213
141 549 156 573 5

124 813 154 838 10

117 1344 150 1369 20

116 1610 149 1635 25

115 1875 149 1901 30

114 2140 148 2166 35

115 2405 148 2431 40

516 216 1038 255 RECENTIORIBUS
1059 216 1517 256 PHAENOMENIS
1800 218 1839 256 15

249 324 376 361 Hora
392 323 427 361 8.
446 323 509 360 M.
526 323 589 360 45.
608 323 794 360 Cometa
810 335 836 360 a
852 323 1062 360 lucidiore
1079 325 1124 360 in
1140 323 1279 360 fronte
1298 323 1498 370 Equiculi
1516 324 1557 361 P.
1575 324 1610 361 4.
1629 324 1691 361 M.
1709 324 1771 362 27.

248 376 376 413 Hora
391 376 427 413 9.
445 376 508 414 M.
525 377 578 413 15.
595 378 706 413 inter
723 376 954 414 Cometam
972 376 1009 413 &
1026 388 1074 413 os
1091 376 1235 423 Pegafi
1251 377 1293 414 P.
1311 377 1364 414 10.
1382 376 1445 414 Μ.
1463 377 1515 414 14.

247 429 486 467 Videbatur
502 431 633 466 etiam
649 428 784 476 paulo
800 429 889 476 post
905 429 929 466 6
945 429 1114 474 horam,
1133 435 1261 476 caput
1274 430 1472 467 Cometae
1485 430 1561 467 esse
1574 430 1779 476 exquisite
1793 433 1838 468 in

193 482 311 520 linea
330 481 457 526 reeta,
479 493 579 529 quae
600 482 770 519 ducitur
790 493 867 529 per
887 493 936 519 os
956 482 1101 529 Pegafi
1122 484 1167 519 in
1187 482 1380 520 mediam
1401 482 1439 519 &
1459 482 1717 521 lucidiorem
1739 484 1837 521 colli

194 535 397 573 eiusdem.

247 588 415 626 Caudae
432 599 536 625 vero
553 589 802 625 extremitas
818 587 963 625 adhuc
980 599 1028 625 os
1044 588 1189 635 Pegafi
1205 588 1451 636 attingebat,
1474 600 1526 626 eo
1543 590 1688 632 modo,
1710 596 1753 627 vt
1775 592 1837 628 in-

192 640 324 678 ferior
335 640 373 678 8(
384 640 714 678 meridionalior
726 641 879 678 caudae
890 652 991 688 pars
1003 646 1209 683 extrema,
1227 653 1276 678 os
1293 641 1436 688 Pegasi
1453 642 1572 688 quafi
1589 645 1837 690 contingere

192 694 425 738 videretur;
443 694 633 740 Eratque
650 693 740 741 ipsa
754 694 906 737 cauda,
923 693 1007 731 hoc
1023 694 1269 738 interuallo,
1286 694 1420 741 paulo
1436 695 1686 741 protensior,
1704 696 1837 743 Supe—

192 749 280 784 rior
295 759 399 785 vero
420 758 520 794 pars
541 748 842 790 connexitatis,
864 747 1069 794 exquifite
1087 747 1289 785 Stellulas
1310 750 1485 785 narium
1503 748 1703 795 Equiculi
1719 749 1836 787 strin-

190 799 327 847 gebat.

844 844 1181 882 DECEMBER.

296 905 350 943 IE
367 905 396 943 I.
414 906 542 943 Hora
557 906 615 945 53.
633 905 748 943 Inter
759 905 955 943 Vulturis
968 906 1160 943 lucidam
1172 905 1210 943 &
1223 906 1420 944 Cometae
1433 912 1562 954 caput
1574 907 1616 945 P.
1630 908 1683 946 18.
1697 908 1759 946 M.
1772 909 1835 947 47.

308 958 446 996 Paulo
462 958 552 1006 post
567 958 745 996 distabat
761 958 816 996 ab
832 970 908 996 ore
924 959 1068 1006 Pegafi
1085 959 1127 996 P.
1145 959 1181 996 9.
1198 959 1261 996 M.
1279 959 1341 997 20.

243 1011 372 1049 Circa
387 1012 504 1050 idem
519 1011 608 1049 fere
623 1016 808 1059 tempus,
825 1011 880 1049 ab
896 1012 1100 1049 Humero
1117 1012 1268 1050 dextro
1290 1021 1332 1048 m
1352 1012 1394 1050 P.
1412 1014 1466 1051 17.
1484 1013 1546 1051 M.
1565 1013 1627 1051 36.

243 1065 293 1102 Et
309 1077 336 1103 a
352 1064 508 1103 Scheat
524 1064 669 1112 Pegafi
685 1064 727 1102 P.
745 1065 807 1102 33.
826 1064 889 1102 Μ.
906 1065 960 1102 14.

242 1118 380 1155 Linea
390 1129 495 1155 vero
507 1117 633 1162 recta,
651 1116 780 1156 ducta
791 1129 817 1155 a
829 1118 994 1156 Lucida
1004 1118 1213 1162 Vulturis,
1230 1130 1307 1165 per
1319 1115 1600 1169 Come-{ltam,
1618 1120 1834 1167 relinque-

188 1169 260 1208 bat
276 1182 325 1208 os
340 1170 484 1218 Pegafi
500 1173 546 1208 in
561 1171 637 1208 suo
653 1170 763 1215 loco,
780 1171 926 1208 versus
942 1171 1113 1215 Zenith,
1129 1183 1218 1209 vno
1235 1171 1355 1218 quafi
1371 1173 1519 1219 gradu.

241 1224 369 1262 Hora
385 1225 421 1262 7.
439 1224 502 1262 M.
520 1224 573 1262 10.
591 1223 781 1268 distabat,
798 1224 852 1262 ab
870 1236 945 1262 ore
961 1224 1118 1272 Pegafi‚
1136 1224 1178 1262 P.
1195 1225 1232 1262 9.
1250 1225 1313 1262 M.
1331 1225 1384 1263 17.

241 1277 369 1315 Hora
384 1277 420 1315 9.
438 1277 501 1315 M.
519 1277 581 1315 30.
598 1279 709 1315 inter
726 1277 959 1315 Cometam
976 1277 1013 1315 &
1030 1289 1079 1315 os
1095 1277 1239 1325 Pegafi
1256 1278 1298 1315 P.
1315 1278 1351 1316 9.
1370 1278 1433 1315 M.
1451 1279 1504 1316 10.

241 1330 342 1368 Erat
359 1332 490 1368 etiam
508 1330 609 1373 fere,
630 1335 673 1368 vt
693 1330 788 1368 heri
803 1330 980 1377 vesperi,
1001 1336 1131 1378 caput
1148 1331 1359 1374 Cometae,
1381 1333 1426 1368 in
1446 1331 1563 1369 linea
1584 1331 1710 1377 rec'ta,
1733 1345 1833 1381 quae

187 1383 358 1421 ducitur
373 1395 450 1431 per
461 1395 510 1421 os
520 1383 677 1431 Pegafi,
694 1385 740 1421 in
755 1383 948 1421 mediam
960 1384 998 1422 8(
1009 1384 1267 1422 lucidiorem
1282 1384 1393 1429 colli,
1410 1384 1500 1429 nifi,
1519 1386 1636 1432 quod
1653 1398 1771 1424 nunc
1787 1387 1834 1424 11-

186 1436 276 1474 lam
287 1437 451 1474 lineam
463 1436 667 1474 nonnihil
677 1439 957 1484 praeterierat‚
970 1437 1064 1474 heri
1076 1437 1240 1484 vesperi
1252 1442 1401 1475 autem
1413 1438 1612 1476 nondum
1624 1441 1832 1487 attigerat.

240 1489 397 1528 Cauda
413 1490 615 1537 vergebat
631 1492 676 1527 in
692 1490 852 1534 locum,
870 1492 944 1537 qui
961 1490 1016 1528 est
1033 1492 1143 1528 inter
1160 1490 1339 1528 Stellam
1355 1493 1543 1538 primam
1560 1492 1659 1529 colli
1676 1493 1832 1541 Pegasi,

187 1543 370 1581 Marcab
386 1542 556 1587 dictam,
578 1542 616 1580 8(
636 1542 762 1581 binas
778 1543 874 1581 illas
890 1545 936 1581 in
951 1543 1097 1581 medio
1114 1543 1214 1581 colli
1230 1543 1398 1591 pofitas.
1421 1545 1522 1582 Erat
1539 1547 1657 1582 enim
1673 1557 1831 1593 parum

187 1596 360 1634 eleuata
379 1596 508 1644 supra
524 1608 572 1634 os
589 1596 733 1644 Pegafi
753 1596 948 1634 inferiori
969 1602 1103 1644 parte,
1125 1597 1256 1644 idque
1277 1599 1415 1645 magis
1432 1610 1567 1645 quam
1583 1598 1689 1641 heri,
1714 1599 1751 1636 8(
1772 1602 1832 1637 vi-

186 1649 368 1687 debatur
384 1649 713 1697 quodammodo
730 1651 961 1688 incuruata
977 1649 1124 1687 versus
1140 1651 1332 1688 mediam
1349 1650 1460 1689 colli.

239 1702 339 1740 DIE
356 1703 406 1740 II.
429 1703 559 1741 Circa
578 1702 736 1740 horam
756 1704 803 1742 7ss
823 1703 1128 1746 animaduerti,
1151 1704 1269 1750 quod
1286 1703 1485 1742 Cometae
1506 1710 1635 1752 caput
1652 1711 1742 1743 erat
1759 1707 1831 1744 ad-

185 1755 369 1794 modum
388 1757 687 1803 propinquum
708 1756 914 1799 Stellulae,
939 1767 1039 1803 quae
1063 1756 1118 1794 est
1140 1758 1261 1795 iuxta
1282 1768 1331 1794 os
1352 1757 1566 1804 Equiculi.
1591 1758 1744 1806 Estque
1766 1771 1830 1803 ea,

185 1820 286 1856 quae
298 1808 353 1847 est
363 1808 491 1857 supra
502 1820 632 1847 nares
644 1809 835 1847 eiusdem
846 1809 1059 1856 Equiculi.
1072 1821 1172 1857 quae
1182 1812 1306 1848 tertia
1318 1810 1373 1848 est
1385 1822 1583 1849 numero.
1597 1811 1660 1849 Ita
1669 1817 1830 1857 tamen,

185 1866 229 1900 vt
244 1863 456 1900 excesserit
472 1862 651 1900 Stellam
667 1862 788 1900 istam
804 1862 880 1900 suo
895 1868 1019 1900 motu
1035 1862 1181 1900 versus
1197 1863 1418 1911 Pegasum,
1440 1864 1538 1912 plus
1558 1866 1719 1910 minus,
1741 1866 1830 1904 dia-

184 1920 323 1953 metro
339 1915 516 1954 Lunari.

237 1968 476 2007 Videbatur
492 1968 665 2016 insuper
681 1973 810 2016 caput
823 1968 1033 2013 Cometae‚
1051 1969 1127 2007 esse
1143 1971 1189 2007 in
1206 1981 1259 2007 ea
1273 1969 1391 2008 linea
1403 1968 1530 2015 recta,
1548 1983 1648 2018 quae
1661 1972 1831 2010 ducitur

184 2033 211 2060 a
230 2021 413 2060 Vulture
434 2022 610 2060 volante
631 2033 708 2069 per
728 2034 777 2060 os
798 2022 954 2070 Pegafi,
978 2022 1056 2060 nifi
1077 2023 1195 2069 quod
1216 2029 1345 2070 caput
1368 2023 1507 2071 ipsum
1530 2024 1645 2063 hanc
1666 2025 1829 2064 lineam

185 2075 408 2119 excesserit,
425 2075 572 2113 versus
587 2075 758 2120 Zenith,
776 2075 895 2122 quafi
910 2077 1036 2113 tertia
1050 2081 1172 2123 parte
1188 2078 1317 2114 vnius
1333 2077 1503 2124 gradus.

239 2128 397 2166 Cauda
416 2139 521 2166 vero
541 2128 756 2176 vergebat,
777 2128 923 2166 versus
944 2128 1135 2173 Stellam,
1157 2141 1257 2176 quae
1278 2129 1367 2168 sola
1388 2136 1568 2178 apparet
1589 2131 1627 2168 &
1647 2131 1832 2170 lucidior

185 2181 240 2219 est
256 2183 301 2219 in
316 2181 462 2219 medio
479 2181 579 2219 colli
595 2181 752 2229 Pegafi,
774 2181 811 2219 8(
832 2193 923 2219 non
943 2182 1071 2229 longe
1088 2182 1142 2220 ab
1160 2183 1315 2220 eadem
1330 2186 1556 2222 terminari
1572 2184 1662 2222 visa
1679 2185 1745 2230 est,
1767 2187 1829 2223 in-

185 2239 367 2272 curuata
382 2240 543 2278 tamen,
560 2240 603 2272 vt
618 2237 751 2282 prius,
767 2234 915 2273 versus
931 2235 1089 2273 Zenith
1106 2238 1268 2283 capitis.

238 2287 334 2332 Sed,
357 2289 403 2325 in
425 2288 631 2326 omnibus
653 2287 766 2326 hisce
789 2299 880 2326 non
904 2288 958 2326 est
979 2288 1188 2335 exquisita
1208 2290 1431 2333 certitudo,
1455 2296 1630 2338 propter
1650 2291 1829 2329 subinde

184 2342 525 2379 interuenientes
547 2341 698 2379 nubes.
725 2341 827 2379 Ideo
851 2343 982 2379 etiam
1005 2341 1174 2380 nullam
1197 2342 1290 2387 feci,
1316 2354 1392 2390 per
1416 2343 1714 2388 Instrumenta,
1740 2357 1828 2383 me-

184 2393 444 2432 morabilem
459 2394 543 2432 hoc
559 2394 733 2441 vespere
750 2394 1112 2433 obseruationem.

237 2448 279 2484 A
294 2447 363 2485 die
379 2447 404 2485 2
420 2447 687 2491 Decembris,
708 2447 839 2495 vsque
859 2449 906 2485 in
925 2448 962 2492 9,
982 2447 1106 2486 nulla
1124 2449 1242 2495 apud
1258 2461 1351 2493 nos,
1374 2449 1656 2488 obseruandis
1673 2450 1829 2489 Sideri-

184 2500 265 2538 bus
281 2506 500 2548 oportuna
514 2500 720 2539 serenitas
736 2501 1066 2539 concedebatur.
1730 2558 1830 2595 DIE
