2209 3213
129 549 192 580 273

148 819 178 844 10

146 1085 175 1109 15

141 1350 174 1375 20

140 1616 173 1641 25

139 1881 173 1907 30

137 2147 170 2172 35

119 2194 184 2226 274

135 2413 169 2438 40

541 222 1062 261 RECENTIORIBUS
1083 221 1540 261 PHAENOMENIS
1785 222 1863 260 227

219 340 343 366 mum
355 328 609 367 Decembris
622 328 837 376 nusquam
848 330 1019 366 tertiam
1030 330 1159 366 vnius
1170 328 1330 376 gradus
1340 333 1509 376 partem
1524 328 1714 372 excedat,
1731 334 1862 376 atque

219 384 265 419 in
287 381 371 419 hoc
393 386 543 419 tenore
566 392 642 428 per
662 383 686 419 7
706 384 872 429 priores
892 381 1148 420 Decembris
1169 382 1260 419 dies
1280 381 1484 428 procedit,
1505 386 1549 419 vt
1569 381 1689 428 quafi
1709 383 1862 420 triente

218 437 347 472 vnius
367 434 526 482 gradus
547 434 676 481 ipsius
696 437 923 472 annotatio
944 447 970 472 a
990 434 1132 472 nostra
1153 434 1336 478 deficiat,
1361 434 1517 472 deinde
1540 434 1763 473 successiue
1784 436 1862 472 im-

218 489 430 525 minuitur
451 489 639 525 varietas
662 487 769 528 haec.
795 490 854 525 ita
877 488 995 534 quod
1018 490 1132 525 circa
1154 487 1215 525 XI
1238 487 1355 525 diem
1377 487 1508 534 plane
1531 489 1577 525 in
1599 499 1737 525 vnum
1761 499 1862 526 con-

218 541 459 578 cordemus.
472 539 646 578 Abhinc
659 540 803 578 rursus
815 542 963 588 incipit
973 537 988 590 ΙΙ
998 540 1300 579 MOESTLINI
1313 540 1558 588 Longitudo
1571 541 1712 579 nostra
1720 543 1863 579 maior

217 593 324 637 fieri,
340 594 474 640 idque
490 605 581 631 non
597 593 709 631 adeo
725 605 886 641 magna
902 593 1159 637 differentia,
1175 593 1387 637 videlicet,
1404 605 1504 640 quae
1520 593 1652 640 vsque
1668 596 1714 632 in
1730 594 1811 632 XV
1824 594 1861 632 &

216 647 318 684 XVI
339 646 607 690 Decembris,
630 646 794 684 sextam
814 652 983 693 partem
1002 647 1161 694 gradus
1182 658 1273 683 non
1294 646 1530 694 exsuperet,
1553 648 1643 684 imo
1664 649 1796 685 etiam
1816 649 1861 685 in

216 699 474 747 quibusdam
497 711 587 737 non
610 701 800 747 attingat.
825 699 972 737 Postea
994 699 1139 737 adhuc
1161 701 1340 746 propior
1362 699 1555 737 redditur
1574 704 1753 747 vterque
1777 701 1861 738 cal-

216 753 352 796 culus,
365 754 424 790 ita
435 757 478 790 vt
490 754 603 790 circa
614 752 699 790 XX
712 752 979 796 Decembris,
992 752 1124 799 vsque
1136 754 1181 789 in
1193 752 1360 799 aliquot
1371 752 1597 799 sequentes
1609 753 1713 797 dies,
1725 753 1860 792 ferme

219 807 401 844 vniatur.
420 805 539 843 Nam
554 807 676 843 iuxta
687 804 832 842 XXVI
844 805 994 843 saltem
1005 805 1134 843 sextae
1146 805 1305 853 gradus
1316 807 1450 852 partis
1461 805 1689 843 discrimen
1701 807 1860 851 euadit,

215 859 333 906 quod
349 858 494 906 postea
510 870 536 906 a
552 858 620 896 die
635 858 784 896 XXIX
797 858 1011 905 paulatim
1023 863 1218 906 augetur,
1235 858 1347 896 adeo
1359 863 1403 896 vt
1415 858 1624 897 Calendis
1636 859 1826 908 Ianuarij
1842 862 1861 899 ἔ,

212 914 343 950 vnius
358 914 492 959 partis
508 913 699 959 attingat.
717 911 1000 949 Manifestum
1016 913 1163 958 itaque
1180 911 1247 954 est,
1265 911 1383 958 quod
1398 916 1488 949 toto
1502 923 1614 959 pene
1627 912 1861 951 Decembri

214 964 539 1003 Moestlinianus
560 964 662 1002 huic
683 965 882 1003 Cometae
903 964 1133 1002 attributus
1153 969 1310 1008 motus,
1333 965 1608 1002 mediocriter
1628 965 1739 1003 bene
1760 977 1861 1003 cum

213 1018 355 1056 nostra
372 1017 701 1061 Obseruatione,
723 1029 811 1065 quo
832 1018 888 1055 ad
905 1018 1255 1065 Longitudinem,
1277 1017 1525 1061 consentiat,
1546 1020 1592 1055 in
1613 1018 1860 1057 Latitudine

214 1073 346 1109 etiam
366 1071 582 1109 tolerabili
603 1071 805 1108 existente
826 1070 1088 1114 differentia;
1112 1070 1245 1117 idque
1268 1070 1504 1117 praesertim
1525 1072 1647 1109 iuxta
1667 1072 1863 1110 medium

214 1123 482 1168 Decembris,
505 1124 673 1171 aliquot
692 1124 845 1162 diebus
866 1129 979 1168 ante,
1003 1124 1041 1161 &
1063 1123 1264 1170 plurimis
1286 1123 1642 1171 subsequentibus
1662 1124 1793 1172 Vsque
1818 1128 1863 1163 in

212 1177 358 1215 XXVI
375 1177 412 1215 &
428 1177 607 1221 XXVII,
629 1177 808 1224 quando
829 1177 1058 1215 discrimen
1079 1176 1382 1224 Longitudinis
1402 1176 1565 1214 sextam
1585 1177 1745 1225 gradus
1765 1190 1860 1226 par-

212 1235 312 1275 tem,
333 1235 376 1268 vt
392 1230 493 1275 dixi,
515 1232 693 1278 attingit.
715 1230 861 1277 Atque
881 1230 977 1268 haec
992 1232 1104 1268 inter
1120 1241 1201 1267 nos
1217 1229 1419 1268 vniuerso
1437 1230 1670 1268 Decembri
1686 1232 1732 1268 in
1748 1231 1860 1269 Lon-

211 1283 404 1332 gitudine
421 1285 579 1331 exigua
594 1286 782 1321 varietas
798 1283 898 1321 ferri
915 1283 1196 1321 tolerabiliter
1212 1284 1352 1330 posset,
1373 1283 1403 1320 fi
1422 1283 1511 1330 post
1527 1285 1651 1321 initia
1667 1284 1858 1333 Ianuarij

211 1349 303 1375 non
323 1337 421 1384 plus
441 1336 738 1384 ampliaretur.
760 1337 914 1375 Statim
935 1339 1053 1374 enim
1075 1334 1236 1375 exactis
1253 1336 1462 1374 Calendis
1484 1337 1691 1384 Ianuarij‚
1712 1339 1861 1385 incipit

212 1390 376 1438 dimidij
395 1390 554 1438 gradus
570 1389 677 1434 fieri,
695 1389 733 1427 &
749 1390 838 1437 post
854 1392 992 1438 magis
1008 1389 1229 1437 magisque
1248 1392 1410 1437 augeri,
1431 1392 1490 1427 ita
1506 1395 1549 1427 vt
1566 1391 1678 1428 cirea
1694 1390 1861 1429 sextum

212 1443 404 1481 eiusdem
415 1443 543 1487 diem,
556 1443 673 1481 illius
684 1443 932 1490 supputatio
941 1455 968 1481 a
977 1442 1129 1480 nostris
1141 1444 1332 1480 inuentis
1345 1445 1511 1490 integro
1522 1443 1659 1490 gradu
1671 1443 1859 1489 deficiat;

211 1508 355 1544 neque
375 1496 521 1544 postea
541 1496 769 1534 discrimen
788 1496 897 1534 illud
917 1496 1129 1539 decrescit,
1150 1502 1194 1533 vt
1214 1498 1260 1533 in
1276 1507 1414 1533 vnum
1429 1496 1548 1534 velut
1568 1502 1700 1534 antea
1719 1498 1859 1536 redire

211 1550 425 1597 possimus,
447 1549 517 1587 sed
532 1551 670 1597 magis
686 1549 907 1597 magisque
924 1549 1280 1596 subsequentibus
1296 1548 1449 1587 diebus
1467 1549 1725 1597 adaugetur:
1747 1550 1859 1589 adeo

211 1608 254 1640 vt
270 1603 311 1640 X
327 1603 396 1640 die
413 1603 620 1646 Ianuarii,
637 1605 683 1640 in
699 1614 788 1649 quo
805 1602 1054 1640 Moestlinus
1069 1602 1167 1640 suos
1183 1613 1393 1640 numeros
1409 1602 1535 1640 diarii
1553 1602 1751 1641 Cometae
1767 1616 1858 1642 mo-

211 1661 280 1694 tus
299 1655 410 1694 finiit
432 1656 502 1702 (eo
519 1656 637 1703 quod
653 1656 844 1699 vlterius,
865 1660 909 1693 vt
925 1656 1127 1699 diximus,
1150 1667 1253 1693 eum
1272 1667 1364 1693 non
1385 1656 1557 1693 extitisse
1574 1657 1779 1703 opinatus
1795 1657 1857 1703 fit)

211 1709 266 1747 ad
282 1709 608 1756 sesquialterum
623 1709 808 1756 gradum
823 1708 953 1756 ipsius
965 1708 1211 1756 Longitudo
1227 1708 1369 1746 nostra
1382 1708 1698 1747 Obseruatione
1714 1712 1859 1748 minor

211 1762 409 1862 eugctlgsie
432 1816 478 1853 in
501 1815 620 1853 hunc
644 1815 827 1852 modum
850 1815 890 1852 se
913 1814 1044 1853 habet
1067 1814 1241 1853 collatio
1265 1816 1377 1852 inter
1399 1814 1609 1853 Moestlini
1633 1815 1670 1853 &
1693 1816 1858 1854 nostros

210 1874 356 1906 motus
372 1871 418 1906 in
434 1868 567 1906 huius
580 1868 778 1906 Cometae
790 1868 1084 1916 Apparentiis.
1102 1867 1235 1914 Quod
1251 1873 1398 1906 autem
1412 1868 1547 1915 paulo
1561 1868 1649 1915 post
1661 1870 1857 1907 medium

210 1922 479 1960 Nouembris
495 1921 663 1969 aliquot
678 1921 843 1965 diebus,
860 1921 990 1969 ipfius
1006 1923 1233 1959 annotatio
1250 1921 1439 1959 nostram
1455 1923 1622 1969 integro
1637 1922 1775 1970 gradu
1788 1923 1858 1961 vel

208 1975 319 2013 vltra
343 1975 534 2019 excedat,
557 1975 674 2012 illius
697 1986 789 2012 non
811 1974 1003 2012 nostrum
1027 1974 1245 2012 calculum
1266 1986 1293 2012 a
1314 1974 1443 2013 Coelo
1467 1974 1691 2019 deflexisse,
1716 1976 1856 2014 Land-

208 2030 434 2076 grauianae
452 2027 791 2066 Obseruationes
812 2027 962 2065 nostris
984 2027 1299 2066 conformiores
1315 2027 1630 2066 Testimonium
1648 2029 1855 2075 praebent.

209 2081 327 2119 Nam
356 2081 425 2119 die
449 2081 552 2119 XVI
578 2080 858 2125 Nouembris,
890 2081 1104 2128 colligitur
1129 2093 1182 2119 ex
1206 2081 1336 2128 ipsius
1361 2080 1620 2119 Illustrissimi
1646 2082 1856 2130 Principis

207 2134 522 2172 WILHELMI
539 2133 951 2173 LANDTGRAVII
968 2134 1199 2172 HASSIAE
1215 2133 1465 2172 Azimuthis
1478 2134 1516 2171 &
1527 2134 1855 2179 Altitudinibus,

209 2199 309 2225 cum
324 2193 520 2235 tempore
536 2188 620 2225 illis
633 2184 647 2237 ΙΙ
659 2187 816 2231 debito,
834 2187 1172 2235 Longitudinem
1187 2187 1303 2225 fuisse
1317 2187 1371 2226 G.
1385 2187 1448 2227 16}
1464 2193 1488 2227 Z
1508 2190 1720 2235 proxime,
1737 2189 1854 2236 quod

207 2240 357 2279 saltem
368 2241 392 2279 5
403 2241 474 2279 vel
484 2241 509 2279 6
520 2241 731 2288 scrupulis
747 2240 889 2278 nostra
905 2242 1191 2278 annotatione
1205 2242 1352 2279 minus
1364 2240 1431 2285 est,
1449 2252 1549 2279 cum
1560 2243 1704 2289 potius
1716 2242 1854 2280 multo

207 2296 351 2332 maius
373 2295 449 2332 esse
470 2294 656 2337 deberet,
673 2294 702 2331 si
719 2293 1019 2332 Moestliniano
1036 2294 1206 2332 calculo
1223 2294 1491 2332 consentiret.
1514 2294 1554 2332 Is
1574 2296 1693 2332 enim
1714 2307 1767 2333 eo
1786 2296 1854 2333 die

207 2347 352 2385 adhuc
375 2347 473 2394 plus
493 2359 520 2385 a
541 2347 820 2395 Landtgrauij
841 2347 1157 2385 Obseruatione
1181 2359 1315 2394 quam
1339 2347 1481 2385 nostra
1503 2347 1710 2386 abundat.
1734 2348 1854 2386 Idem

208 2401 339 2438 etiam
355 2400 424 2438 die
440 2400 563 2438 XVII
579 2412 684 2438 mox
700 2400 904 2447 sequente
920 2400 1067 2437 videre
1084 2400 1151 2445 est,
1172 2401 1245 2438 vbi
1261 2403 1393 2438 etiam
1409 2401 1751 2448 Landgrauiana
1768 2401 1853 2440 Ob-

206 2453 392 2492 seruatio
409 2465 436 2492 a
451 2453 594 2492 nostra
608 2453 759 2492 saltem
775 2454 799 2490 4
815 2453 885 2491 vel
900 2454 924 2491 5
940 2453 1150 2501 scrupulis
1167 2453 1322 2497 deficit,
1341 2453 1379 2491 8(
1398 2454 1650 2492 nullatenus
1667 2466 1766 2492 eam
1783 2466 1852 2492 ex-

207 2506 333 2551 cedit;
351 2507 469 2554 quod
481 2507 692 2545 Moestlini
708 2507 1003 2554 supputationi
1016 2507 1170 2545 accidit
1182 2509 1353 2551 maiori,
1371 2518 1506 2555 quam
1517 2509 1670 2597 intedg-rii
1681 2508 1852 2555 gradus,

312 2567 362 2593 29*
1625 2572 1638 2597 1
1659 2563 1850 2598 crimine.
