2209 3213
372 214 449 250 460
768 206 1238 246 APOLOGETICA
1260 205 1616 244 RESPONSIO

371 316 712 355 Azimuthorum
725 320 763 352 et
776 314 1057 352 altitudinum
1070 313 1342 350 Dedomenis
1354 312 1523 357 evadat,
1535 323 1614 360 pro
1627 312 1782 360 qvibus
1794 312 1823 350 fi
1835 318 1882 351 tu
1890 313 2013 360 spon-

372 372 471 409 dere
488 372 564 413 vis,
586 380 746 415 aqvam
764 379 785 405 e
802 368 974 414 pumice
993 366 1195 413 postulas,
1216 370 1263 403 ut
1283 365 1338 403 est
1354 367 1400 403 in
1415 365 1664 413 proverbio:
1687 366 1865 404 Accedit
1882 368 2014 404 etiam

372 430 410 461 et
427 424 521 465 hoc,
540 422 653 469 qvod
671 433 725 459 ne
738 419 978 458 Azimutha
995 419 1169 466 qvidem
1187 424 1226 457 et
1242 418 1493 457 altitudines
1509 420 1631 456 omni
1647 421 1753 457 vitio
1769 425 1936 463 vacent,
1953 420 2013 457 id-

371 488 451 523 qve
475 475 574 513 inde
597 475 694 512 satis
717 474 861 521 liqvet,
886 475 987 520 qvia
1008 485 1060 510 ex
1081 472 1304 520 posteriori
1327 472 1627 510 observatione
1651 472 1897 517 declinatio,
1920 478 2015 510 tum

371 532 500 567 etiam
524 527 705 565 latitudo
728 527 926 565 Cometae
949 528 1091 574 maJ'or
1114 527 1326 573 provenit,
1351 537 1482 572 qvam
1506 537 1559 563 ex
1581 527 1715 573 priori
1739 527 1833 573 ejus
1855 528 1917 564 rei
1937 537 2014 573 per

370 592 577 620 numeros
599 579 711 618 facto
734 580 941 627 periculo,
966 585 1012 617 ut
1032 591 1058 618 a
1079 580 1205 617 nobis
1227 579 1463 627 praestitum
1487 578 1553 616 est.
1578 578 1719 627 Cujus
1741 584 1890 616 tamen
1913 591 2013 617 con-

369 637 549 673 trarium
571 633 665 671 fieri
686 634 880 677 debebat,
900 632 929 670 fi
948 635 1098 671 omnia
1119 634 1197 671 rite
1218 632 1258 670 se
1279 631 1502 670 haberent.
1525 631 1643 679 Qvin
1661 637 1701 669 et
1717 631 2014 670 Parallaxium

370 688 612 726 differentia
624 698 702 734 pro
715 688 884 725 ratione
894 688 1074 724 variatae
1087 686 1328 724 altitudinis
1339 687 1453 723 intra
1465 690 1664 733 qvartam
1675 685 1834 733 gradus
1845 690 2014 733 partem

369 753 459 779 non
476 741 670 788 qvadrat.
693 740 821 786 Qvod
838 739 867 777 fi
884 739 1093 777 Nolthius
1110 741 1332 787 cognitum
1352 738 1571 782 habuisset‚
1594 750 1725 786 qvam
1745 738 1910 777 affabre
1927 739 2013 777 ela-

368 795 521 832 borato
537 793 820 831 instrumento
838 805 948 841 opus
964 793 1022 836 fit,
1040 798 1086 830 ut
1097 792 1338 830 Azimutha
1350 792 1387 830 8(
1399 792 1650 830 altitudines
1666 803 1758 830 una
1773 791 2013 839 eademqve

370 859 514 895 opera,
533 849 637 885 citra
649 846 787 884 ullam
799 847 1095 884 deviationem
1112 846 1282 884 coelitus
1298 851 1568 893 caperentur,
1585 856 1803 892 qvamqve
1815 843 2013 884 exactissi·

369 913 442 938 ma
453 902 660 947 temporis
672 902 828 938 notitia
838 902 884 937 in
896 899 1198 937 Parallaxibus
1210 899 1493 937 enucleandis
1506 910 1597 936 una
1608 899 1910 946 reqvireretur,
1922 910 2012 937 1113-

369 965 477 992 1111111
494 965 520 991 3
535 953 685 991 tabula
705 953 877 1001 prorsus
898 952 1132 997 abstulisset,
1153 952 1182 990 fi
1202 952 1336 990 modo
1352 954 1580 990 veritatem
1600 951 1737 999 ipsam
1756 963 1836 999 pro
1853 951 1981 999 scopo
1998 948 2013 1002 ΙΙ

370 1007 587 1045 habuisset.
612 1006 723 1045 Satis
745 1008 862 1044 enim
883 1012 1077 1054 apparet,
1100 1011 1193 1044 tum
1215 1017 1268 1044 ex
1288 1005 1369 1049 his,
1392 1010 1485 1043 tum
1507 1007 1571 1053 ijs,
1595 1016 1692 1053 qvae
1714 1006 1827 1043 circa
1849 1016 2013 1043 novam

369 1061 533 1098 stellam
558 1060 746 1107 prodidit
768 1059 1153 1103 observationibus,
1181 1070 1283 1097 eum
1308 1070 1400 1097 non
1422 1058 1668 1106 reqvifitam
1691 1058 1898 1097 adhibere
1922 1058 2014 1096 dili-

369 1116 571 1162 gentiam,
589 1125 669 1151 nec
685 1113 783 1151 satis
799 1113 970 1151 idoneis
986 1112 1236 1151 instruc‘tum
1249 1113 1325 1150 esse
1337 1112 1506 1160 medijs,
1524 1112 1639 1159 qvod
1652 1113 1784 1150 etiam
1795 1111 2016 1150 sermones

370 1168 559 1205 aliorum
579 1166 795 1210 testantur,
817 1168 889 1213 qvi
910 1166 1019 1204 mihi
1040 1166 1282 1204 retulerunt
1299 1165 1533 1204 Nolthium
1553 1165 1795 1203 admodum
1815 1167 1961 1213 parvis
1977 1164 2015 1203 &

369 1220 609 1269 puerilibus
621 1222 683 1258 uti
695 1220 1036 1267 Qvadrantibus,
1053 1219 1294 1267 ijsdemqve
1311 1231 1402 1257 non
1415 1230 1467 1256 ex
1479 1219 1627 1262 solido,
1644 1224 1691 1256 ut
1707 1220 1910 1266 oportuit,
1926 1229 2015 1256 me·

369 1274 486 1317 tallo‚
508 1273 577 1311 sed
598 1274 742 1321 lignea
758 1273 907 1311 saltem
924 1275 1108 1311 materia
1123 1274 1356 1311 mutationi
1373 1274 1561 1310 nimium
1576 1271 1776 1320 subjecta,
1798 1270 2014 1316 confeffis,

369 1327 644 1365 solummodo
664 1328 710 1365 in
730 1327 992 1374 pinnacidijs
1008 1326 1078 1364 vel
1096 1326 1247 1374 regula
1267 1326 1414 1373 aliqva
1435 1325 1631 1364 adhibita
1650 1325 1878 1369 laminula‚
1900 1325 2016 1373 qvod

370 1381 425 1419 ad
442 1380 711 1418 instrumenti
726 1379 961 1427 perfectam
978 1380 1325 1418 elaborationem
1345 1390 1437 1417 non
1457 1378 1622 1417 sufficit.
1644 1379 1724 1417 Per
1744 1378 1850 1417 talia
1870 1379 2015 1426 itaqve

371 1434 549 1482 Organa
569 1433 845 1472 altitudinem
864 1434 1052 1481 alicujus
1068 1432 1357 1471 Phaenomeni
1373 1432 1472 1471 satis
1487 1431 1731 1479 scrupulose
1748 1434 1821 1470 vix
1837 1431 2014 1470 denota-

369 1488 439 1531 bit,
457 1487 622 1525 nedum
633 1492 679 1525 ut
691 1487 816 1525 fimul
828 1486 1081 1531 Azimutha,
1099 1498 1287 1534 qvorum
1299 1485 1516 1524 difficilior
1528 1485 1583 1524 est
1594 1487 1803 1530 inventio,
1819 1490 2014 1523 venetur.

371 1541 421 1578 Et
444 1541 664 1588 qvomodo
688 1540 784 1578 haec
807 1540 952 1578 debita
974 1540 1123 1578 amussi
1146 1539 1426 1584 scrutabatur,
1451 1551 1551 1577 cum
1574 1550 1630 1577 ne
1653 1539 1817 1577 lineam
1841 1538 2015 1586 qvidem

370 1594 660 1632 meridianam
670 1595 932 1641 competenti
942 1592 1194 1641 praecifione
1203 1592 1457 1641 investigare
1467 1593 1674 1636 didicerit,
1687 1597 1733 1630 ut
1743 1603 1795 1630 ex
1805 1591 1952 1630 libello
1962 1591 2015 1630 de

370 1658 487 1685 nova
498 1647 615 1685 stella
627 1647 777 1695 (qvam
788 1649 933 1695 inepte
945 1646 1179 1685 Cometam
1190 1646 1334 1693 vocat)
1349 1645 1618 1684 illustrissimo
1630 1645 1818 1692 Principi
1831 1644 2014 1683 GUILI-

371 1700 537 1739 ELMO
551 1701 825 1748 Landgravio
838 1700 998 1738 Hassiae
1011 1700 1209 1738 dedicato
1220 1700 1367 1738 videre
1380 1699 1447 1744 est,
1464 1699 1539 1737 ubi
1552 1698 1777 1737 transitum
1793 1698 1922 1736 stellae
1938 1709 2016 1746 per

371 1754 664 1792 meridianum
680 1754 778 1801 plus
794 1754 930 1792 tribus
946 1754 1150 1802 gradibus
1166 1764 1402 1791 erroneum
1413 1753 1610 1796 admittit,
1627 1751 1725 1790 licet
1737 1756 1777 1789 et
1787 1751 1934 1799 plures
1946 1762 2014 1789 co-

371 1807 600 1845 inciderint
619 1807 751 1855 hujus
769 1809 1039 1845 enormitatis
1056 1807 1220 1845 caussae.
1242 1806 1289 1845 Id
1306 1807 1508 1854 eqvidem
1523 1805 1663 1844 testari
1680 1806 1856 1853 possum‚
1877 1806 2014 1853 majo-

372 1872 463 1898 rem
480 1862 525 1898 in
541 1860 670 1898 lineae
686 1860 944 1898 meridianae
961 1859 1230 1904 exactissima‚
1248 1860 1391 1908 qvoad
1406 1861 1627 1897 minutum
1638 1857 1934 1902 Azimuthale,
1951 1859 2014 1896 in-

372 1915 576 1951 ventione
592 1916 752 1961 reqviri
768 1913 1056 1957 subtilitatem,
1074 1925 1206 1961 qvam
1221 1912 1433 1952 hactenus
1449 1925 1476 1951 a
1492 1923 1725 1960 qvoqvam,
1743 1912 1857 1959 qvod
1871 1911 2015 1956 sciam,

372 1966 589 2014 perspeaa
610 1967 675 2005 est.
700 1967 818 2005 Nam
839 1978 915 2014 per
932 1967 1044 2005 Solis
1065 1969 1197 2005 etiam
1215 1969 1261 2005 in
1278 1966 1368 2014 ipso
1386 1966 1570 2005 Solstitio
1586 1965 1744 2009 aestivo,
1767 1976 1868 2003 cum
1888 1964 2016 2003 altior

373 2021 542 2065 incedit,
560 2026 599 2058 et
616 2020 954 2058 declinationem
969 2032 1060 2058 non
1076 2022 1228 2064 variat,
1245 2019 1329 2058 five
1346 2019 1608 2063 altitudines,
1626 2018 1710 2057 five
1723 2018 2016 2057 Gnomonum

374 2073 550 2111 umbras
566 2072 816 2120 spectemus,
834 2075 978 2112 irritus
995 2073 1050 2111 est
1065 2073 1148 2118 hic,
1166 2074 1309 2121 qvoad
1325 2073 1578 2121 exqvifitam
1592 2072 1907 2116 certitudinem,
1924 2083 2015 2109 om-

375 2128 441 2163 nis
464 2131 658 2169 conatus,
682 2132 727 2164 ut
750 2138 890 2174 neqve
913 2139 990 2174 per
1011 2127 1230 2165 stellarum
1253 2126 1521 2165 elevationes
1544 2125 1799 2169 consimiles,
1824 2136 1876 2163 eo
1900 2124 2016 2172 qvod

374 2179 461 2217 illae
478 2181 601 2217 citius
617 2180 918 2224 Azimuthum‚
937 2192 1067 2227 qvam
1084 2180 1359 2218 altitudinem
1375 2182 1557 2224 varient,
1579 2180 1801 2226 negotium
1819 2178 1903 2216 hoc
1918 2177 2016 2216 satis

374 2237 466 2269 tuto
477 2231 708 2279 perficitur.
727 2233 906 2280 Excipio
919 2245 1005 2276 eas,
1018 2245 1115 2280 qvae
1128 2233 1467 2281 circumpolares
1479 2233 1574 2271 sunt
1587 2238 1626 2271 et
1637 2232 1913 2270 horizontem
1925 2242 2017 2269 non

374 2285 572 2329 subeunt;
596 2287 642 2323 in
664 2286 749 2323 illis
770 2288 887 2323 enim
908 2292 1023 2324 certo
1045 2287 1236 2334 qvodam
1259 2289 1305 2324 in
1327 2286 1417 2331 fitu,
1441 2298 1541 2324 cum
1562 2285 1762 2324 videlicet
1782 2287 1895 2323 circa
1914 2285 2015 2322 Azi-

375 2338 529 2376 mutha
551 2340 751 2386 utrinqve
776 2351 801 2376 a
824 2340 1068 2377 meridiano
1091 2341 1362 2378 remotissime
1385 2340 1622 2383 versantur,
1648 2340 1807 2377 veritas
1829 2339 2017 2385 penitior

375 2391 525 2429 haberi
542 2392 684 2439 potest,
705 2394 905 2429 omnium
922 2398 1068 2430 autem
1086 2395 1247 2440 optime
1265 2399 1305 2431 et
1320 2392 1538 2432 rectissime
1555 2405 1608 2431 ex
1624 2391 1713 2440 ipsa
1728 2391 1869 2439 polari
1884 2390 2014 2435 stella,

375 2445 550 2491 qvando
573 2447 774 2492 utrinqve
796 2457 821 2482 a
840 2446 1085 2483 meridiano
1108 2458 1243 2493 prope
1266 2448 1509 2484 maximam
1532 2447 1834 2489 remotionem,
1857 2446 1903 2482 111
1925 2443 2015 2492 ipso

375 2496 575 2536 contactu
587 2498 735 2536 circuli
744 2498 959 2536 verticalis
972 2498 1161 2541 consistit,
1175 2511 1271 2546 qvae
1284 2502 1394 2538 ratio
1406 2499 1516 2537 nulli
1527 2499 1798 2546 ambiguitati
1810 2497 2015 2541 obnoxia,

1805 2549 2015 2589 hactenus

2051 370 2072 401 ·1·

2052 539 2067 564 5

2055 804 2085 830 10

2037 1011 2098 1044 30r

2057 1071 2087 1096 15

2053 1337 2087 1362 20

2053 1604 2086 1628 25

2052 1869 2087 1895 30

2053 2136 2087 2161 35

2053 2402 2087 2428 40
