2209 3213
534 215 1054 254 RECENTIORIBUS
1076 216 1534 255 PHAENOMENIS
1781 217 1857 255 307

215 323 408 371 Septima
424 334 621 366 numero,
639 324 750 360 inter
767 334 840 361 eas
857 334 957 370 quae
973 323 1069 360 sunt
1085 325 1130 360 in
1142 323 1440 361 Andromedae
1452 323 1696 367 Asterismo,
1713 335 1859 361 recen-

215 376 338 415 setur.
355 377 437 414 Pro
450 375 620 414 0613113
631 387 735 413 vero
747 376 891 423 Pegasi
903 388 1145 423 quamnam
1157 376 1400 420 assumserit‚
1417 388 1507 414 non
1524 378 1583 414 ita
1593 376 1719 415 facile
1731 382 1859 424 patet,

126 436 191 468 384
215 429 285 468 sed
305 429 552 477 diligentius
573 440 727 466 omnes
743 428 897 467 Stellas
918 429 1033 467 istius
1049 426 1064 479 ΙΙ
1081 429 1241 467 Sideris
1260 429 1656 476 circumspiciendo,
1678 432 1859 468 inuenio

214 482 354 530 ipsum
379 494 490 526 eam,
517 493 651 529 quam
676 493 757 520 nos
783 482 999 519 Dextrum
1025 482 1159 520 Genu
1184 482 1405 530 appellare
1431 482 1631 526 solemus,
1657 482 1860 521 octauam

162 548 177 573 5
215 536 488 583 nuncupasse.
506 535 647 573 Cuius
663 540 811 573 autem
827 535 910 573 hac
922 537 967 572 in
979 540 1099 582 parte
1112 538 1466 573 numerationem
1478 536 1682 583 sequutus
1695 536 1752 580 fit,
1769 548 1860 574 non

213 589 311 627 satis
327 589 474 636 liquet.
492 588 610 626 Nam
626 588 892 626 Ptolemaica
908 587 1065 626 0613113
1081 600 1172 626 303
1187 588 1298 626 bene
1315 589 1512 635 quadrat,
1530 589 1606 626 nifi
1622 589 1730 627 forte
1748 590 1859 627 Lati-

213 643 411 680 tudinem
426 641 512 679 illic
529 653 620 679 non
636 640 747 679 16616
759 641 1000 688 appositam
1012 643 1109 688 quis
1120 641 1322 688 suspicari
1333 641 1447 679 velit.
1464 642 1558 680 Nec
1575 642 1708 686 illam,
1725 654 1860 690 quam

215 695 486 743 Copernicus
508 694 545 732 &
565 694 684 732 hunc
704 694 911 741 sequutus
928 694 1198 732 Reinholdus
1216 693 1433 733 06133313
1449 697 1660 739 30131331,
1683 707 1783 742 quae
1799 698 1858 733 vi-

215 748 368 787 delicet
383 750 430 786 in
445 747 606 786 finistra
621 747 852 795 suffragine
870 747 1016 791 existit,
1036 747 1252 785 assumfisse
1270 759 1371 785 eum
1388 748 1629 786 verosimile
1647 749 1713 793 est,
1735 748 1859 796 fiqui—

146 813 176 838 10
215 801 315 840 dem
339 801 435 839 haec
460 801 599 839 multo
625 803 833 839 remotior
859 800 913 838 est
938 801 992 838 ab
1016 800 1314 838 Andromedae
1341 801 1545 848 Septima,
1572 813 1706 849 quam
1731 804 1859 840 inter-

214 854 379 902 capedo
400 855 441 893 17
461 854 532 892 vel
552 854 593 892 18
613 854 829 902 graduum
850 855 1054 901 requirat.
1077 853 1369 892 Confideratis
1390 856 1537 901 itaque
1559 855 1763 893 omnibus
1782 857 1859 893 cir-

213 907 489 952 cumstantiis‚
500 907 623 946 nulla
632 907 720 946 alia
729 907 861 946 Stella
870 909 1067 951 occurrit,
1078 919 1213 954 quam
1223 906 1437 946 Scultetus
1447 919 1525 954 pro
1537 907 1707 946 0613113
1716 908 1859 956 Pegafi

212 961 549 1009 praesupponere
572 963 723 1008 potuit,
750 972 885 1007 quam
908 960 1004 998 haec
1027 960 1117 1007 ipsa
1140 962 1185 997 in
1209 960 1343 998 Genu
1366 963 1459 998 eius
1483 961 1646 999 dextro.
1674 961 1859 999 Caeterae

213 1016 331 1053 enim
353 1026 506 1052 omnes
524 1016 570 1052 in
585 1013 744 1062 Pegaso
765 1014 819 1052 ab
840 1013 970 1061 ipfius
991 1018 1202 1051 annotata
1222 1013 1420 1052 distantia
1436 1026 1462 1052 a
1479 1014 1671 1061 Septima
1687 1015 1858 1052 Andro-

146 1079 176 1104 15
213 1068 367 1111 medae,
393 1067 521 1115 longe
546 1067 644 1114 plus
669 1067 921 1114 discrepant.
952 1067 1102 1105 Huius
1126 1078 1231 1104 vero
1257 1067 1402 1105 Stellae
1428 1067 1777 1115 Longitudinem,
1803 1068 1858 1106 ad

212 1126 384 1168 tempus
406 1122 693 1168 apparitionis
716 1120 927 1163 Cometae,
953 1122 998 1158 in
1021 1119 1108 1157 fine
1132 1122 1283 1167 capitis
1306 1120 1493 1164 secundi,
1518 1132 1571 1158 ex
1594 1120 1745 1159 vltima
1768 1133 1858 1159 601-

213 1172 403 1212 rectione
425 1174 619 1212 indicaui
642 1174 718 1212 esse
741 1176 787 1211 in
811 1173 865 1212 G.
887 1174 940 1211 19.
965 1173 1028 1211 M.
1045 1173 1097 1211 50
1119 1175 1175 1217 )(‚
1199 1185 1300 1211 cum
1323 1174 1570 1212 Latitudine
1595 1173 1649 1211 G.
1667 1174 1729 1212 35.
1754 1174 1817 1212 M.
1835 1175 1858 1213 7

213 1227 367 1266 Borea.

267 1280 385 1327 Quia
400 1292 505 1318 vero
521 1280 637 1318 illius
654 1292 754 1328 quae
771 1280 826 1318 est
842 1282 887 1318 in
903 1292 1041 1318 manu
1057 1280 1368 1324 Andromedae,
1388 1279 1589 1319 exactum
1606 1280 1752 1318 locum
1768 1293 1859 1319 non

141 1345 175 1370 20
212 1336 332 1381 prius
355 1334 631 1381 exploratum
654 1333 810 1378 habeo,
837 1335 1108 1372 conueniens
1132 1335 1221 1378 erit,
1245 1339 1289 1371 vt
1310 1345 1428 1371 nunc
1452 1345 1474 1371 e
1497 1336 1622 1372 certis
1647 1334 1859 1372 Obserua-

212 1387 416 1432 tionibus‚
446 1398 522 1435 per
551 1387 794 1425 distantiam
819 1398 846 1425 a
870 1387 986 1425 Fixis
1011 1389 1131 1435 prius
1156 1386 1400 1430 verificatis,
1431 1399 1534 1425 eum
1562 1387 1857 1435 peruestigem.

211 1440 336 1479 Alias
353 1442 471 1478 enim
487 1452 588 1488 quae
604 1440 879 1488 postmodum
896 1440 1117 1478 ostendere
1137 1440 1324 1485 decreui,
1349 1452 1440 1478 non
1463 1440 1560 1479 satis
1582 1440 1858 1479 euidentibus

212 1493 250 1531 &
266 1496 390 1532 certis
406 1494 733 1532 assumtionibus
749 1493 924 1532 fundari
939 1493 1214 1532 videbuntur.

265 1547 640 1594 Intercapedinem
663 1545 788 1585 didtae
809 1546 1002 1585 Stellulae
1025 1549 1071 1584 in
1093 1558 1231 1585 manu
1252 1547 1550 1585 Andromedae
1573 1547 1704 1585 semel
1726 1552 1857 1594 atque

140 1611 174 1637 25
211 1602 368 1638 iterum
389 1600 615 1648 diligenter
635 1601 817 1645 obtinui,
838 1612 914 1648 per
934 1600 1186 1638 Sextantem
1202 1600 1567 1644 Astronomicum,
1584 1612 1611 1638 a
1626 1600 1791 1638 Lucida
1812 1602 1857 1638 in

211 1655 349 1701 capite
368 1660 428 1697 V,
450 1665 551 1701 quae
571 1653 718 1692 Tertia
738 1653 793 1691 est
814 1665 1013 1698 numero,
1035 1654 1077 1691 P.
1096 1653 1158 1692 36.
1181 1654 1244 1691 M.
1264 1654 1326 1691 24.
1349 1654 1389 1691 A
1410 1653 1567 1692 Scheat
1587 1665 1691 1691 vero
1713 1653 1857 1701 Pegasi

211 1707 266 1745 G.
279 1707 332 1745 16.
346 1707 408 1745 M.
421 1707 484 1745 37.
502 1707 747 1755 Longitudo
760 1719 864 1745 vero
877 1709 971 1744 eius
985 1719 1085 1754 quae
1101 1709 1147 1744 in
1163 1709 1301 1754 capite
1316 1713 1376 1751 V,
1394 1712 1485 1744 erat
1501 1707 1556 1745 ad
1572 1706 1656 1744 hoc
1672 1712 1856 1754 tempus,

209 1762 255 1798 in
268 1760 322 1799 G.
335 1761 362 1798 1.
378 1760 441 1798 M.
454 1760 504 1798 46
521 1762 578 1805 bs,
596 1772 696 1798 eum
713 1760 961 1799 Latitudine
978 1760 1020 1798 P.
1037 1761 1073 1798 9.
1092 1760 1154 1798 M.
1171 1761 1221 1799 57
1239 1761 1393 1803 Borea,
1410 1765 1453 1798 vt
1469 1760 1683 1807 colligitur
1700 1772 1753 1798 ex
1770 1760 1856 1798 Ob-

209 1813 528 1852 seruationibus
539 1825 566 1852 a
577 1813 689 1858 Sole,
706 1814 926 1852 mediante
938 1814 1121 1851 Veneris
1134 1813 1278 1857 Stella,
1291 1814 1346 1851 ad
1357 1813 1506 1851 Affixa
1518 1813 1681 1857 Sidera,
1696 1825 1857 1861 magna

139 1877 172 1903 30
210 1866 443 1914 diligentia,
465 1867 503 1904 &
524 1869 734 1905 reiteratis
750 1867 928 1911 vicibus,
950 1867 1084 1904 Anno
1102 1867 1196 1905 1582
1213 1867 1383 1904 coelitus
1404 1869 1602 1914 acceptis,
1625 1867 1677 1904 de
1698 1867 1857 1913 quibus

152 1921 172 1952 †
210 1921 255 1957 in
271 1921 405 1967 priori
421 1920 551 1958 Libro
567 1920 811 1967 pleniorem
832 1920 1144 1958 indicationem
1161 1919 1352 1958 exhibui.
1374 1920 1531 1958 Scheat
1547 1925 1695 1958 autem
1712 1920 1857 1968 Pegafi

209 1972 362 2011 habuit
384 1973 723 2021 Longitudinem
746 1975 792 2011 in
815 1973 857 2011 Ρ.
881 1973 943 2011 23.
968 1973 1031 2011 Μ.
1055 1973 1106 2011 30
1128 1975 1184 2017 )(,
1209 1985 1309 2011 61113
1332 1973 1579 2011 Latitudine
1603 1973 1645 2010 Ρ.
1668 1973 1722 2011 31.
1747 1973 1810 2011 M.
1833 1974 1856 2011 7

210 2026 363 2071 Borea,
381 2032 424 2064 vt
440 2028 486 2064 in
501 2026 589 2064 fine
607 2026 774 2074 Capitis
791 2026 980 2065 Secundi
996 2026 1128 2064 huius
1145 2026 1260 2064 Libri
1278 2028 1504 2064 annotaui.

120 2084 184 2116 385
262 2079 326 2117 Ex
342 2079 410 2117 his
426 2079 549 2124 datis,
567 2080 722 2118 eadem
737 2079 952 2117 Methodo
969 2091 1057 2126 qua
1070 2079 1224 2127 Capite
1235 2079 1382 2117 Tertio
1394 2079 1453 2117 vfi
1468 2079 1628 2123 sumus,
1646 2076 1660 2129 ΙΙ
1678 2080 1857 2127 quando

137 2143 171 2169 35
210 2132 409 2171 Cometae
421 2133 760 2180 Longitudinem
771 2133 808 2170 &
821 2133 1115 2171 Latitudinem
1130 2144 1152 2170 e
1167 2132 1373 2171 distantiis
1390 2145 1416 2171 a
1431 2133 1637 2171 binarum
1649 2133 1857 2171 Fixarum

208 2188 322 2224 notis
333 2185 440 2224 locis
451 2186 769 2233 inquifiuimus‚
786 2186 1076 2233 procedendo,
1093 2185 1226 2224 huius
1238 2186 1395 2231 Stellae,
1408 2186 1461 2224 de
1473 2198 1561 2234 qua
1573 2198 1691 2224 nunc
1704 2188 1855 2234 agitur,

208 2250 363 2277 verum
378 2239 564 2286 pofitum
580 2239 853 2287 patefaciam.

262 2292 323 2330 Sit
342 2294 490 2340 itaque
510 2294 557 2330 in
577 2293 779 2340 assignata
800 2292 969 2340 Figura,
991 2292 1115 2330 fimili
1136 2295 1289 2340 primae
1311 2304 1477 2336 earum,
1499 2304 1587 2340 qua
1607 2293 1694 2331 illic
1712 2292 1771 2330 vfi
1791 2292 1855 2330 su-

207 2356 318 2390 mus,
336 2357 424 2393 quo
441 2346 496 2383 ad
513 2346 845 2384 Delineationes
862 2345 900 2384 &
916 2345 1326 2389 Denominationes‚
1344 2346 1385 2383 A
1400 2346 1581 2384 Stellula
1597 2346 1672 2384 illa
1683 2346 1854 2383 Andro-

136 2409 170 2435 40
207 2399 362 2442 medae‚
379 2401 504 2437 cuius
515 2399 662 2437 locum
673 2398 979 2443 defideramus,
997 2399 1030 2436 B
1044 2399 1209 2437 Lucida
1221 2399 1387 2446 Capitis
1402 2405 1462 2443 V,
1480 2399 1517 2437 C
1529 2399 1686 2437 Scheat
1698 2399 1853 2446 Pegafi.

207 2451 402 2489 Primum
418 2454 464 2489 in
474 2451 714 2500 Triangulo
726 2452 856 2496 PCB,
874 2464 927 2490 ex
940 2452 1095 2490 Latere
1107 2452 1178 2490 PB
1192 2464 1270 2500 per
1283 2452 1655 2500 complementum
1667 2452 1853 2490 Latitud.

207 2504 384 2542 Lucidae
407 2511 453 2545 V
476 2510 580 2543 noto
601 2505 639 2543 &
660 2505 735 2543 PC
758 2517 835 2553 per
857 2505 1229 2553 complementum
1253 2505 1421 2549 Scheat,
1445 2518 1533 2544 vna
1556 2517 1656 2543 cum
1677 2505 1854 2552 Angulo

315 2565 365 2591 39·
1540 2558 1853 2606 comprehenso
