2209 3213
135 833 165 858 10

137 1099 167 1123 15

136 1364 170 1389 20

139 1630 172 1655 25

124 1890 189 1921 249

145 2162 179 2187 35

147 2427 181 2452 40

515 236 1037 276 RECENTIORIBUS
1057 236 1517 275 PHAENOMENIS
1762 235 1840 273 209

197 344 381 388 tendisse‚
401 343 472 381 sed
493 343 594 381 inde
611 343 803 381 euidenti
820 342 1053 381 interuallo
1070 342 1288 386 detorfisse,
1311 343 1633 386 animaduertit,
1654 342 1773 380 velut
1791 353 1844 379 ex

198 397 356 444 Figura
375 396 486 434 libro
507 395 583 433 suo
604 395 799 443 praefixa,
821 396 1053 434 oculariter
1073 396 1266 433 indicare
1283 397 1448 439 nititur;
1471 407 1549 443 ego
1566 407 1671 433 vero
1687 397 1844 442 potius,

199 449 283 487 hoc
306 451 351 486 in
374 449 483 493 loco,
508 449 872 486 Mathematicam
893 449 1334 492 Demonstrationem,
1358 460 1449 486 non
1472 451 1619 486 minus
1643 460 1777 495 quam
1800 450 1846 485 in

200 504 378 546 caeteris,
400 501 699 540 defiderarem.
722 502 1037 549 Obliquitatem
1059 504 1191 539 etiam
1207 502 1373 546 caudae,
1396 501 1538 549 qualis
1555 514 1581 539 a
1597 502 1723 539 nobis
1740 512 1845 548 quo-

201 567 286 603 que
311 553 536 602 conspec‘ta
561 555 628 598 est,
659 557 972 593 conuenienter
997 555 1218 598 indicauit,
1248 555 1345 592 licet
1371 555 1503 592 huius
1528 556 1846 592 incuruationis

201 608 346 646 nullas
367 608 572 645 Rationes
593 609 638 645 in
658 608 854 645 medium
877 608 1118 651 adduxerit,
1142 608 1518 654 quemadmodum
1541 619 1697 655 neque,
1722 619 1798 645 cur
1821 618 1848 644 a

201 661 314 700 Solis
338 660 546 708 oppofito,
576 663 670 698 eius
699 660 1020 708 protensionem
1047 660 1295 698 sensibiliter
1319 661 1560 698 admodum
1585 660 1731 698 versus
1756 661 1847 697 Au-

201 714 331 752 strum
347 713 582 751 deflexerit.
600 714 749 751 Huius
766 725 943 761 quoque
960 713 1297 761 Longitudinem
1313 713 1350 751 8(
1365 714 1661 751 Latitudinem
1677 725 1848 760 compe-

201 772 340 805 tenter
361 767 584 814 descripfit,
605 767 748 814 qualis
768 779 795 805 a
815 767 941 804 nobis
963 769 1094 804 etiam
1115 767 1437 813 propemodum
1457 766 1764 804 animaduersa
1781 766 1848 809 est,

203 820 280 858 nifi
301 820 419 867 quod
439 831 531 857 non
550 819 711 867 vbique
732 820 844 858 adeo
864 820 1039 867 longam
1063 819 1372 866 conspexerim,
1394 820 1518 863 adeo,
1540 825 1583 857 vt
1603 822 1745 867 primo
1766 819 1848 862 die,

202 885 291 921 quo
307 873 433 911 nobis
449 873 521 910 hic
533 873 720 911 Cometa
735 873 975 915 videbatur,
992 872 1191 909 videlicet
1205 872 1306 909 XIII
1319 873 1599 916 Nouembris,
1617 873 1758 910 cauda
1774 872 1849 909 illa

202 938 229 964 a
249 926 404 973 Capite
425 926 481 964 ad
502 926 656 964 Stellas
677 928 722 963 in
743 925 964 964 Cornibus
986 925 1245 972 Capricorni
1266 924 1394 963 ducta
1413 926 1756 972 protenderetur,
1778 925 1849 962 vbi

203 981 335 1017 etiam
358 981 607 1017 extremitas
631 981 724 1016 eius
747 978 880 1022 defiit;
904 984 947 1016 vt
970 978 1024 1016 ob
1048 979 1090 1016 id
1113 984 1203 1016 tota
1227 980 1320 1015 eius
1341 979 1587 1025 Longitudo
1609 979 1660 1015 22
1683 980 1849 1016 circiter

202 1034 394 1080 partium
415 1032 565 1069 saltem
589 1034 786 1075 extiterit,
809 1043 945 1078 quam
968 1031 1321 1069 MOESTLINVS
1344 1031 1398 1069 ab
1422 1033 1546 1068 initio
1569 1033 1723 1079 integri
1745 1031 1849 1078 ligni

206 1085 546 1133 Longitudinem
566 1085 821 1132 adaequasse,
842 1085 1060 1122 asseuerat.
1082 1084 1208 1121 Forte
1230 1086 1362 1121 etiam
1380 1084 1566 1131 idipsum
1583 1084 1735 1122 diebus
1751 1084 1854 1121 XIII

206 1138 474 1176 Nouembris
490 1138 860 1181 antecedentibus,
877 1137 1036 1185 quibus
1048 1149 1074 1174 a
1085 1137 1212 1174 nobis
1224 1149 1315 1174 non
1327 1137 1381 1174 est
1396 1136 1657 1184 conspectus,
1675 1139 1853 1175 euenire

204 1196 384 1239 poterat.
410 1191 707 1229 Illustrissimus
729 1191 936 1238 Princeps
960 1190 1351 1228 GVILHELMVS
1374 1190 1606 1228 HASSIAE
1630 1190 1854 1227 LANDT-

206 1244 470 1288 GRAVIVS,
488 1256 588 1282 eam
599 1244 668 1282 die
680 1244 782 1282 XVI
795 1244 1076 1286 Nouembris,
1090 1255 1112 1281 e
1125 1243 1209 1280 suis
1223 1243 1613 1281 Obseruationibus
1625 1245 1855 1281 annotauit

205 1298 384 1345 longam
399 1297 515 1335 fuisse
532 1298 573 1336 17
589 1297 796 1345 partibus,
815 1296 852 1334 &
869 1302 994 1340 certe,
1012 1296 1040 1333 fi
1057 1296 1193 1343 ipsam
1206 1296 1417 1334 Moestlini
1432 1299 1766 1334 annotationem
1782 1296 1855 1334 ad-

207 1351 492 1395 hibuerimus,
509 1351 581 1388 vbi
592 1353 651 1388 ait
662 1350 777 1388 hanc
789 1350 859 1388 die
871 1350 993 1387 XVII
1006 1350 1274 1387 Nouembris
1286 1361 1313 1387 a
1324 1361 1439 1397 genu
1450 1351 1635 1387 Antinoi
1647 1352 1692 1387 in
1704 1349 1855 1387 fascias

211 1414 253 1441 m
273 1403 542 1451 productam,
562 1415 653 1441 non
669 1403 808 1441 multo
825 1405 1040 1441 maiorem
1056 1405 1349 1446 inueniemus,
1366 1408 1511 1449 vtpote
1529 1415 1628 1450 quae
1645 1403 1696 1440 20
1712 1408 1856 1450 partes

207 1459 281 1495 vix
296 1459 488 1505 attingat.
510 1457 650 1495 Nobis
666 1457 735 1494 die
752 1457 833 1494 XV
849 1456 1130 1500 Nouembris,
1152 1456 1241 1494 visa
1262 1456 1316 1493 est
1338 1458 1586 1494 extremitas
1607 1456 1760 1493 caudae
1776 1462 1856 1493 ter-

208 1512 368 1548 minari
383 1512 582 1558 proxime
599 1515 699 1548 ante
716 1510 871 1548 Stellas
888 1512 933 1547 in
948 1509 1083 1546 linteo
1100 1509 1271 1546 sinistrae
1288 1521 1448 1547 manus
1469 1518 1526 1546 m.
1545 1509 1736 1555 Ideoque
1753 1514 1855 1546 tunc

209 1564 252 1602 21
270 1565 470 1611 proxime
491 1565 682 1611 partium
701 1563 817 1601 fuisse
838 1567 1018 1610 oportet.
1038 1563 1204 1599 Verum
1225 1562 1320 1600 haec
1340 1562 1564 1600 diuersitas
1585 1564 1630 1599 in
1652 1562 1855 1609 Longitu-

210 1618 311 1655 dine
328 1617 494 1661 caudae,
510 1628 590 1663 pro
606 1618 775 1654 ratione
791 1618 990 1663 puritatis
1002 1615 1071 1653 vel
1087 1615 1304 1653 denfitatis
1316 1617 1456 1659 Aeris,
1474 1617 1519 1652 in
1535 1615 1713 1653 diuersis
1725 1615 1857 1652 Hori-

210 1669 424 1713 zontibus,
445 1675 538 1707 tum
558 1681 637 1716 pro
658 1672 828 1707 ratione
849 1671 1064 1707 acuminis
1080 1668 1194 1706 visus
1211 1668 1567 1711 Obseruatorum,
1590 1668 1627 1705 &
1648 1672 1776 1715 prout
1797 1668 1859 1705 illi

210 1723 385 1761 vltimas
406 1725 499 1760 eius
521 1725 813 1761 extremitates
834 1721 1026 1760 exacstius
1050 1724 1312 1764 notauerint,
1336 1721 1461 1759 facile
1486 1721 1773 1769 contingebat.
1797 1720 1858 1759 Si-

212 1777 389 1824 quidem
411 1778 457 1813 in
477 1775 560 1814 hac
581 1788 626 1814 re
647 1775 798 1814 exacta
818 1775 1024 1823 praecifio‚
1046 1786 1125 1812 nec
1146 1774 1244 1812 satis
1264 1774 1476 1821 possibilis,
1498 1786 1578 1812 nec
1594 1774 1725 1821 vsque
1747 1774 1859 1812 adeo

212 1830 443 1867 necessaria
459 1829 604 1867 existit.
622 1826 636 1879 ΙΙ

267 1882 477 1921 CAPITE
501 1882 795 1925 SECVNDO,
820 1881 888 1919 De
911 1883 1125 1928 principio
1147 1880 1185 1918 &
1205 1880 1293 1918 fine
1314 1883 1601 1928 apparitionis
1622 1881 1754 1918 huius
1775 1880 1859 1918 Co-

213 1941 342 1974 metae
359 1935 656 1973 constituendo
670 1935 830 1973 solicite
845 1937 942 1982 agit,
959 1935 1030 1972 vbi
1043 1937 1136 1972 eius
1147 1936 1334 1978 initium,
1352 1946 1440 1981 quo
1453 1934 1657 1971 omnibus
1669 1936 1860 1981 primum

214 1991 464 2033 innotuerit,
486 1989 541 2026 ad
562 1989 643 2026 XII
665 1988 934 2026 Nouembris
955 1987 1094 2031 refert,
1116 1987 1250 2025 finem
1271 1999 1376 2025 vero
1397 1988 1452 2025 ad
1473 1987 1514 2025 X
1534 1987 1740 2035 Ianuarij.
1766 1987 1861 2024 Nos

215 2054 318 2080 eum
329 2042 431 2080 XIII
444 2042 711 2080 Nouembris
723 2043 914 2089 primum
931 2041 1251 2088 conspeximus;
1268 2041 1623 2078 antecedentibus
1640 2043 1758 2078 enim
1774 2040 1861 2077 die-

215 2097 308 2140 bus,
329 2097 375 2133 in
395 2095 537 2133 nostro
560 2095 818 2138 Horizonte‚
840 2094 963 2132 nulla
984 2099 1202 2141 oportuna
1224 2093 1443 2132 affulserat
1463 2094 1679 2131 serenitas.
1704 2093 1862 2131 Aiebat

215 2154 365 2187 tamen
376 2149 599 2186 Parochus
614 2160 752 2191 meus,
769 2147 809 2185 se
821 2147 996 2194 vespere
1008 2147 1302 2190 antecedente,
1321 2149 1396 2194 qui
1410 2147 1489 2184 fuit
1500 2147 1581 2184 XII
1595 2146 1863 2184 Nouembris

216 2202 419 2240 ardorem
436 2202 630 2249 aliquem
647 2202 827 2244 clarum,
848 2203 894 2238 in
914 2201 1104 2238 nubibus
1121 2199 1268 2238 Solem
1285 2200 1518 2238 occiduum
1535 2201 1862 2237 concomitanti-

216 2256 309 2298 bus,
334 2255 602 2302 conspexisse‚
626 2255 740 2293 vnde
761 2253 1003 2291 verosimile
1027 2253 1094 2297 est,
1118 2253 1332 2301 fulgorem
1353 2253 1478 2291 illum
1499 2265 1552 2291 ex
1572 2253 1656 2291 hoc
1678 2253 1865 2291 Cometa

217 2309 401 2346 extitisse.
433 2309 707 2356 Nauigantes
733 2307 905 2354 insuper
929 2318 1050 2344 mare
1077 2306 1393 2354 Noruagicum,
1423 2307 1558 2354 paulo
1584 2312 1714 2344 antea
1739 2306 1863 2343 illum

217 2362 432 2405 viderunt,
449 2367 492 2399 vt
509 2373 561 2400 ex
578 2361 789 2399 relatione
807 2360 1049 2398 eorundem
1064 2362 1324 2407 accepimus.
1342 2360 1519 2403 Verum,
1537 2359 1702 2397 etiamsi
1713 2361 1864 2406 paucis

219 2415 386 2462 aliquot
402 2415 555 2453 diebus
571 2417 691 2462 prius
707 2414 908 2456 illuxerit,
926 2412 1228 2457 nihilominus,
1246 2415 1350 2460 quia
1365 2419 1468 2451 tunc
1485 2413 1559 2450 sub
1574 2413 1706 2460 radijs
1720 2412 1864 2449 solari-

218 2468 312 2511 bus,
324 2473 469 2506 motus
481 2470 575 2506 eius
584 2468 804 2515 Analogia
815 2467 858 2504 id
871 2466 1181 2513 expostulante,
1194 2466 1382 2509 latuisset,
1395 2469 1440 2504 in
1452 2466 1594 2504 nostro
1607 2466 1864 2507 Horizonte‚

220 2525 320 2559 ante
337 2521 557 2560 decimum
573 2521 689 2559 diem
706 2520 892 2568 conspici
908 2522 981 2557 vix
998 2525 1181 2567 poterat;
1203 2520 1321 2567 quod
1338 2525 1486 2557 tamen
1502 2522 1565 2563 iis,
1588 2519 1657 2557 vel
1673 2524 1777 2562 tum,
1796 2518 1865 2555 vel

326 2582 359 2608 27
1734 2573 1865 2608 etiam
