2209 3213
371 260 419 297 84
865 253 946 290 DE
969 251 1193 289 MUNDI
1215 248 1515 287 AETHEREI

372 366 559 402 veritatis
576 363 808 409 planiciem
825 364 1087 406 exoptatam,
1105 356 1459 397 conscendamus,
1471 354 1628 393 Tribus
1644 355 1903 402 potissimum
1919 365 2010 392 mo-

371 419 434 455 dis
458 415 858 455 demonstrabimus,
882 412 999 459 quod
1021 411 1208 448 Cometa
1230 408 1300 446 hic
1322 408 1610 446 Elementaris
1632 418 1916 455 nequaquam
1941 418 2010 445 ex-

372 472 509 508 titerit.

424 520 671 561 PRIMVM.
697 520 746 557 Et
767 518 886 565 quafi
906 516 1098 565 generali
1119 517 1301 559 ratione,
1326 526 1379 552 ex
1399 514 1489 562 ipso
1510 512 1640 552 ductu
1661 513 1699 551 &
1719 518 1854 556 motu,
1879 525 2011 560 quem

371 582 459 613 toto
472 575 713 612 durationis
722 578 916 618 tempore
929 570 1188 611 Obseruauit,
1200 568 1452 615 Circulique
1463 569 1633 606 tramite
1644 566 1681 604 &
1691 566 2010 611 Declinatione,
2050 583 2065 608 5

372 640 502 675 quem
518 627 593 664 suo
611 626 734 663 cursu
751 625 999 671 designauit.

424 679 716 720 SECVNDO.
734 677 1043 716 Particularius
1059 676 1175 713 idem
1191 673 1575 723 peruestigabimus
1591 672 1947 720 ostendemusque
1959 684 2013 711 ex

372 734 577 781 distantijs
598 744 623 770 a
644 731 902 779 quibusdam
922 729 1215 777 peculiaribus
1231 727 1328 765 fixis
1345 727 1578 771 Sideribus,
1595 728 1679 764 viae
1697 726 1895 764 Cometae
1910 728 2011 764 vici-

372 790 450 830 nis,
468 798 576 833 quas
593 784 831 831 interlapsis
845 783 1012 830 aliquot
1024 782 1161 820 Horis
1173 781 1517 825 obseruauimus‚
1535 791 1635 817 cum
1647 779 1774 817 altior
1786 779 2012 817 decliuior-

372 852 456 887 que
473 839 601 886 ipsius
618 838 744 885 supra
761 837 1054 875 Horizontem
1070 834 1230 882 pofitus
1247 833 1575 881 conspiceretur.
1593 829 1607 883 ΙΙ
2053 847 2084 873 10

423 892 647 934 TERTIO,
666 891 729 928 Ex
746 890 978 927 collatione
991 888 1360 926 Obseruationum
1376 889 1422 924 in
1438 886 1609 924 semotis
1621 885 1817 933 Sphaerae
1832 885 2012 924 inclina·
2046 895 2088 927 92

371 946 574 988 tionibus,
596 945 649 982 ab
671 944 767 991 alijs
784 943 1110 980 Mathematicis
1132 940 1337 988 exquisite
1359 939 1647 987 deprehensis,
1670 938 1707 976 &
1728 950 1828 976 curn
1847 938 2012 983 nostris,

372 999 520 1037 habita
543 1000 710 1035 ratione
734 994 968 1034 interiec'tae
987 994 1175 1032 Telluris
1198 995 1422 1041 portionis,
1446 992 1671 1040 diligenter
1694 992 1873 1037 collatis,
1897 991 2013 1030 idem

373 1052 603 1090 enucleare
621 1050 889 1088 conabimur.
913 1048 1191 1094 Confidoque
1211 1047 1279 1084 his
1298 1047 1433 1084 tribus
1450 1045 1881 1093 comprobationibus
1897 1051 2012 1084 certo

373 1106 575 1143 conuinci
596 1104 718 1151 posse,
741 1103 973 1141 Cometam
993 1101 1111 1139 hunc
1132 1100 1260 1147 supra
1280 1100 1466 1143 Lunam,
1489 1101 1535 1136 in
1555 1098 1644 1146 ipso
1665 1097 1845 1136 ilEthere
1865 1098 2013 1136 locum
2053 1116 2083 1141 15

373 1158 610 1199 obtinuisse;
632 1157 789 1203 quibus
809 1161 969 1198 tamen,
992 1154 1111 1202 quali
1132 1153 1384 1201 appendicis
1404 1152 1514 1197 loco,
1535 1152 1848 1199 subiungamus
1864 1152 2013 1199 aliqua

374 1211 574 1258 exempla
595 1211 994 1257 Regiomontanicae
1017 1208 1375 1251 ratiocinationis,
1399 1217 1499 1253 quae
1523 1217 1576 1243 ex
1599 1205 1770 1244 duabus
1790 1205 1900 1243 datis
1920 1205 2013 1243 alti-

373 1264 595 1302 tudinibus
616 1263 653 1300 &
674 1262 935 1305 Azimuthis,
958 1272 1058 1299 cum
1078 1259 1311 1298 interuallo
1331 1261 1539 1306 temporis
1560 1261 1743 1306 cognito,
1767 1258 2013 1306 parallaxin

374 1318 579 1365 indagare
592 1317 752 1359 docuit;
769 1327 824 1353 ne
836 1320 1034 1352 veterum
1045 1316 1227 1351 inuenta
1237 1313 1308 1351 vel
1319 1313 1538 1360 ignorasse,
1552 1312 1622 1350 vel
1633 1311 1856 1360 neglexisse
1867 1312 2013 1350 videa-

374 1383 483 1413 mur,
501 1370 538 1407 &
550 1376 592 1407 vt
608 1370 663 1413 id,
681 1369 798 1416 quod
814 1370 934 1416 prius
951 1369 1190 1410 innuimus,
1207 1365 1417 1404 eiusmodi
1433 1364 1706 1404 inductiones
1721 1376 1813 1403 non
1828 1367 1889 1403 ita
1902 1366 2013 1404 bene
2051 1381 2085 1407 20

374 1426 418 1461 in
435 1425 558 1471 praxi
575 1429 704 1470 atque
721 1422 1013 1470 speculatione
1029 1420 1177 1458 locum
1193 1419 1400 1463 obtinere,
1417 1418 1692 1457 manifestum
1708 1419 1924 1457 reddatur.

375 1538 547 1585 QUOD
570 1537 819 1576 COMETA
845 1536 952 1575 HIC
979 1536 1111 1574 NON
1137 1535 1201 1573 IN
1227 1534 1609 1573 ELEMENTARI
1633 1533 1878 1578 MUNDO,
1904 1534 2013 1573 SED

447 1601 509 1638 IN
532 1600 656 1638 IPSO
678 1598 994 1637 ALTISSIMO
1015 1597 1271 1635 AETHERE
1292 1596 1612 1640 EXTITERIT,
1634 1596 1711 1634 EX
1732 1595 1943 1635 DUCTU

533 1661 783 1705 CIRCULI,
805 1660 982 1707 QUEM
1003 1659 1180 1698 MOTU
1202 1658 1449 1697 PROPRIO
1471 1654 1855 1702 DESIGNAUIT,

926 1727 1276 1760 COMPROBATIO
1298 1727 1460 1758 PRIMA.
2052 1736 2086 1761 25

472 1794 680 1833 OMETA
700 1793 782 1837 hic,
803 1798 927 1831 motu
946 1793 1019 1831 fibi
1039 1794 1229 1840 proprio,
1251 1792 1304 1830 ab
1326 1793 1450 1829 initio
1470 1791 1558 1829 suae
1578 1793 1864 1839 apparitionis
1883 1790 2015 1838 vsque

493 1848 548 1886 ad
573 1847 707 1885 finem
730 1847 943 1891 vltimum,
969 1845 1279 1893 exquifitissime
1303 1847 1550 1892 portionem
1576 1844 1739 1883 Circuli
1763 1847 1809 1882 in
1833 1844 2016 1892 Sphaera

376 1901 563 1939 Maximi
591 1900 838 1948 designauit,
864 1900 1035 1937 medius
1059 1901 1170 1936 inter
1195 1899 1305 1936 duos
1328 1897 1544 1945 oppofitos
1567 1897 1695 1935 Polos
1717 1898 1877 1945 vbique
1902 1899 2015 1935 ince-

377 1954 495 1997 dens,
513 1965 655 2001 neque
668 1964 863 2000 vnquam
874 1952 1121 1990 sensibiliter
1132 1952 1186 1990 ab
1199 1954 1292 1989 eius
1305 1951 1469 1990 Circuli
1480 1952 1663 1988 maximi
1674 1951 1826 1995 orbita,
1842 1953 1888 1988 in
1902 1950 2016 1988 hanc

377 2007 446 2044 vel
466 2007 587 2044 illam
607 2012 774 2054 partem
795 2004 1058 2049 deflectebat,
1079 2016 1170 2043 non
1191 2005 1315 2043 aliter
1335 2016 1470 2051 quam
1486 2003 1572 2048 Sol,
1593 2009 1716 2042 motu
1733 2003 1810 2042 suo
1826 2005 2015 2051 proprio,
2054 2018 2088 2044 30

378 2060 642 2106 Eclipticam,
667 2059 896 2106 Sphaeram
916 2061 961 2095 in
982 2059 1070 2096 duo
1091 2058 1282 2105 aequalia
1302 2058 1583 2101 diuidentem,
1605 2057 1810 2101 describit,
1832 2056 1870 2094 &
1891 2057 2017 2094 Luna

378 2112 453 2150 suo
465 2112 642 2150 Circulo
658 2112 733 2150 sub
750 2123 837 2158 quo
853 2117 1069 2155 mouetur,
1087 2114 1218 2149 etiam
1233 2116 1373 2148 totum
1386 2110 1565 2148 Coelum
1577 2110 1779 2148 bifariam
1790 2109 2018 2157 aequaliter

379 2168 571 2212 partitur.
594 2164 871 2212 Quapropter
887 2164 1119 2202 Cometam
1135 2164 1265 2207 hunc,
1283 2175 1374 2201 non
1389 2165 1536 2201 minus
1553 2175 1687 2210 quam
1703 2163 1778 2201 Sol
1793 2163 1862 2201 vel
1878 2163 2016 2206 Luna,

380 2224 636 2265 caeteraeque
654 2224 846 2255 errantes
863 2217 1018 2259 Stellae,
1036 2219 1081 2254 in
1097 2217 1186 2264 ipso
1198 2216 1377 2254 AEthere
1394 2216 1540 2254 locum
1557 2216 1790 2260 obtinuisse,
1807 2216 1905 2254 satis
1920 2227 2016 2262 pro-

379 2271 576 2309 babiliter
593 2273 877 2308 conuincitur.
896 2270 984 2316 Qui
1003 2272 1120 2307 enim
1136 2270 1230 2307 fieri
1246 2275 1426 2316 poterat,
1443 2269 1472 2307 fi
1488 2271 1533 2307 in
1550 2269 1814 2307 Elementari
1826 2269 2016 2316 Regione
2054 2283 2088 2309 35

379 2324 568 2372 flagrans
590 2323 768 2370 aliquod
789 2325 965 2370 igneum
987 2323 1265 2365 Metheoron‚
1289 2328 1418 2370 prout
1437 2322 1590 2360 volunt
1610 2322 1892 2369 Peripatetici,
1914 2324 2017 2359 exti-

379 2378 491 2421 tisset‚
516 2382 559 2414 vt
583 2382 673 2414 tam
697 2376 884 2424 regulari
908 2376 945 2413 &
969 2376 1176 2413 constanti
1198 2374 1342 2419 dudiu,
1367 2377 1612 2422 portionem
1637 2375 1801 2413 Circuli
1823 2376 2017 2418 maximi,

381 2430 609 2477 Sphaeram
632 2432 677 2467 in
701 2430 788 2467 duo
811 2429 1002 2476 aequalia
1025 2428 1323 2475 dispartientis,
1347 2427 1600 2466 exadfissime
1624 2427 1876 2475 defignasset.
1902 2428 2017 2466 Con—

380 2483 634 2520 sentaneum
660 2484 777 2520 enim
808 2488 910 2525 erat,
940 2482 1202 2529 vagabundo
1229 2481 1266 2518 &
1290 2481 1516 2528 irregulari
1540 2485 1663 2518 motu
1688 2492 1923 2518 erroneum
1947 2480 2017 2518 de·

380 2536 571 2582 scripfisse
588 2534 777 2578 ducium,
795 2531 809 2584 ΙΙ
826 2535 912 2572 siue
930 2546 1017 2581 quo
1034 2536 1217 2572 materia
1232 2534 1321 2580 ipsa
1336 2533 1549 2580 pabulum
1565 2545 1768 2580 quaerens
1786 2533 2017 2577 affectaret,
2051 2542 2092 2573 93

1930 2586 2017 2624 fiue
