2209 3213
120 821 150 846 10

118 1087 149 1113 15

111 1353 146 1379 20

109 1620 143 1646 25

89 1721 149 1753 401

106 1886 140 1912 30

106 2153 139 2178 35

104 2418 138 2443 40

510 222 1032 263 RECENTIORIBUS
1053 224 1510 266 PHAENOMENIS
1766 227 1834 267 319

190 328 385 376 sequens,
407 329 669 367 Dedomena
689 330 847 376 quibus
868 330 964 368 haec
984 332 1148 369 assertio
1169 332 1389 376 fundatur,
1411 334 1466 371 ad
1483 333 1733 372 Parallaxin
1750 335 1834 373 Co-

190 387 318 420 metae
334 382 710 430 peruestigandam
725 382 978 421 nullatenus
994 386 1281 423 accommoda
1298 387 1386 424 esse.

242 435 388 482 Atque
409 434 505 473 haec
526 437 640 473 circa
660 435 839 473 Stellam
857 437 1156 476 Andromedae
1176 438 1437 477 sufficienter
1458 439 1725 478 confiderata
1744 441 1834 485 fint,

190 488 348 535 quibus
364 488 528 526 accedit
544 488 582 526 &
597 488 783 526 alterum
800 489 1035 527 absurdum
1051 493 1097 528 in
1113 491 1245 529 Stella
1259 492 1314 530 ad
1330 492 1463 530 Genu
1475 493 1632 541 Pegafi,
1649 506 1783 541 quam
1800 496 1836 532 is

190 540 407 579 octauam
423 546 661 589 nuncupat,
681 541 798 588 quod
814 541 912 579 licet
930 542 1115 582 Cometa
1132 556 1184 582 eo
1202 546 1379 592 quidem
1397 546 1465 583 die
1481 549 1670 593 potuerit
1686 549 1731 585 in
1747 559 1836 585 vno

191 594 383 632 verticali
406 606 507 632 cum
527 593 639 632 dicta
659 594 793 633 Stella
815 595 1072 634 coadunari:
1096 602 1245 635 tamen
1264 598 1307 635 id
1329 600 1572 644 eueniebat,
1597 606 1836 648 antequam

188 647 263 685 Sol
277 647 376 685 satis
391 647 607 695 profunde
623 647 737 685 infra
753 647 1045 686 Horizontem
1061 656 1339 698 mergeretur,
1360 654 1420 689 ita
1435 658 1479 690 vt
1494 653 1645 691 lumen
1662 653 1760 699 diei,
1780 654 1835 692 ob

188 701 387 738 nondum
410 700 666 739 inchoatum
690 700 991 748 crepusculum
1014 703 1319 750 vespertinum,
1343 705 1567 743 nullarum
1589 706 1834 751 Stellarum,

187 754 352 792 nedum
364 753 563 792 Cometae
574 755 813 792 tenuissime
825 758 1088 801 apparentis,
1106 756 1381 804 conspectum
1392 758 1631 806 largiretur.
1649 760 1718 798 Ne
1730 772 1835 799 vero

188 806 226 844 8(
241 806 313 844 hic
329 807 488 854 aliquis
503 807 764 845 haefitationi
780 812 925 854 pateat
945 808 1080 852 locus,
1103 821 1191 856 quo
1209 811 1348 848 Horae
1364 817 1590 850 momento
1607 813 1740 851 Stella
1760 814 1835 852 illa

187 859 331 908 Pegafi
348 859 386 898 8(
402 860 589 898 Cometa
609 863 655 898 in
674 872 763 898 vno
779 860 1062 899 versabantur
1077 864 1284 908 verticali,
1306 864 1390 902 Die
1407 865 1423 902 I
1441 865 1647 914 Ianuarij‚
1668 866 1722 904 fic
1742 878 1832 906 ma-

186 912 493 952 nifestabimus.
504 916 507 918 ’

239 966 290 1004 In
304 966 498 1014 appofita
514 966 673 1015 Figura
688 966 734 1005 fit
749 967 790 1004 A
806 967 938 1005 Polus
949 967 1216 1016 AEquatoris‚
1234 970 1267 1007 B
1285 970 1555 1016 Horizontis‚
1573 972 1653 1010 EK
1666 973 1831 1021 AEqua-

185 1024 264 1064 tor,
286 1019 404 1058 HKI
421 1020 636 1064 Horizon,
658 1020 700 1058 D
717 1019 916 1065 Cometa,
934 1021 971 1059 C
988 1021 1205 1061 Dextrum
1225 1035 1340 1071 genu
1356 1024 1517 1072 Pegafi;
1540 1026 1709 1073 reliqua
1725 1039 1830 1065 vero

186 1084 240 1111 ex
255 1073 345 1121 ipso
361 1075 523 1111 intuitu
538 1073 867 1121 cognoscuntur.

238 1125 357 1174 Quia
390 1128 583 1174 primum
613 1129 660 1164 in
689 1126 929 1175 Triangulo

184 1179 316 1218 ACD
341 1180 501 1218 dantur
527 1180 617 1218 duo
642 1180 812 1225 Latera,
843 1180 929 1219 CA

184 1232 557 1280 complementum
608 1233 929 1272 Declinationis

183 1297 299 1334 genu
316 1286 473 1335 Pegafi,
494 1287 537 1325 P.
554 1287 608 1325 61.
626 1287 689 1325 Μ.
706 1288 770 1332 57,
787 1287 826 1325 8(
842 1287 929 1325 DA

184 1339 557 1387 complementum
608 1340 929 1379 Declinationis

183 1393 382 1432 Cometae
402 1394 519 1442 grad.
536 1394 590 1432 71.
606 1396 762 1432 minut.
778 1394 815 1439 2,
836 1394 927 1432 An-

181 1446 309 1494 gulus
328 1458 434 1485 vero
455 1447 583 1486 DAC
604 1447 659 1485 est
682 1447 928 1486 differentia

181 1499 455 1538 Ascenfionis
471 1499 613 1539 Rectae
632 1501 852 1549 Vtriusque
874 1512 927 1539 ex

180 1552 310 1601 supra
347 1556 539 1592 inuentis
576 1554 776 1602 petenda,
816 1554 859 1592 P.
889 1555 926 1593 5.

180 1608 286 1645 min.
303 1607 339 1645 2.
361 1607 494 1656 Igitur
511 1607 737 1646 innotescit
752 1610 927 1646 tertium

179 1660 312 1698 Latus
335 1660 435 1705 DC,
458 1661 576 1709 grad.
593 1661 647 1699 10.
670 1663 775 1699 min.
793 1662 838 1705 ll,
863 1661 901 1699 &
924 1673 977 1699 ex
1002 1662 1136 1700 tribus
1159 1664 1339 1710 cognitis
1362 1663 1601 1709 Lateribus‚
1624 1666 1827 1714 Angulus

177 1713 326 1758 ADC,
348 1713 403 1752 G.
420 1714 483 1752 25.
501 1714 564 1752 M.
581 1715 644 1753 57.
666 1714 839 1753 Deinde
860 1713 989 1753 dueta
1008 1712 1393 1766 perpendi-{lculari
1410 1717 1501 1760 AF,
1524 1718 1662 1756 donec
1679 1730 1826 1757 occur-

177 1771 243 1804 rat
253 1767 390 1805 Arcui
405 1767 489 1805 BD
505 1766 717 1815 produc‘to
733 1770 778 1806 in
795 1768 840 1812 F,
860 1780 913 1806 ex
929 1768 1083 1806 Latere
1099 1769 1202 1813 AD,
1220 1769 1257 1807 8(
1274 1770 1452 1818 Angulo
1468 1771 1598 1809 ADF
1614 1772 1747 1810 modo
1763 1775 1826 1810 in-

177 1825 324 1865 uento,
340 1822 565 1859 inuenitur
580 1820 677 1859 haec
688 1821 778 1868 ipsa
789 1822 1164 1869 perpendicularis
1175 1822 1267 1867 AF,
1284 1823 1401 1870 grad.
1413 1824 1476 1862 24.
1489 1827 1593 1863 min.
1605 1825 1668 1869 27,
1682 1825 1719 1863 8(
1732 1826 1825 1871 FD,

176 1873 220 1911 P.
236 1873 299 1912 69.
322 1876 427 1912 min.
444 1875 481 1918 5,
504 1874 790 1922 Angulusque
813 1874 951 1919 FAD,
975 1875 1018 1912 Ρ.
1035 1875 1089 1913 81.
1114 1875 1176 1913 M.
1197 1876 1224 1919 1,
1247 1887 1353 1914 mox
1376 1879 1422 1914 in
1445 1877 1684 1926 Triangulo
1708 1879 1825 1917 FAB

176 1925 440 1975 rectangulQ
463 1939 517 1965 ex
540 1928 693 1965 Latere
713 1928 796 1965 AB
817 1928 980 1975 vbique
1004 1928 1160 1966 eodem
1180 1929 1223 1966 P.
1240 1929 1302 1967 39.
1320 1929 1383 1967 M.
1400 1930 1462 1974 20,
1487 1930 1524 1968 8(
1547 1931 1634 1975 FA,
1657 1938 1701 1970 vt
1724 1933 1824 1975 dixi,

177 1979 232 2018 G.
249 1980 312 2018 24.
330 1981 394 2018 M.
411 1980 474 2025 27,
497 1981 644 2019 euadit
660 1981 746 2025 FB,
763 1981 806 2018 P.
822 1981 877 2019 31.
895 1981 958 2019 M.
976 1982 1038 2025 50,
1060 1993 1236 2029 vnaque
1253 1983 1456 2030 Angulus
1473 1984 1607 2029 BAF,
1628 1986 1744 2033 grad.
1762 1986 1824 2024 56.

175 2035 281 2071 min.
299 2034 340 2071 19
356 2034 458 2078 fere,
476 2045 565 2081 quo
580 2034 748 2072 sublato
764 2034 818 2072 ab
835 2034 1013 2082 Angulo
1030 2035 1154 2073 FAD
1171 2037 1291 2082 prius
1307 2038 1502 2081 inuento,
1522 2044 1718 2076 remanet
1734 2040 1824 2077 An-

175 2086 303 2134 gulus
319 2087 465 2131 BAD,
486 2087 529 2124 P.
546 2087 609 2125 24.
628 2087 691 2125 M.
708 2087 772 2131 42,
795 2089 870 2134 qui
890 2090 1065 2126 metitur
1085 2088 1329 2127 distantiam
1345 2089 1543 2129 Cometae
1560 2093 1606 2129 in
1621 2092 1825 2139 gradibus

950 1587 986 1622 H

176 2139 431 2187 AEquatoris
447 2152 474 2178 a
491 2140 755 2184 Meridiano‚
778 2141 957 2188 quando
977 2143 1013 2178 is
1032 2146 1123 2179 erat
1139 2144 1185 2179 in
1200 2154 1289 2180 vno
1305 2144 1498 2182 verticali
1515 2156 1613 2182 cum
1632 2145 1764 2183 Stella
1780 2148 1825 2183 in

175 2204 291 2241 genu
306 2193 463 2241 Pegafi.
480 2194 627 2241 Atque
643 2193 714 2231 hic
730 2193 759 2231 fi
775 2193 1025 2232 Ascenfioni
1043 2193 1184 2233 Reaae
1199 2195 1410 2240 Cometae‚
1428 2209 1529 2244 quae
1545 2204 1647 2236 tunc
1664 2204 1755 2237 erat
1772 2211 1825 2237 ex

175 2246 326 2284 nostris
338 2248 547 2290 numeris,
562 2247 679 2295 grad.
692 2247 781 2285 330.
794 2249 899 2285 min.
911 2248 961 2286 45
974 2248 1171 2293 addatur,
1183 2250 1325 2295 prodit
1337 2250 1539 2289 Ascenfio
1552 2251 1681 2290 Recta
1692 2253 1822 2300 medij

176 2299 304 2344 Coeli,
327 2299 382 2338 G.
404 2300 494 2338 355.
516 2300 580 2338 M.
602 2300 665 2339 27.
690 2300 791 2338 Erat
812 2306 960 2338 autem
981 2305 1083 2339 tunc
1104 2301 1216 2340 Solis
1236 2302 1359 2340 locus
1381 2315 1433 2341 ex
1456 2304 1597 2343 nostra
1617 2305 1824 2344 instaura-

174 2354 293 2391 tione
309 2355 355 2391 in
371 2353 414 2391 P.
431 2353 485 2391 21.
503 2353 567 2391 M.
584 2353 625 2391 13
647 2359 687 2398 z,
710 2355 834 2391 cuius
850 2354 1052 2392 Ascenfio
1069 2353 1210 2399 Recta,
1232 2355 1275 2393 P.
1293 2356 1382 2394 292.
1401 2357 1463 2395 M.
1481 2358 1543 2396 56.
1566 2359 1729 2397 Aberat
1748 2361 1823 2397 ita-

175 2417 260 2453 que
281 2406 399 2445 Sola
415 2407 669 2445 Meridiano
689 2418 766 2454 per
786 2407 945 2455 gradus
960 2407 1215 2455 AEquatoris
1231 2409 1293 2446 62.
1311 2410 1375 2447 M.
1392 2410 1446 2455 31,
1468 2414 1543 2458 qui
1565 2411 1758 2450 efficiunt
1779 2415 1824 2450 in

174 2464 370 2507 tempore
390 2460 540 2498 Horas
556 2460 592 2498 4.
609 2462 715 2498 min.
732 2460 790 2503 10;
812 2466 943 2508 atque
964 2466 1067 2499 tunc
1086 2464 1295 2509 temporis
1316 2464 1521 2511 exquisite
1542 2464 1621 2502 fuit
1638 2465 1824 2503 Cometa

174 2514 220 2550 in
236 2524 324 2550 vno
340 2514 535 2551 verticali
556 2525 657 2551 cum
677 2512 885 2561 praedic‘ta
901 2514 1045 2552 Stella.
1069 2515 1237 2553 Occidit
1257 2521 1405 2554 autem
1425 2517 1498 2555 Sol
1520 2529 1572 2555 eo
1593 2518 1661 2555 die
1683 2520 1728 2555 in
1748 2519 1823 2555 illo

1578 2571 1822 2609 Horizonte
