2209 3213
138 826 169 851 lO

116 927 180 958 257

137 1092 167 1117 15

133 1357 166 1382 20

132 1623 165 1647 25

131 1889 165 1914 30

130 2155 163 2180 35

128 2420 162 2445 40

110 2520 175 2552 258

528 231 1049 270 RECENTIORIBUS
1070 230 1528 270 PHAENOMENIS
1783 232 1851 271 215

208 336 502 381 coniunctum,
529 349 663 384 quam
688 337 899 376 hactenus
922 350 948 376 a
971 337 1307 385 quamplurimis
1332 338 1688 376 animaduersum
1712 338 1778 376 est.
1805 338 1852 377 Id

208 391 327 437 quod
347 401 428 428 nos
448 390 534 437 ipse
555 390 664 433 vsus,
688 391 907 438 longaque
928 391 1074 428 docuit
1095 391 1386 438 Experientia,
1409 403 1501 428 non
1523 403 1665 438 pauco
1689 392 1850 435 labore,

208 454 288 481 nec
303 443 595 481 mediocribus
611 443 820 481 sumtibus
837 449 1102 491 comparata.

261 496 496 534 Habebam
519 496 696 543 quidem
719 496 757 534 8(
781 508 859 544 ego
883 497 989 534 olim
1011 499 1056 534 in
1079 499 1220 544 prima
1242 497 1546 535 Adolescentia
1571 497 1688 535 hunc
1712 498 1851 545 ipsum

207 549 389 587 modum
414 551 460 586 in
484 549 572 593 vsu,
603 561 691 596 quo
721 561 798 596 per
822 550 961 587 lineas
987 549 1150 593 Rectas,
1180 562 1206 587 a
1235 551 1387 588 vicinis
1413 550 1554 588 Stellis
1578 551 1851 589 transuerfim

207 600 369 645 ductas,
391 604 436 639 in
452 602 631 639 alterius
647 604 806 650 ignotae
822 603 969 640 locum
985 605 1254 650 peruenitur;
1277 603 1408 650 idque
1425 609 1664 650 antequam
1680 605 1735 642 ad
1752 615 1851 642 eam

207 657 346 693 aetatis
367 654 405 692 8(
425 655 646 693 sumtuum
667 655 917 702 potestatem
937 656 1264 703 perueniebam,
1286 668 1374 703 qua
1390 656 1675 695 Instrumenta
1695 656 1850 695 0113611-

206 719 284 746 013
296 707 452 746 confici
464 719 617 746 curare
631 708 762 751 licuit,
779 708 848 746 sed
860 720 951 746 non
962 720 1039 755 per
1050 708 1186 750 filum,
1204 714 1246 746 vt
1259 709 1519 753 Moestlinus,
1536 721 1690 747 verum
1706 712 1851 757 potius

206 772 282 808 per
294 761 505 809 Regulam
521 761 650 799 oculo
666 761 943 809 applicatam,
961 761 998 798 8(
1014 763 1059 799 111
1072 761 1226 799 Stellas
1240 760 1459 805 directam,
1477 774 1534 800 an
1551 764 1596 799 in
1608 763 1724 801 linea
1736 762 1850 801 10013

206 814 330 851 fimul
350 820 486 852 ternae
507 814 788 859 consisterent,
809 815 1054 861 periculum
1074 814 1167 852 feci.
1190 814 1415 861 Siquidem
1433 815 1494 852 fili
1510 814 1718 859 tractatio,
1741 828 1848 863 prae—

205 867 347 904 sertim
363 869 409 905 in
425 867 693 905 densioribus
709 868 909 909 tenebris,
931 868 1110 914 quando
1126 879 1218 905 non
1233 868 1344 905 bene
1361 868 1624 912 discernitur,
1645 869 1755 906 mihi
1770 871 1848 906 mi-

205 931 288 957 nus
306 917 542 970 expe-ndita
557 921 795 958 videbatur.
818 920 948 958 Soleo
970 922 1101 958 etiam
1122 932 1447 968 nonnunquam
1468 921 1551 959 hac
1571 922 1660 969 ipsa
1681 924 1849 960 ratione

205 973 349 1011 adhuc
365 975 436 1017 vti,
458 974 637 1020 quando
654 973 941 1011 Instrumenta
957 973 1177 1020 exquisita,
1198 976 1257 1011 vti
1278 973 1324 1011 fit
1340 976 1451 1011 inter
1467 975 1848 1022 peregrinandum,

204 1026 260 1064 ad
284 1038 444 1064 manus
470 1038 560 1064 non
585 1026 692 1069 sunt,
718 1026 747 1063 fi
771 1031 874 1063 tunc
899 1026 1065 1073 aliquid
1091 1026 1407 1064 Obseruatione
1433 1028 1613 1074 dignum
1639 1034 1848 1066 occurrat.

204 1079 505 1117 Veruntamen
522 1078 685 1117 011361εο
703 1079 957 1126 praecifioni,
978 1079 1111 1117 talem
1128 1079 1329 1117 Siderum
1345 1079 1504 1126 pofitus
1520 1080 1737 1118 scrutandi
1754 1081 1848 1119 Me—

203 1132 401 1176 thodum‚
424 1137 517 1170 tum
538 1132 593 1170 ob
615 1134 806 1170 rationes
826 1130 1103 1179 supradictas,
1127 1138 1220 1170 tum
1241 1135 1372 1170 etiam
1393 1133 1515 1176 alias,
1539 1145 1649 1180 quas
1671 1134 1849 1181 ipsamet

203 1185 329 1223 facile
349 1185 531 1233 suggerit
552 1183 761 1229 tractatio,
786 1197 1069 1233 nequaquam
1093 1185 1300 1229 sufficere,
1324 1191 1468 1224 ratum
1489 1193 1848 1234 compertumque

203 1238 359 1276 habeo.

257 1291 529 1339 Quanquam
548 1303 653 1329 vero
674 1291 744 1329 hic
764 1291 923 1329 modus
944 1292 1235 1339 paucioribus,
1258 1291 1295 1329 &
1316 1292 1481 1330 nullius
1504 1304 1615 1340 pene
1636 1296 1849 1331 momenti

203 1344 395 1393 subfidijS
416 1345 618 1393 indigeat,
643 1356 742 1382 cum
762 1345 832 1383 vel
854 1345 944 1382 solo
965 1345 1068 1389 visu,
1093 1350 1168 1383 aut
1191 1345 1386 1383 adhibita
1407 1346 1582 1393 Regula,
1606 1346 1675 1384 vel
1698 1346 1849 1384 charta

203 1398 353 1445 aliqua
368 1400 414 1435 in
430 1396 640 1436 directum
657 1398 904 1445 composita,
925 1404 1000 1436 aut
1017 1400 1149 1436 etiam
1165 1398 1240 1436 filo
1257 1401 1480 1446 quopiam,
1503 1399 1589 1436 fine
1610 1411 1772 1447 magno
1788 1400 1847 1437 la-

202 1451 306 1489 bore
324 1452 517 1498 expediri
538 1452 671 1499 possit:
692 1456 841 1489 tamen
856 1452 928 1489 vbi
945 1451 1258 1499 Longitudines
1275 1451 1313 1489 &
1329 1452 1598 1490 Latitudines
1615 1452 1848 1490 Stellarum

203 1504 304 1542 hinc
321 1504 527 1542 eruendae
543 1506 739 1549 veniunt,
759 1504 890 1552 longa
907 1504 945 1542 &
961 1504 1139 1542 taediosa
1155 1516 1266 1552 opus
1283 1505 1337 1542 est
1353 1505 1670 1552 supputatione,
1691 1511 1734 1543 vt
1750 1506 1848 1544 satis

204 1569 257 1595 ex
276 1557 374 1604 ipfis
395 1557 616 1602 Moestlini,
638 1558 690 1595 de
711 1557 794 1595 hac
815 1569 872 1601 re,
897 1558 1171 1605 dogmatibus
1191 1563 1388 1605 apparet:
1412 1558 1524 1596 adeo
1545 1563 1588 1596 vt
1608 1564 1847 1606 antequam

202 1610 272 1648 vel
287 1613 417 1648 vnius
433 1610 578 1648 Stellae
594 1611 716 1648 locus
737 1610 820 1648 hoc
836 1611 970 1648 modo
990 1613 1255 1654 inueniatur,
1277 1611 1617 1659 quamplurimae
1637 1612 1750 1656 aliae,
1771 1624 1848 1659 per

202 1663 347 1702 debita
368 1664 558 1711 Organa,
582 1664 732 1711 qualia
751 1676 833 1701 nos
853 1666 898 1701 in
918 1669 1094 1711 promtu
1114 1670 1266 1711 parata
1286 1664 1514 1708 habemus,
1539 1665 1784 1707 Obseruari.
1809 1665 1847 1703 8(

202 1719 247 1754 111
264 1717 465 1764 Longum
481 1717 727 1764 Latumque
744 1717 934 1754 distribui
954 1718 1115 1764 possint.
1137 1717 1536 1755 Commendatione
1558 1717 1847 1756 nihilominus

202 1770 489 1817 dignissimum
501 1769 556 1808 est
568 1770 651 1808 hoc
664 1770 873 1808 Moestlini
885 1770 1099 1813 Studium,
1113 1771 1231 1817 quod
1244 1772 1375 1808 etiam
1387 1772 1450 1818 ijs,
1464 1773 1539 1818 qui
1551 1771 1847 1810 Instrumentis

202 1823 420 1870 exquisitis
441 1828 629 1868 careant,
650 1823 720 1861 vel
741 1835 793 1861 ea
813 1835 904 1860 non
920 1823 1079 1870 vbique
1096 1824 1151 1861 ad
1168 1835 1327 1861 manus
1348 1824 1551 1867 habeant,
1573 1824 1656 1862 hac
1677 1827 1845 1862 ratione

202 1876 390 1923 prodesse
406 1876 605 1920 voluerit,
623 1876 660 1914 &
677 1878 892 1914 rationem
908 1879 954 1914 in
967 1876 1035 1914 his
1047 1876 1275 1914 ostenderit
1286 1877 1528 1915 admodum
1539 1877 1640 1915 sane
1652 1880 1846 1925 ingenio—

201 1929 291 1967 sam
304 1929 341 1967 &
352 1929 501 1967 vtilem
514 1930 664 1976 (modo
676 1932 721 1967 in
732 1930 838 1967 locis
850 1929 1096 1973 Stellarum,
1114 1930 1151 1967 8(
1168 1930 1293 1967 1111015
1310 1930 1515 1968 hincinde
1532 1929 1680 1974 ductis,
1698 1931 1846 1969 nullus

201 1985 496 2020 committatur
512 1982 648 2029 error)
668 1994 857 2030 quaeque
875 1983 1072 2021 Canonis
1089 1982 1289 2027 Sinuum,
1307 1983 1345 2021 8(
1361 1984 1572 2021 Foecundi
1589 1983 1711 2021 vsum
1728 1984 1845 2022 locu-

200 2036 429 2083 pletiorem
444 2036 607 2074 reddat.

254 2088 443 2127 SEXTO
461 2089 684 2131 CAPITE‚
706 2091 898 2136 primum
914 2101 940 2127 a
955 2089 1061 2127 iusta
1078 2089 1257 2137 querela
1273 2090 1451 2133 orditur,
1471 2091 1589 2137 quod
1605 2092 1792 2138 penitior
1809 2091 1845 2128 8(

200 2145 344 2180 verior
360 2142 651 2180 Astronomiae
668 2141 875 2185 tractatio,
898 2154 1009 2189 eque
1030 2142 1119 2189 ipso
1137 2143 1278 2185 Coelo.
1300 2148 1343 2181 vt
1361 2155 1439 2190 par
1456 2149 1558 2185 erat,
1580 2143 1845 2187 instauratio,

200 2195 342 2233 nostro
359 2207 459 2233 aeuo
476 2195 729 2243 negligatur.
747 2195 879 2241 Quod
895 2195 995 2233 sane
1009 2196 1046 2233 8(
1059 2207 1137 2243 ego
1155 2197 1229 2234 diu
1245 2196 1522 2243 multumque
1538 2197 1719 2240 indolui,
1737 2209 1845 2244 prae-

200 2248 454 2296 posteraque
464 2248 883 2286 Mathematicorum
892 2249 1053 2286 iudicia
1063 2249 1229 2296 semper
1240 2249 1463 2287 auersatus
1475 2249 1579 2292 sum,
1593 2252 1668 2297 qui
1680 2250 1846 2288 ludicra

200 2302 418 2349 quaedam,
435 2302 473 2339 8(
490 2304 616 2349 parui
628 2304 840 2339 momenti
853 2301 1004 2340 Studia
1015 2302 1172 2340 assidue
1184 2303 1366 2345 versant,
1383 2304 1435 2340 de
1448 2302 1536 2350 ipsa
1548 2314 1652 2340 vero
1664 2303 1845 2341 summae

200 2354 332 2393 huius
348 2356 466 2393 Artis
483 2355 747 2393 restitutione
765 2354 802 2392 &
819 2355 1162 2399 conseruatione‚
1184 2367 1238 2393 ne
1259 2355 1389 2393 semel
1410 2356 1588 2403 quidem
1609 2356 1716 2393 serio
1733 2359 1844 2404 cogi-

199 2413 307 2451 tant;
324 2408 473 2446 saltem
489 2408 679 2446 aliorum
696 2410 886 2445 inuentis
903 2411 1104 2451 contenti,
1122 2408 1151 2446 fi
1162 2408 1355 2446 Tabulas
1366 2416 1568 2447 motuum
1581 2409 1618 2446 8(
1631 2409 1844 2457 Epheme-

199 2461 325 2505 rides,
343 2464 513 2508 quoties
525 2473 636 2508 opus
649 2461 715 2505 est,
733 2461 982 2504 adhibeant,
1000 2460 1110 2500 1οὁἶο
1125 2473 1218 2499 10111
1229 2461 1450 2509 peractam
1463 2462 1720 2506 existimant;
1739 2459 1844 2512 110011

199 2516 365 2552 11110103
389 2515 569 2553 Coelum
592 2515 745 2552 debitis
767 2514 953 2562 Organis
977 2515 1287 2562 introspiciunt,
1311 2527 1369 2553 an
1392 2516 1499 2553 tales
1522 2527 1677 2553 reuera
1700 2521 1844 2553 motus

1583 2574 1843 2615 apparentes
