2209 3213
362 231 436 268 336
852 223 933 261 DE
956 221 1180 260 MUNDI
1201 219 1502 258 AETHEREI

362 337 427 372 De
445 337 495 381 ijs
512 336 657 379 itaque
674 343 727 368 ne
745 330 928 367 uerbum
942 328 1118 375 quidem
1130 327 1302 370 addam,
1320 326 1556 373 praesertim
1567 337 1668 364 cum
1680 337 1732 364 ea
1744 337 1844 373 quae
1855 325 1997 364 Astro-

361 390 544 434 logicam
561 384 947 422 considerationem
963 392 1053 428 prae
1068 380 1107 417 se
1121 379 1277 423 ferunt,
1293 391 1364 417 me
1378 377 1538 417 intaeta
1549 377 1813 422 relicturum,
1830 379 1997 426 aliquo-

360 443 435 477 ties
452 440 645 476 dixerim.

412 493 521 529 Haec
545 502 647 527 vero
671 490 790 526 fuere
815 498 914 534 quae
938 487 989 524 de
1014 488 1077 528 iis,
1103 485 1261 532 quibus
1284 491 1407 523 vetus
1430 497 1555 523 meus
1578 486 1761 523 Amicus
1784 485 1998 523 Scultetus

360 546 703 582 Astronomicam
716 542 847 579 huius
860 541 1057 578 Cometae
1073 537 1387 583 tractationem,
1405 538 1614 585 exquifita
1630 538 1864 586 diligentia,
1881 538 1919 576 &
1935 540 1997 576 in·
2036 555 2051 579 5

359 598 508 635 defesso
525 597 672 633 labore
690 595 973 636 elucubrauit‚
991 592 1291 639 expendenda,
1309 591 1675 639 discutiendaque,
1696 603 1775 639 pro
1791 594 1998 639 temporis

359 650 578 688 occasione
600 648 706 685 mihi
724 650 768 684 in
785 652 977 684 mentem
992 650 1218 689 venerunt,
1241 645 1324 682 istis
1344 656 1445 692 quae
1461 647 1507 682 in
1523 647 1647 683 tertia
1662 645 1787 682 Parte
1803 644 1866 682 sui
1882 644 1999 682 Libri

358 703 617 749 Astrologice
640 702 691 738 de
713 699 933 738 effectibus
954 698 1083 745 ipsius
1104 697 1274 744 copiose
1294 697 1458 741 tractat,
1479 697 1590 735 nihil
1610 696 1930 741 subiuncturus
1952 697 1998 735 si-

359 757 533 803 quidem
549 756 591 792 id
609 755 661 792 ab
680 754 853 791 instituti
869 752 997 790 nostri
1014 751 1256 789 rationibus
1272 751 1469 789 alienum
1485 751 1552 789 est.

410 809 540 855 Quod
566 813 712 845 autem
738 808 783 844 in
808 805 1020 853 plerisque
1046 806 1135 842 iam
1161 806 1515 842 commemoratis
1540 804 1595 842 ab
1619 804 1695 842 illo
1720 815 1812 842 non
1841 815 1998 851 parum
2040 819 2070 844 io

358 863 603 905 dissentiam,
625 860 851 907 ipsumque
873 870 899 896 a
919 858 1060 904 Scopo
1081 860 1214 905 petito
1234 869 1560 905 nonnunquam
1580 859 1768 895 nimium
1789 857 1999 895 deflexisse

358 915 590 957 ostendam,
612 925 702 951 non
723 913 777 950 est
798 912 916 959 quod
931 911 1001 949 vel
1017 910 1103 958 ipse
1120 910 1347 954 Scultetus,
1368 911 1438 948 vel
1458 911 1672 958 quispiam
1692 910 1806 948 alius
1822 910 1998 958 suspiee-

357 974 436 1011 tur,
454 979 523 1005 me
540 966 668 1014 ipsius
684 965 950 1013 suggillandi,
968 964 1261 1011 eleuandique
1277 964 1414 1002 studio
1430 963 1639 1002 factitasse.
1657 964 1704 1002 Id
1721 966 1839 1001 enim
1852 966 2000 1001 minus

361 1022 452 1059 esset
472 1021 621 1058 sinceri
642 1021 791 1063 animi,
815 1030 894 1056 nec
914 1019 1132 1055 Amicitiae
1153 1019 1309 1055 veteris
1332 1019 1443 1055 inter
1465 1029 1546 1055 nos
1566 1017 1793 1055 vinculum
1816 1017 2000 1064 idipsum

360 1079 589 1121 pateretur.
607 1073 690 1111 Sed
706 1071 1081 1119 quemadmodum
1093 1082 1193 1108 cum
1206 1073 1252 1108 in
1264 1070 1318 1108 D.
1330 1070 1545 1108 Thaddaei
1557 1070 1743 1118 Hagecii
1760 1070 1852 1118 (qui
1869 1072 2001 1108 etiam
2042 1086 2072 1110 15

360 1127 598 1165 multorum
623 1137 843 1164 annorum
868 1126 1075 1162 Amicitia
1099 1124 1208 1161 mihi
1233 1122 1511 1162 iuntftissimus
1536 1123 1687 1170 existit)
1713 1123 2001 1171 expendendo

361 1181 525 1227 Scripto
555 1176 838 1229 oc-llcuparer,
867 1178 1038 1215 testatus
1062 1177 1168 1222 sum,
1198 1189 1268 1215 me
1297 1177 1434 1215 libero
1459 1178 1662 1215 Veritatis
1686 1176 2001 1224 patefaciendae
2025 1186 2090 1218 422

360 1235 524 1271 Amore
546 1233 640 1270 haec
660 1232 864 1279 proferre,
886 1242 966 1268 nec
981 1230 1069 1268 vlla
1085 1230 1335 1275 cauillandi,
1356 1236 1432 1269 aut
1453 1231 1720 1268 extenuandi
1735 1230 1925 1268 aliorum
1940 1230 2000 1268 la-

360 1288 486 1324 bores
502 1285 717 1333 propofito
734 1286 776 1322 id
792 1285 949 1323 facere:
967 1284 1020 1322 sic
1037 1286 1168 1322 etiam
1184 1295 1328 1331 neque
1344 1283 1415 1322 hic
1431 1284 1552 1322 aliud
1564 1284 1791 1332 quidpiam
1801 1282 2001 1331 spectaui,

361 1351 495 1387 quam
511 1345 554 1377 vt
569 1341 828 1386 penitiorem
844 1338 1094 1381 Veritatem,
1116 1337 1168 1375 de
1188 1343 1312 1375 motu
1329 1337 1367 1375 &
1382 1337 1461 1375 fitu
1479 1337 1611 1375 huius
1629 1337 1839 1381 Cometae‚
1856 1337 2001 1375 assere-
2040 1352 2074 1377 20

361 1404 469 1430 rem:
492 1393 542 1430 Et
558 1391 932 1439 quemadmodum
948 1391 1020 1428 ille
1037 1390 1220 1429 dicebat:
1242 1392 1426 1429 Amicus
1441 1390 1576 1436 Plato,
1593 1391 1776 1428 Amicus
1791 1390 2002 1434 Socrates,

361 1446 430 1483 sed
450 1448 587 1493 magis
607 1446 764 1483 Amica
784 1445 965 1482 Veritas.
991 1443 1324 1482 Excusationem
1346 1446 1493 1491 itaque
1516 1444 1642 1482 facile
1665 1444 1783 1491 apud
1802 1443 2003 1491 vtrosque

362 1499 442 1537 hos
454 1510 575 1536 meos
586 1499 765 1536 Amicos
781 1498 1028 1541 merebitur,
1046 1497 1163 1545 quod
1180 1498 1234 1536 ab
1250 1499 1303 1546 ijs
1318 1499 1365 1535 in
1380 1497 1595 1545 plerisque
1611 1497 1832 1541 dissentire,
1849 1508 1920 1535 me
1935 1507 2004 1535 res

362 1552 451 1600 ipsa
466 1557 600 1600 cogat.

415 1605 565 1652 Scripfi
578 1606 708 1643 etiam
720 1604 887 1642 dudum
898 1603 980 1642 hac
990 1604 1042 1641 de
1052 1615 1098 1641 re
1108 1603 1310 1649 Sculteto‚
1323 1615 1513 1651 eumque
1525 1604 1750 1647 admonui,
1763 1603 2003 1651 plurimum
2014 1618 2074 1649 †25

363 1659 494 1696 latere
515 1660 602 1706 vitij
629 1660 673 1695 in
697 1658 825 1705 ipsius
846 1657 1128 1702 Dedomenis,
1153 1658 1271 1704 quod
1294 1657 1366 1695 ille
1386 1657 1605 1696 beneuolo
1626 1658 1792 1695 Animo
1814 1656 2003 1704 suscepit,

364 1723 441 1749 nec
457 1711 497 1748 se
514 1712 695 1749 deuiasse
712 1710 998 1755 inficiabatur,
1015 1710 1085 1748 sed
1102 1711 1220 1758 quod
1236 1710 1392 1749 alienis
1409 1713 1523 1749 curis
1539 1716 1788 1758 occupatus,
1809 1721 1900 1748 non
1916 1721 2003 1747 me-

363 1765 473 1802 liora
492 1770 594 1802 tune
614 1766 821 1811 temporis
843 1764 1043 1802 meditari
1066 1766 1265 1811 potuerit,
1289 1765 1496 1812 quodque
1517 1764 1812 1802 Instrumentis
1834 1763 2004 1801 idoneis

364 1820 559 1861 caruerit,
583 1818 795 1855 asserebat.
819 1817 1064 1855 Praestitisset
1086 1819 1246 1864 itaque,
1269 1823 1312 1855 vt
1335 1829 1480 1864 exquo
1502 1817 1542 1855 se
1565 1822 1791 1864 tantopere
1814 1828 1841 1855 a
1863 1816 2004 1863 Scopo

361 1873 491 1917 petito
507 1871 716 1908 deflexisse
735 1870 987 1917 (praesertim
1003 1872 1048 1908 in
1065 1882 1117 1908 eo
1135 1871 1253 1917 quod
1268 1870 1549 1909 sublunarem
1564 1870 1708 1908 sedem
1725 1870 1923 1908 Cometae
1942 1874 2002 1907 at-
2041 1884 2075 1910 30

360 1924 522 1970 tribuit)
534 1924 711 1961 tandem
722 1924 819 1961 satis
831 1923 1024 1961 conscius
1037 1924 1142 1967 esset‚
1155 1930 1198 1961 vt
1211 1924 1325 1962 edito
1338 1924 1390 1962 de
1402 1924 1486 1962 hoc
1496 1924 1684 1962 Cometa
1692 1934 1812 1961 nouo
1823 1923 2002 1970 Scripto‚

361 1979 551 2023 priorem
568 1977 836 2015 Sententiam
852 1976 1115 2021 retraetasset‚
1137 1977 1514 2024 quemadmodum
1530 1977 1584 2015 D.
1601 1977 1854 2015 Thaddaeus
1869 1976 2003 2014 libere

363 2029 400 2066 &
416 2030 610 2073 candide,
628 2032 817 2076 priorem
834 2031 885 2067 de
902 2030 997 2073 hoc,
1015 2032 1162 2067 minus
1173 2030 1355 2068 Veritati
1367 2030 1604 2069 consonam
1616 2032 1885 2077 opinionem,
1897 2029 2003 2076 post-

362 2083 543 2120 modum
564 2085 800 2120 reuocauit.
823 2083 922 2120 Hac
941 2085 1058 2120 enim
1077 2085 1246 2122 ratione
1264 2084 1442 2122 Posteris
1457 2086 1605 2121 minus
1621 2082 1732 2122 rec'te
1749 2083 1802 2121 de
1817 2083 1902 2120 hoc
1918 2082 2003 2121 Co-

364 2140 479 2173 meta
500 2136 720 2173 iudicandi
741 2136 1010 2173 occafionem
1031 2137 1262 2181 ademisset;
1285 2137 1403 2184 quod
1423 2143 1467 2175 vt
1486 2137 1660 2185 posthac
1684 2148 1762 2183 per
1781 2137 2004 2183 oportuni·
2043 2150 2076 2175 35

362 2194 506 2278 {atem‚
519 2189 720 2226 Veritatis
736 2189 999 2227 stabiliendae
1017 2201 1130 2237 ergo,
1147 2190 1291 2228 adhuc
1302 2190 1503 2237 praestare
1516 2190 1719 2233 elaboret,
1736 2189 1798 2227 illi
1809 2189 2006 2227 hortator

381 2253 467 2278 um.

416 2294 554 2331 Video
571 2300 718 2332 autem
734 2306 804 2332 me
821 2297 866 2332 in
882 2294 965 2333 hoc
978 2295 1153 2333 Sculteti
1165 2296 1332 2344 Scripto
1347 2296 1598 2335 euoluendo
1615 2296 2004 2343 expendendoque,

364 2347 509 2393 paulo,
532 2359 665 2394 quam
687 2348 1000 2393 constitueram,
1022 2349 1305 2396 prolixiorem
1325 2349 1457 2392 fuisse;
1479 2350 1610 2397 idque
1632 2361 1685 2387 eo
1707 2348 1911 2386 libentius
1932 2349 2004 2386 ad-

364 2400 467 2443 misi,
492 2412 546 2437 ne
570 2400 700 2438 huius
723 2406 812 2438 tam
836 2402 1084 2439 excellentis
1108 2402 1412 2441 Mathematici
1435 2403 1705 2446 AuthoritaS,
1729 2402 1783 2440 ob
1806 2403 2004 2449 praeemi-
2043 2415 2076 2440 40

365 2458 541 2490 nentem
557 2455 601 2490 in
618 2453 729 2491 hisce
747 2454 943 2502 Scientijs
960 2457 1265 2502 cognitionem,
1287 2456 1384 2494 aliis
1404 2456 1691 2504 persuaderet,
1713 2467 1805 2493 rem
1826 2466 2005 2493 omnem

366 2518 453 2552 quo
468 2506 521 2543 ad
537 2512 718 2544 cometae
732 2507 1052 2545 Elementarem
1069 2508 1204 2550 situm.
1222 2511 1280 2546 ita
1296 2509 1469 2556 prorsus
1485 2509 1524 2547 se
1541 2509 1715 2553 habere,
1732 2514 1860 2556 prout
1876 2508 2005 2555 ipfius

1707 2561 2004 2600 conclusiones
