2209 3213
131 801 161 826 10

131 1066 161 1091 15

109 1166 174 1197 440

141 1216 161 1247 ’ξ’

129 1335 163 1361 20

131 1601 164 1627 25

132 1867 166 1893 30

134 2133 168 2158 35

136 2398 169 2424 40

517 205 1043 244 RECENTIORIBUS
1064 203 1522 243 PHAENOMENIS
1765 203 1841 240 349

251 312 399 349 Asserit
415 312 622 355 Primum,
645 311 878 349 Cometam
894 311 1012 349 hunc
1028 311 1278 349 inordinato
1294 312 1445 352 motui,
1467 309 1842 356 quemadmodum

198 365 399 403 Meteora
424 366 469 402 in
494 364 760 402 Elementari
782 364 972 412 Regione
997 364 1290 407 discurrentia,
1317 374 1417 410 quae
1442 374 1560 400 nunc
1585 367 1698 405 ante,
1725 373 1842 399 nunc

197 423 324 462 retro,
345 417 615 455 dextrorsum
630 417 699 454 vel
715 417 1006 461 sinistrorsum,
1027 417 1192 455 sursum
1208 428 1258 454 ac
1275 415 1476 454 deorsum
1494 415 1704 459 feruntur,
1726 414 1841 452 fuisse

198 471 453 515 obnoxium,
482 470 673 517 talesque
698 470 1035 517 irregularitates
1060 470 1122 507 illi
1148 469 1380 507 attribuere
1405 481 1496 506 non
1521 474 1706 511 veretur,
1733 480 1842 515 quas

196 529 345 562 tamen
360 535 657 571 nequaquam,
673 523 763 570 ipsa
775 523 1054 570 Experientia
1069 523 1180 565 teste,
1197 522 1380 566 admifit;
1398 521 1773 569 quemadmodum
1790 533 1843 559 ex

197 579 262 621 iis,
279 588 379 624 quae
395 578 441 614 in
457 578 600 624 priore
617 575 749 613 huius
762 576 878 613 Libri
894 582 1015 623 parte
1028 588 1050 614 e
1063 578 1187 613 certis
1200 575 1589 614 Obseruationibus
1601 575 1844 612 luculenter

197 642 224 668 a
235 630 361 668 nobis
373 629 678 667 Demonstrata
689 628 796 673 sunt,
808 629 906 667 satis
918 629 1131 676 superque
1143 629 1290 675 liquet,
1305 639 1448 675 neque
1460 628 1502 666 id
1514 628 1716 665 vlteriore
1728 639 1842 665 com-

197 683 455 731 probatione
471 682 649 730 indiget;
666 693 742 729 per
759 693 811 720 ea
827 684 958 726 enim,
976 694 1076 729 quae
1093 682 1179 719 illic
1196 686 1488 728 exponuntur,
1505 680 1620 718 hanc
1637 682 1842 719 asseuera-

198 738 363 774 tionem
388 736 440 774 de
465 735 590 773 cursu
613 735 812 773 Cometae
835 747 946 783 vago
970 735 1008 773 &
1031 735 1300 777 inconstanti,
1327 733 1587 772 sufficienter
1611 734 1844 772 refutatam

198 790 274 827 esse
290 789 486 827 arbitror.

250 841 417 880 Tranfit
432 841 707 889 postmodum
723 841 778 879 ad
794 841 1170 889 inuestigationem
1182 840 1282 878 situs
1294 840 1426 878 huius
1439 839 1738 883 Phaenomeni,
1756 851 1844 887 quo

198 895 253 933 ad
267 894 429 933 Mundi
444 894 719 937 diametrum,
736 899 780 932 vt
796 894 988 932 constare
1004 895 1133 941 possit‚
1150 893 1481 936 AEthereumne,
1499 904 1557 931 an
1569 893 1844 931 Elementare

198 948 241 986 id
261 947 401 991 fuerit,
425 952 726 995 quantamque
747 946 941 995 aspectus
963 947 1267 990 diuerfitatem,
1291 947 1329 984 &
1352 948 1642 984 remotionem
1663 958 1689 984 a
1710 946 1846 984 Terra

198 1001 448 1045 obtinuerit;
467 1003 513 1038 in
529 1012 617 1048 quo
634 1001 812 1048 quidem
828 1002 1015 1048 negotio,
1032 1002 1256 1048 praecipua
1272 1011 1372 1047 pars
1389 1011 1555 1042 eorum,
1573 1011 1673 1047 quae
1690 1000 1742 1037 de
1760 999 1844 1038 Co-

197 1056 324 1092 metis
346 1054 624 1101 disquirenda
646 1056 840 1096 veniunt.
864 1054 1262 1101 comprehenditur.
1285 1053 1451 1091 Verum
1475 1064 1608 1099 quam
1633 1054 1843 1100 imperite,

199 1107 237 1146 &
252 1109 615 1145 inconuenienter
631 1106 715 1145 hoc
731 1107 871 1154 ipsum
887 1106 1095 1151 absoluat,
1111 1107 1245 1144 modo
1261 1106 1516 1144 videbimus.
1534 1102 1548 1155 ΙΙ

251 1160 306 1198 Vt
322 1160 480 1198 astruat
492 1160 725 1199 Cometam
741 1160 859 1198 hunc
875 1159 1156 1198 sublunarem
1169 1159 1297 1202 fuisse,
1314 1159 1486 1197 duobus
1498 1159 1757 1206 potissimum
1768 1161 1845 1196 vti-

198 1219 267 1252 tur
278 1214 573 1262 Argumentis,
590 1225 780 1261 quorum
791 1215 982 1260 primum
995 1225 1048 1251 ex
1059 1213 1286 1251 Aristotele
1299 1212 1388 1250 Lib.
1401 1212 1437 1250 2.
1451 1212 1559 1259 Cap.
1573 1212 1625 1249 10.
1638 1212 1690 1250 de
1704 1212 1845 1255 Coelo,

198 1267 385 1305 alterum
401 1278 424 1305 e
440 1265 653 1305 Doctrina
666 1266 964 1305 Parallaxium
979 1266 1020 1304 se
1037 1266 1212 1304 haufisse
1230 1265 1368 1304 refert.
1387 1265 1534 1303 Habet
1550 1270 1698 1303 autem
1714 1264 1754 1303 se
1770 1277 1845 1303 an-

200 1322 333 1358 terius
349 1322 395 1357 in
410 1319 529 1358 hunc
545 1320 744 1358 modum:

255 1372 403 1413 Omne
425 1374 773 1412 Phaenomenon
797 1374 920 1422 quod
939 1384 1031 1411 non
1058 1375 1151 1411 tam
1172 1370 1379 1421 perfec‘te
1402 1372 1448 1411 dtr
1469 1371 1694 1411 uelociter
1719 1374 1846 1411 motu

200 1426 366 1466 diurno
380 1425 564 1466 moueri
572 1424 728 1475 potest,
740 1424 856 1475 sicut
869 1427 1014 1472 Luna,
1031 1426 1080 1464 id
1093 1425 1183 1465 erit
1191 1424 1277 1475 sub
1294 1425 1494 1475 Sphaera
1511 1426 1669 1463 Lunae.

253 1480 355 1519 Hoc
370 1477 569 1528 nostrum
585 1480 934 1519 Phaenomenon
951 1490 1043 1518 non
1062 1482 1156 1518 tam
1177 1478 1402 1518 uelociter
1416 1476 1676 1527 &perfecte
1691 1489 1845 1517 moue-

202 1535 278 1572 tur
290 1535 417 1572 motu
434 1532 610 1578 diurno,
622 1531 737 1581 ficut
751 1534 896 1571 Luna.

254 1587 394 1636 Ergo,
415 1587 504 1625 hoc
519 1587 801 1625 Phaenomen
809 1597 867 1625 on
882 1585 967 1635 sub
985 1585 1184 1635 Sphaera
1201 1584 1380 1624 Lunari
1393 1584 1440 1623 in
1456 1584 1747 1623 Elementari
1760 1585 1847 1623 Re-

198 1639 342 1690 gione
357 1639 678 1678 collocandum
695 1638 794 1678 erit.

255 1693 305 1731 In
327 1692 411 1730 hoc
430 1693 704 1740 Argumento
727 1695 869 1731 maior
891 1692 1124 1740 propofitio
1145 1692 1431 1739 aliquomodo
1452 1691 1690 1729 tolerabilis
1712 1691 1778 1729 est.
1802 1691 1849 1729 Id

202 1748 321 1784 enim
342 1748 387 1784 in
408 1746 689 1784 Planetarum
710 1746 958 1784 circuitibus
980 1747 1038 1784 ita
1058 1745 1098 1783 se
1119 1745 1262 1789 habet,
1283 1750 1326 1782 vt
1347 1756 1436 1792 quo
1453 1745 1750 1782 Firmamento
1771 1744 1850 1782 fint

202 1801 440 1848 propiores,
452 1811 504 1837 eo
516 1799 681 1837 tardius
693 1801 831 1837 motui
843 1801 986 1846 primo
996 1801 1356 1841 contranitantur,
1368 1810 1456 1845 quo
1466 1810 1570 1836 vero
1581 1800 1849 1841 remotiores,

203 1864 256 1891 eo
277 1852 472 1891 celerius.
495 1853 647 1890 Minor
667 1864 784 1895 vero,
806 1854 912 1890 citra
932 1863 1064 1890 omne
1086 1852 1280 1894 dubium,
1297 1852 1479 1889 Veritati
1499 1851 1537 1889 &
1558 1849 1850 1899 Experientiae

203 1906 457 1954 apertissime
479 1908 779 1944 contrariatur.
806 1906 1052 1953 Nunquam
1077 1907 1195 1943 enirn
1220 1905 1299 1943 fuit
1325 1904 1458 1943 huius
1482 1904 1851 1942 Cometae'cursus

203 1961 405 2007 proprius
416 1959 528 1997 adeo
540 1959 665 2001 celer.
677 1964 720 1996 vt
733 1959 871 1997 Lunae
881 1961 960 1996 iter
970 1959 1178 1997 diurnum
1187 1959 1443 2005 adaequarit,
1455 1958 1619 1995 nedum
1629 1958 1850 2005 superarit.

204 2012 273 2051 Ab
289 2014 413 2050 initio
430 2012 652 2059 liquidem,
670 2012 850 2059 quando
867 2012 1213 2050 concitatissimus
1229 2011 1320 2055 fuit,
1340 2023 1431 2049 non
1445 2011 1585 2049 multo
1601 2011 1699 2058 plus
1716 2023 1851 2058 quam

204 2065 328 2104 senos
351 2065 522 2113 gradus,
548 2065 684 2113 spatio
706 2067 836 2103 vnius
859 2066 944 2103 diei
967 2065 1192 2109 naturalis,
1218 2064 1482 2108 absoluebat,
1507 2064 1740 2111 posteaque
1763 2064 1850 2102 suc-

206 2120 354 2157 cessiue
379 2119 542 2157 tardior
566 2119 843 2163 reddebatur;
874 2119 998 2162 adeo,
1024 2124 1067 2156 vt
1092 2120 1137 2156 in
1161 2120 1376 2165 principio
1402 2118 1657 2155 Decembris
1682 2123 1852 2156 motum

206 2172 414 2210 diurnum
438 2174 666 2219 proprium
692 2172 926 2209 obtinuerit
950 2171 1100 2209 saltem
1129 2172 1246 2219 grad.
1273 2172 1321 2214 Ιὲ,
1352 2173 1466 2209 circa
1495 2173 1619 2209 initia
1644 2171 1851 2215 Ianuarii,

205 2225 325 2273 quafi
344 2225 512 2263 dimidii
532 2226 704 2273 gradus.
726 2225 775 2262 In
792 2225 944 2262 vltima
959 2236 1064 2262 vero
1080 2226 1354 2272 apparitione
1371 2226 1493 2262 iuxta
1509 2224 1643 2262 finem
1661 2224 1852 2262 eiusdem

206 2278 412 2323 Ianuarii,
429 2278 736 2316 tantummodo
753 2284 921 2325 quartae
937 2280 1070 2325 partis
1082 2280 1223 2322 vnius,
1240 2278 1374 2316 veluti
1388 2277 1484 2315 haec
1497 2289 1549 2315 ex
1562 2278 1851 2325 Ephemeride

206 2331 360 2375 nostra,
382 2332 437 2370 ad
453 2331 588 2369 finem
605 2331 772 2379 Capitis
789 2331 942 2377 Quinti
961 2331 1166 2379 apposita,
1188 2343 1288 2378 quae
1307 2333 1432 2369 certis
1450 2330 1851 2371 Obseruationibus.

206 2390 250 2423 vt
260 2387 306 2423 in
317 2385 674 2423 antecedentibus
687 2385 915 2432 Capitibus
927 2384 1283 2423 Demonstratum
1294 2384 1565 2431 reliquimus,
1583 2386 1744 2428 nititur,
1761 2395 1851 2421 ma-

206 2437 356 2476 nifesta
376 2438 582 2476 euadunt.
605 2438 810 2485 Cumque
831 2438 1015 2484 aequalis
1033 2438 1171 2475 Lunae
1188 2437 1335 2475 cursus
1352 2440 1397 2475 in
1413 2448 1501 2475 vno
1518 2438 1587 2475 die
1603 2437 1649 2474 fit
1665 2443 1771 2484 part.
1789 2437 1853 2474 132¹.

206 2491 361 2529 scilicet
380 2491 514 2538 paulo
533 2491 631 2538 plus
647 2491 781 2539 duplo
798 2492 940 2528 maior
956 2502 1090 2538 quam
1107 2491 1306 2529 Cometae
1323 2493 1455 2528 etiam
1470 2490 1728 2534 velocissimi‚
1752 2501 1851 2527 con-

1663 2542 1853 2589 sequitur
