2209 3213
338 229 413 266 286
830 221 912 258 DE
933 217 1158 257 MUNDI
1180 213 1479 252 AETHEREI

339 334 374 370 &
393 334 621 370 Cometam
643 329 758 366 hunc
778 326 949 373 prorsus
965 324 1223 362 AEthereum
1239 322 1366 363 fuisse,
1388 319 1604 358 reclissime
1626 316 1848 356 nobiscum
1870 323 1971 356 atte-

338 388 500 483 ssagi'iae
522 438 647 483 igitur
664 433 873 472 CAPITE
890 430 1124 478 QVARTo
1145 429 1272 467 infert
1291 429 1343 466 de
1360 427 1602 466 discrimine
1618 427 1710 465 veri
1731 427 1814 465 ioci
1832 429 1869 466 ει
1885 428 1972 471 vifi,

338 491 483 529 frustra
513 490 565 527 ab
596 500 647 525 eo
673 487 965 527 adducuntur2
996 484 1220 531 Siquidem
1245 482 1495 520 Parallaxin
1524 487 1691 520 tantam
1722 494 1813 520 non
1844 482 1972 525 fuisse,

337 549 545 591 quantam
567 541 637 578 ille
658 539 980 587 praesupposuit,
1004 537 1136 575 modo
1158 549 1210 574 ex
1231 536 1360 583 ipfius
1380 537 1567 584 proprijs
1587 536 1697 573 datis
1717 541 1864 583 aperte
1885 536 1971 573 De·
2012 538 2026 562 5

337 596 682 634 monstrauimus.
706 594 805 630 Erat
827 593 941 629 enim
966 603 1017 628 ea
1038 602 1149 637 pene
1171 589 1435 631 insenfibilis.
1456 589 1643 636 ideoque
1659 600 1789 626 verus
1810 589 1932 626 locus
1948 600 1975 626 a

336 650 423 686 viso
447 648 687 686 discrimine
711 646 895 683 alicuius
918 645 1129 681 momenti
1153 655 1243 681 non
1266 642 1503 680 differebat.
1530 642 1808 689 Quapropter
1831 642 1883 679 de
1906 641 1974 679 his

336 703 575 749 longiorem
588 700 1053 738 commemorationem
1064 702 1300 743 pertexere,
1314 696 1690 743 superuacaneum
1702 695 1826 733 duco.
1840 695 1886 733 Id
1897 695 1973 733 sal-

336 762 421 793 tem
442 754 655 795 indicabo,
677 752 822 790 locum
843 751 979 792 illum,
1002 762 1133 797 quem
1152 762 1228 797 per
1244 749 1488 787 distantiam
1504 761 1530 786 a
1546 749 1662 786 Fixis
1678 748 1832 791 stellis,
1853 750 1976 786 iuxta

336 809 562 854 septimum
584 806 621 843 &
643 804 847 844 octauum
868 804 1097 842 Problema
1118 803 1453 850 Regiomontani
1475 803 1526 840 de
1549 802 1756 845 Cometis‚
1780 802 1835 839 ad
1858 802 1974 840 diem

336 861 479 898 XXVI
501 859 767 897 Nouembris
787 858 827 895 se
848 857 1104 904 inquifiuisse
1127 856 1266 899 refert,
1291 868 1381 894 non
1402 856 1668 894 concordare
1690 867 1790 893 curn
1811 866 1863 892 eo
1884 855 1974 899 situ,

337 916 410 960 qui
424 925 475 951 ex
487 913 702 959 Tempore
716 911 753 948 &
765 911 1006 949 Altitudine
1019 915 1148 957 atque
1161 909 1422 953 Azimuthis,
1435 911 1557 947 iuxta
1568 909 1669 947 data
1681 908 1975 946 antecedentis

338 968 514 1013 Capitis,
539 965 694 1003 eodem
714 965 795 1008 die,
818 964 995 1001 elicitur.
1020 964 1139 1001 Nam
1159 963 1260 1001 inde
1281 963 1472 1010 sequitur
1493 962 1553 1008 (vt
1573 963 1693 1008 prius
1714 963 1845 999 etiam
1866 961 1974 999 indi-

338 1019 553 1064 cauimus)
570 1018 815 1066 Longitudo
828 1017 1025 1055 Cometae
1043 1017 1258 1064 completo
1275 1018 1364 1054 iam
1380 1017 1404 1054 8
1420 1015 1557 1063 gradu
1569 1015 1687 1063 Signi
1703 1024 1761 1058 m,
1778 1026 1879 1053 cum
1894 1015 1974 1052 La-

340 1073 520 1111 titudine
543 1072 596 1110 G.
613 1072 675 1109 22.
693 1071 755 1108 M.
773 1071 834 1113 43,
856 1072 901 1108 in
921 1072 1063 1116 prima
1080 1069 1411 1112 Obseruatione;
1432 1071 1477 1106 in
1498 1068 1719 1116 posteriori
1739 1080 1844 1106 vero
1866 1068 1920 1106 G.
1937 1068 1973 1106 8.

341 1127 403 1164 M.
420 1127 504 1167 263,
526 1137 625 1163 cum
645 1124 891 1162 Latitudine
909 1123 963 1161 G.
980 1123 1042 1161 22.
1060 1123 1123 1160 M.
1140 1124 1207 1167 45;
1228 1123 1359 1170 idque
1380 1123 1409 1160 fi
1430 1122 1688 1160 adhibeatur
1704 1133 1833 1159 verus
1852 1121 1975 1159 locus

340 1179 451 1217 Solis
472 1191 493 1216 e
515 1178 767 1216 certioribus
788 1176 1176 1215 Obseruationibus
1196 1176 1432 1220 deriuatus,
1454 1177 1529 1223 qui
1548 1181 1651 1213 tunc
1672 1180 1762 1213 erat
1782 1177 1828 1212 in
1849 1175 1903 1213 G.
1920 1175 1973 1212 14.

340 1233 402 1270 M.
419 1233 470 1270 29
492 1236 547 1274 ,(Ἱ.
569 1231 641 1268 Ast
661 1242 777 1268 nunc
794 1230 1130 1277 Longitudinem
1148 1229 1247 1268 facit
1265 1241 1317 1267 ex
1334 1230 1539 1277 distantijs
1556 1228 1789 1267 Stellarum
1804 1230 1850 1266 in
1867 1228 1921 1266 G.
1938 1229 1974 1266 7.

340 1286 402 1323 M.
420 1285 470 1323 37
490 1294 547 1327 m,
569 1296 656 1322 vna
676 1296 776 1321 cum
792 1283 1038 1321 Latitudine
1054 1283 1097 1321 P.
1114 1283 1176 1321 22.
1194 1283 1257 1321 M.
1274 1284 1337 1327 49,
1358 1285 1404 1321 in
1422 1295 1510 1330 qua
1528 1294 1620 1320 non
1636 1282 1690 1320 est
1705 1283 1853 1329 magni
1868 1293 1974 1329 pon-

340 1339 452 1376 deris
472 1337 726 1379 differentia,
750 1337 819 1374 sed
840 1339 885 1374 in
901 1336 1190 1384 Longitudine
1206 1337 1434 1384 vtrobique
1455 1338 1609 1380 nimia;
1631 1347 1731 1383 quae
1752 1337 1882 1373 etiam
1901 1346 1977 1382 per

340 1392 439 1429 situs
455 1392 660 1429 Fixarum
680 1392 826 1428 minus
847 1388 957 1428 reae
978 1389 1308 1437 praesuppofitos
1329 1401 1420 1428 non
1440 1390 1538 1428 [atis
1555 1389 1748 1427 excusari
1768 1388 1912 1435 potest,
1933 1393 1977 1426 vt

341 1457 392 1482 ex
409 1447 472 1487 iis,
490 1456 588 1491 quae
605 1444 743 1490 supra,
761 1455 860 1480 cum
877 1442 1009 1480 huius
1025 1442 1110 1481 diei
1124 1443 1462 1481 Obseruationes
1475 1443 1531 1481 ad
1545 1442 1733 1480 restituta
1744 1441 1977 1480 Stellarum

340 1498 435 1535 loca
452 1493 789 1546 expende-utem,
807 1496 980 1539 ostendi,
998 1496 1096 1534 satis
1112 1496 1259 1543 liquet.
1281 1497 1400 1534 Nam
1416 1496 1514 1534 licet
1529 1502 1632 1534 tunc
1647 1495 1782 1542 paulo
1798 1497 1977 1542 propius

340 1553 384 1588 in
400 1550 688 1598 Longitudine
705 1550 932 1593 acceditur,
949 1554 1097 1587 tamen
1114 1561 1166 1588 eo
1183 1551 1325 1587 maior
1341 1549 1398 1594 fit,
1417 1561 1504 1597 quo
1521 1550 1577 1588 ad
1593 1548 1899 1592 Latitudinem,
1917 1548 1977 1586 di-

339 1605 494 1650 gressio.
519 1603 655 1641 Nulla
671 1615 774 1641 vero
796 1614 848 1640 ex
870 1602 937 1640 his
958 1603 1321 1650 Longitudinibus
1341 1603 1530 1641 nostram
1550 1601 1977 1641 animaduersionem

340 1657 436 1694 satis
452 1659 629 1704 attingit,
647 1668 735 1703 qua
747 1656 979 1694 Cometam
994 1661 1097 1693 tunc
1113 1657 1229 1703 grad.
1242 1657 1289 1695 9³5⁷
1305 1666 1346 1693 m
1363 1656 1584 1694 obtinuisse
1596 1655 1977 1702 deprehendimus,

341 1712 408 1747 cui
422 1712 551 1747 etiam
564 1711 897 1756 quamproxime
909 1710 1073 1747 accedit
1085 1709 1295 1748 Moestlini
1307 1712 1546 1748 annotatio.
1565 1708 1615 1747 Et
1627 1709 1823 1747 distantia
1834 1707 1977 1746 Thad-

341 1763 425 1801 daei
437 1775 461 1801 a
474 1763 636 1801 Lucida
648 1762 855 1805 Vulturis,
872 1762 1067 1800 adhibita
1079 1763 1277 1801 Cometae
1289 1765 1373 1807 via,
1391 1763 1623 1810 Stellaeque
1634 1774 1740 1800 vero
1756 1762 1853 1799 loco
1869 1773 1977 1809 prae-

341 1816 565 1863 supposito,
582 1828 673 1853 non
689 1816 876 1853 multum
893 1816 946 1853 ab
963 1815 1045 1853 hac
1063 1817 1339 1864 assignatione
1356 1816 1510 1854 deficit.
1528 1816 1611 1854 Sed
1625 1815 1696 1853 hae
1708 1815 1977 1853 disconueni-

342 1871 481 1911 entiae,
498 1869 569 1907 vbi
585 1869 870 1906 Instrumenta
890 1870 994 1907 citra
1015 1881 1193 1907 omnem
1213 1869 1433 1908 fallaciam
1452 1872 1529 1907 rite
1548 1868 1808 1917 peragendae
1826 1868 1976 1907 Obser-

342 1923 509 1959 uationi
525 1921 791 1963 sufficientia,
808 1922 863 1960 ad
879 1933 1037 1960 manus
1054 1935 1144 1960 non
1160 1923 1267 1967 sunt,
1287 1923 1409 1961 suam
1425 1923 1550 1961 facile
1566 1927 1789 1960 merentur
1805 1921 1976 1959 excusa-

341 1977 517 2012 tionem.

395 2027 603 2065 CAPITE
618 2026 859 2074 QVINTO,
876 2027 944 2065 De
958 2028 1154 2067 Cometae
1171 2029 1304 2067 huius
1319 2028 1703 2077 significationibus
1714 2028 1977 2076 Astrologice

343 2080 463 2118 suam
473 2080 739 2118 Sententiam
751 2082 938 2127 exponit,
952 2081 1109 2127 quibus
1120 2082 1230 2120 nihil
1241 2082 1511 2130 subiungam‚
1524 2084 1737 2129 quoniam
1747 2081 1978 2129 aliquoties

342 2133 442 2175 dixi,
463 2145 533 2170 me
551 2145 641 2170 non
658 2133 933 2180 Astrologica,
954 2134 1023 2172 sed
1040 2135 1342 2174 Astronomica
1357 2135 1664 2174 tantummodo
1680 2133 1976 2173 tractaturum.

343 2186 556 2232 Relinquo
577 2188 721 2232 itaque
743 2188 976 2233 vnicuique
997 2187 1079 2225 hac
1101 2190 1145 2226 in
1165 2194 1286 2235 parte
1306 2189 1431 2227 suum
1452 2189 1675 2230 iudicium,
1699 2199 1779 2225 nec
1802 2200 1854 2226 ex
1877 2199 1977 2225 meo

342 2239 566 2285 quidpiam
582 2238 649 2276 his
665 2239 898 2276 admiscere
914 2239 1032 2282 volo:
1050 2241 1258 2288 fiquidem
1274 2242 1370 2280 haec
1387 2244 1512 2280 certis
1523 2240 1978 2279 Demonstrationibus

342 2303 431 2328 non
454 2296 612 2339 patent,
633 2291 702 2329 sed
723 2293 841 2329 varie
861 2303 940 2338 pro
962 2294 1149 2332 cuiusuis
1171 2295 1350 2343 Ingenio
1367 2295 1405 2332 8(
1422 2295 1656 2342 Opinione,
1680 2305 1797 2332 nunc
1818 2296 1863 2331 in
1883 2293 1977 2337 has,

342 2356 457 2382 nunc
474 2346 518 2381 in
535 2344 632 2381 illas
648 2349 802 2391 partes,
819 2344 932 2382 trahi
949 2347 1124 2392 possunt.

394 2398 538 2444 Atque
559 2396 654 2434 haec
674 2397 780 2439 sunt,
803 2409 902 2444 quae
924 2398 975 2436 de
996 2401 1060 2441 iis.
1083 2400 1240 2445 quibus
1256 2400 1340 2438 hoc
1356 2401 1482 2439 suurn
1498 2400 1714 2448 Scriptum
1731 2401 1876 2447 quinis
1893 2399 1976 2437 Ca-

341 2450 498 2496 pitibus
515 2449 875 2496 comprehensum
892 2450 1073 2490 absoluit
1088 2452 1352 2497 Thaddaeus,
1369 2456 1414 2492 in
1430 2454 1625 2492 medium
1639 2453 1831 2501 proferre
1843 2452 1976 2490 volui.

342 2502 544 2540 Existimo
561 2507 719 2543 autem.
737 2514 806 2539 me
823 2503 919 2540 satis
937 2504 1162 2548 ostendisse,
1181 2506 1222 2543 id
1235 2507 1353 2553 quod
1365 2508 1623 2554 potissimum
1635 2506 1977 2544 consideratione

1797 2559 1978 2607 dignum

2016 803 2045 828 10

2016 1069 2045 1094 15

2015 1338 2048 1363 20

2001 1492 2065 1524 355

2016 1605 2048 1630 25

2016 1870 2049 1896 30

2015 2140 2048 2165 35

2015 2408 2049 2434 40
