2209 3213
145 822 175 847 10

124 975 188 1007 409

145 1088 174 1113 15

141 1354 175 1379 20

140 1622 174 1647 25

139 1888 173 1913 30

139 2154 172 2179 35

139 2420 172 2445 40

533 222 1055 261 RECENTIORIBUS
1076 221 1534 260 PHAENOMENIS
1781 221 1858 259 325

266 330 359 367 Per
374 328 623 378 Trigonum
635 329 820 366 Nonum
837 328 883 367 d}-
897 328 1128 373 Vltimum,
1145 329 1311 366 Arcum
1328 328 1507 366 Zodiaci
1523 330 1634 365 inter
1649 339 1803 365 verum
1820 327 1858 365 8(

213 387 499 430 apparentem
509 381 668 425 locum,
686 381 1075 429 definitionemque
1087 383 1179 419 veri
1192 381 1276 419 loci
1289 381 1499 424 Cometae,
1517 380 1707 428 respectu
1720 381 1856 428 Eclip-

213 438 321 480 ticae,
339 447 427 482 quo
443 435 499 473 ad
515 435 716 482 Longum
731 434 768 472 8(
782 435 952 478 Latum,
969 434 1205 482 inuestigat.
1224 434 1364 472 Efficit
1380 440 1528 472 autem
1545 434 1741 472 absoluta
1757 446 1857 482 ope-

213 491 382 527 ratione
408 488 704 526 Latitudinem
728 499 879 525 veram
905 488 960 526 G.
984 488 1046 525 32.
1074 488 1136 525 M.
1160 488 1246 531 20&
1273 487 1310 525 8(
1335 488 1673 535 Longitudinem
1698 490 1859 535 pariter

212 553 364 580 veram
380 543 426 579 in
443 541 497 579 G.
515 541 568 579 15.
586 540 649 578 M.
666 541 717 578 44
740 543 777 584 )(
788 571 796 578 .
813 541 1064 579 Parallaxin
1081 543 1199 579 enim
1215 541 1518 589 Longitudinis
1534 541 1671 579 reddit
1687 541 1804 588 grad.
1820 541 1857 578 4.

211 597 316 633 min.
329 595 392 639 59,
408 595 662 641 assumitque
678 594 825 631 locum
836 594 975 631 visum
987 594 1198 638 Cometae‚
1216 606 1307 632 non
1321 594 1498 641 qualem
1514 596 1560 631 in
1576 594 1858 632 antecedente

211 648 416 696 Trigono,
434 659 487 685 ex
503 648 690 685 assumtis
701 647 974 685 Dedomenis
990 647 1217 695 colligebat
1234 648 1369 694 (quod
1385 648 1546 685 indicio
1561 647 1627 690 est,
1644 647 1783 695 ipsum
1795 649 1857 685 in-

212 703 423 745 uentioni‚
450 712 550 748 quae
574 701 794 748 praemissis
817 700 1018 748 Trigonis
1041 701 1270 744 nitebatur,
1296 706 1508 747 tanquam
1532 702 1662 738 irritae
1685 700 1858 747 prorsus

212 754 425 801 diffidere)
449 754 518 792 sed
542 765 674 801 quem
696 755 743 791 in
764 753 946 791 Tabella
968 755 1124 801 prioris
1148 754 1295 797 Partis,
1320 765 1373 791 ex
1395 759 1519 791 motu
1541 754 1858 801 proportionali

212 820 291 856 pro
307 808 428 846 libito
445 807 660 851 ordinato,
677 807 963 844 constituerat.
983 807 1033 844 Et
1049 806 1147 844 licet
1163 807 1456 850 admittamus,
1478 806 1573 844 haec
1589 809 1648 844 ita
1664 807 1704 844 se
1720 806 1857 845 habu-

213 862 292 905 isse,
309 866 352 899 vt
367 873 497 899 verus
512 866 658 898 motus
674 860 727 898 ab
744 865 982 908 apparente
998 865 1089 897 tam
1105 859 1318 897 difformis
1334 859 1461 897 fuerit
1481 860 1622 906 (cuius
1638 865 1786 898 tamen
1802 872 1857 898 ne

212 915 435 962 vestigium
452 914 630 962 quidem
646 916 759 952 circa
771 913 992 952 Calendas
1009 913 1216 960 Ianuarij‚
1234 913 1288 951 ob
1305 915 1490 950 nimiam
1502 913 1700 951 Cometae
1717 924 1856 951 remo-

212 970 389 1012 tionem,
411 967 630 1015 apparuit)
650 967 687 1005 &
706 967 957 1006 Parallaxin
976 969 1022 1004 in
1043 966 1221 1004 Circulo
1238 963 1252 1016 ΙΙ
1269 966 1523 1004 Altitudinis
1543 966 1857 1011 admiserimus,

212 1026 424 1069 quantam
448 1021 662 1059 Scultetus
685 1020 1009 1068 praesupposuit,
1032 1019 1231 1057 videlicet
1254 1020 1370 1067 grad.
1394 1020 1430 1057 5.
1455 1020 1518 1057 M.
1541 1019 1604 1063 22,
1628 1019 1759 1067 idque
1782 1031 1858 1067 per

213 1075 577 1114 obseruationem
593 1074 828 1112 secundam
844 1076 889 1112 in
906 1073 1155 1111 eleuatione
1167 1072 1366 1111 Cometae
1378 1072 1428 1110 29
1440 1075 1638 1120 proxime
1650 1075 1856 1119 partium:

212 1128 501 1167 nihilominus
523 1127 658 1176 paulo
681 1127 851 1166 diuersa
873 1128 928 1166 ab
951 1127 1028 1164 illo
1050 1126 1331 1164 Parallaxeos
1354 1128 1399 1163 in
1420 1126 1621 1173 Longum
1642 1126 1679 1163 8(
1700 1126 1856 1164 Latum

212 1182 448 1220 distributio
471 1181 670 1229 prodibit.
694 1181 773 1219 Per
794 1182 930 1219 aliam
950 1182 1069 1218 enim
1090 1180 1315 1227 quandam
1340 1181 1719 1217 ratiocinationem
1743 1179 1857 1217 hanc

211 1235 433 1279 serutatuS,
459 1233 729 1282 deprehendi
754 1247 807 1272 ex
831 1232 1039 1282 praedieta
1063 1233 1193 1281 ipfius
1217 1233 1436 1271 Parallaxi
1461 1232 1715 1270 Altitudinis
1741 1232 1795 1270 G.
1820 1234 1855 1270 5.

212 1288 275 1327 M.
289 1288 351 1332 22,
368 1289 546 1326 assumto
559 1288 715 1326 eodem
727 1288 926 1326 Cometae
938 1287 1047 1331 loco,
1063 1298 1196 1334 quem
1207 1288 1242 1324 is
1254 1286 1393 1324 visum
1405 1286 1606 1333 appellat,
1623 1287 1856 1332 prouenire

213 1341 550 1390 Longitudinem
570 1353 722 1379 veram
742 1343 788 1379 in
808 1341 850 1379 P.
868 1341 922 1379 16.
943 1342 1048 1379 min.
1065 1340 1116 1378 36
1139 1342 1195 1384 )(,
1217 1351 1317 1378 cum
1337 1339 1598 1383 Latitudine,
1620 1339 1662 1376 P.
1680 1339 1733 1376 31.
1754 1339 1816 1377 M.
1833 1340 1857 1377 9

213 1396 366 1439 Borea,
388 1395 506 1442 quod
522 1396 568 1432 in
585 1395 875 1443 Longitudine
896 1395 950 1433 ab
971 1394 1101 1442 ipfius
1121 1395 1407 1432 annotatione
1424 1393 1474 1430 52
1490 1392 1699 1440 scrupulis
1720 1392 1856 1430 abun-

212 1448 296 1493 dat,
317 1450 364 1486 in
379 1448 628 1486 Latitudine
643 1460 748 1486 vero
764 1450 931 1496 integro
948 1447 1084 1496 gradu
1101 1458 1201 1485 cum
1218 1448 1237 1486 ὲ
1253 1446 1411 1490 deficit;
1432 1452 1475 1483 vt
1491 1446 1561 1483 vel
1581 1446 1683 1483 hinc
1699 1451 1856 1492 pateat,

212 1502 389 1541 Sculteti
409 1513 618 1540 numeros
638 1502 856 1549 prioribus
871 1501 1072 1549 Trigonis
1092 1501 1319 1539 successiua
1339 1501 1699 1538 concatenatione
1720 1499 1856 1537 inhae-

212 1560 367 1599 rentes,
377 1560 469 1593 vtut
480 1557 677 1593 maxima
687 1555 909 1603 diligentia
920 1554 957 1592 &
966 1554 1195 1592 subtilitate
1207 1553 1262 1592 ab
1275 1565 1327 1591 eo
1339 1552 1611 1600 conquisitos,
1625 1564 1716 1590 non
1724 1553 1857 1591 vnde-

212 1621 388 1656 quaque
409 1608 628 1647 absolutos
649 1609 737 1653 esse,
760 1608 1098 1655 euidentemque
1119 1610 1165 1645 in
1185 1606 1282 1654 ipsis
1303 1609 1454 1654 primis
1475 1606 1746 1644 Dedomenis
1766 1606 1855 1653 lap-

210 1662 316 1707 sum,
332 1662 618 1701 multifariam
634 1662 717 1700 sese
734 1673 923 1700 exerere.

264 1715 483 1754 Absolutis
505 1715 543 1753 8(
563 1718 608 1753 in
631 1727 840 1753 numeros
863 1715 1091 1754 distributis
1114 1714 1182 1752 his
1205 1725 1370 1752 nouem
1390 1713 1590 1761 Trigonis
1611 1712 1856 1760 Sphaericis,

210 1769 397 1808 alterum
414 1780 601 1807 examen
616 1769 959 1817 Triangulorum
975 1768 1211 1816 planorum
1226 1767 1442 1815 subiungit
1459 1766 1685 1810 Scultetus,
1707 1768 1751 1803 in
1769 1777 1856 1813 quo

210 1822 345 1870 posito
367 1822 657 1860 fundamento
679 1822 960 1861 Parallaxeos
984 1821 1195 1865 Cometae,
1219 1821 1261 1859 P.
1278 1821 1315 1859 5.
1337 1820 1400 1858 M.
1417 1820 1492 1862 213⁷.
1518 1819 1694 1866 qualem
1717 1821 1763 1856 in
1786 1819 1856 1857 Se-

211 1876 355 1914 cunda
367 1875 683 1914 Obseruatione
699 1875 852 1914 nadtus
869 1875 936 1919 est,
952 1875 1153 1913 habitum
1166 1874 1297 1922 ipfius
1309 1874 1364 1912 ad
1375 1873 1557 1911 Terram
1569 1872 1606 1910 8(
1620 1873 1857 1920 Regionem

209 1929 502 1973 sublunarem,
513 1934 605 1967 turn
616 1931 747 1968 etiam
758 1940 1005 1977 corporum,
1016 1928 1283 1966 &linearum
1292 1929 1634 1974 proportionem,
1648 1925 1856 1973 explorat,

209 1988 437 2029 totumque
456 1982 540 2020 hoc
556 1985 781 2030 negotium
797 1988 986 2030 quatuor
1001 1981 1250 2029 Triangulis
1267 1980 1498 2019 rectilineis
1515 1979 1856 2026 comprehendit.

263 2036 313 2073 In
329 2047 520 2083 quorum
536 2035 693 2074 Primo
712 2041 931 2083 praeparat
947 2035 1154 2082 quaedam
1174 2035 1229 2072 ad
1250 2036 1555 2072 inuentionem
1572 2032 1856 2080 sequentium,

209 2088 446 2136 praesertim
462 2094 506 2126 vt
522 2091 810 2136 quantitatem
830 2089 960 2126 lineae
981 2100 1008 2126 a
1028 2093 1176 2126 centro
1192 2087 1340 2125 Terrae
1357 2087 1412 2125 ad
1428 2086 1628 2134 Angulos
1646 2084 1797 2123 Rectos
1819 2087 1858 2123 ei

210 2144 488 2186 occurrentis,
505 2154 606 2189 quae
618 2154 644 2180 a
657 2142 844 2180 Cometa
857 2142 1096 2180 ducebatur
1109 2143 1231 2179 iuxta
1242 2140 1390 2179 Terrae
1406 2139 1689 2187 superficiem,
1707 2144 1857 2176 notam

209 2195 372 2234 reddat.

253 2249 314 2299 Jn
333 2248 550 2287 Secundo
570 2248 831 2298 Triangulo,
849 2248 1094 2286 distantiam
1111 2247 1309 2286 Cometae
1326 2259 1353 2285 a
1368 2251 1516 2285 centro
1528 2245 1688 2289 Terrae,
1707 2244 1744 2282 8(
1760 2244 1857 2282 loco

211 2302 539 2340 Obseruationis
551 2303 749 2348 exquirit,
765 2313 955 2348 eumque
968 2313 994 2339 a
1005 2301 1153 2338 Terrae
1165 2300 1409 2339 meditullio
1421 2299 1594 2338 abfuisse
1607 2298 1857 2336 Miliaribus

209 2355 325 2399 8047,
347 2354 384 2393 8(
405 2355 588 2402 passibus
605 2355 711 2399 1754,
729 2367 755 2393 a
771 2354 868 2393 loco
886 2354 1214 2393 Obseruationis
1230 2354 1318 2392 suae
1335 2353 1585 2391 Miliaribus
1602 2352 1717 2395 7597,
1739 2352 1856 2398 passi-

209 2408 290 2446 bus
306 2408 395 2452 937,
417 2408 472 2446 ab
489 2420 542 2446 eo
559 2410 628 2446 cui
644 2408 860 2446 verticalis
877 2412 981 2451 erat,
1003 2419 1135 2454 quem
1155 2407 1256 2445 facit
1271 2406 1346 2444 sub
1363 2405 1579 2444 Parallelo
1596 2405 1856 2443 Latitudinis

209 2461 326 2509 grad.
342 2461 428 2505 225
450 2461 701 2499 Miliaribus
721 2461 828 2505 7188,
849 2461 1032 2508 passibus
1053 2460 1159 2498 1400.
1181 2461 1327 2507 Atque
1343 2460 1439 2497 haec
1455 2459 1567 2497 adeo
1583 2457 1757 2506 praecise
1775 2469 1855 2494 nu-

209 2525 380 2552 merare
396 2526 488 2552 non
504 2514 683 2558 dubitat,
700 2517 790 2552 imo
807 2514 845 2552 8(
860 2513 995 2562 paulo
1011 2519 1112 2551 ante
1124 2513 1321 2551 Miliaria
1337 2515 1382 2550 in
1398 2512 1598 2560 scrupula
1612 2523 1702 2549 non
1716 2510 1855 2571 solum

1714 2574 1855 2610 prima
