2209 3213
80 364 135 396 161

111 529 126 554 5

482 194 1005 235 RECENTIORIBUS
1026 191 1485 233 PHAENOMENIS
1741 189 1808 229 137

162 309 323 347 tamen,
340 308 383 341 vt
398 302 484 341 suis
499 304 806 350 patrocinetur,
824 301 1094 340 Sententiam
1110 302 1257 348 reijcit.
1275 299 1374 337 Hac
1392 299 1452 345 (vt
1464 298 1675 344 existimo)
1687 309 1809 336 occa-

163 357 281 395 fione
301 355 465 394 inducti
485 356 822 393 Neotericorum
843 351 1071 404 qui-udam,
1092 356 1139 391 in
1155 354 1443 392 Cometarum
1463 352 1613 390 caudis
1634 362 1809 389 accura-

163 412 319 448 tiorem
343 409 705 448 Obseruationem
728 408 1012 450 instituerunt,
1037 407 1305 454 indagantes,
1330 417 1389 444 an
1411 405 1466 443 ad
1490 405 1638 443 Solem
1660 404 1811 452 aliqua

163 465 333 501 ratione
350 462 605 506 referantur,
622 473 702 498 nec
719 473 786 505 ne,
804 460 1058 507 Primusque
1075 462 1276 497 omnium
1289 459 1424 506 (quod
1435 458 1582 504 sciam)
1596 457 1810 496 PETRVS

164 515 421 554 APIANVS
444 514 788 552 Mathematicus
810 514 1042 561 superioris
1065 515 1204 551 aetatis
1227 512 1547 553 celeberrimus,
1570 510 1810 559 deprehen-

165 568 292 607 debat
312 568 499 606 caudam
516 567 804 606 Cometarum
820 579 846 605 a
862 567 902 604 se
918 566 1122 610 visorum,
1145 577 1244 603 eam
1264 564 1425 603 habere
1443 565 1498 602 ad
1515 564 1662 602 Solem
1683 566 1811 602 ratio·

164 633 280 666 nem,
292 627 335 659 vt
346 621 513 668 semper
524 622 570 658 in
581 620 710 668 ipfius
723 620 968 668 oppositum
980 631 1007 657 a
1018 619 1173 666 Capite
1184 618 1395 661 tranfiret;
1408 617 1520 655 adeo
1531 622 1575 654 vt
1584 617 1670 661 Sol,
1684 622 1812 664 caput

165 675 377 718 Cometae‚
399 674 577 721 eiusque
598 674 751 717 cauda,
773 675 1067 720 reperirentur
1081 672 1242 718 vbique
1258 673 1304 708 in
1319 682 1408 708 vno
1425 670 1587 708 circulo
1603 672 1811 713 maximo,

165 728 209 766 id
225 728 343 775 quod
359 726 496 766 dictus
512 726 781 770 APIANVS,
798 728 844 763 in
861 728 1056 773 quinque
1073 725 1269 763 Cometis
1284 736 1311 762 a
1326 723 1366 761 se
1382 723 1492 768 vifis,
1509 724 1563 761 ab
1575 724 1710 761 Anno
1726 722 1812 761 1531

167 781 222 820 ad
243 782 428 818 Annum
448 780 543 819 1539
565 782 719 827 iugiter
739 779 1041 826 deprehendit;
1065 783 1194 825 prout
1214 779 1260 814 in
1281 776 1425 824 Opere
1447 776 1650 815 Caesareo
1671 776 1813 814 Astro-

167 836 343 872 nomico
360 833 530 881 copiose
542 833 597 871 ob
609 833 761 871 oculos
772 832 923 880 posuit,
941 831 979 869 8(
995 843 1049 869 ex
1061 830 1451 869 obseruationibus
1462 829 1547 867 suis
1558 829 1814 868 mechanice

167 887 488 925 demonstrauit.
511 886 641 924 Illum
656 885 837 930 secutus,
855 885 1089 923 GEMMA
1105 883 1318 921 FRISIVS
1335 882 1645 927 BATTAVVS,
1662 884 1728 920 vir
1744 894 1814 920 ex-

167 942 274 978 imia
296 942 342 978 in
365 939 692 978 Mathematicis
715 939 904 977 Scientia
928 938 1149 985 praeditus,
1176 936 1388 984 ipsiusque
1411 935 1816 974 animaduersiones

170 995 376 1038 imitatus,
393 992 521 1031 refert
536 998 630 1031 tum
643 994 689 1030 in
702 991 849 1030 libello
861 992 915 1029 de
927 990 1064 1029 Radio
1076 990 1392 1033 AstronomicO,
1409 994 1503 1027 tum
1513 991 1559 1026 in
1570 989 1815 1027 Astrolabio

171 1046 416 1091 Catholico,
439 1046 479 1084 se
502 1045 603 1084 inde
626 1046 681 1084 ab
702 1046 837 1083 Anno
860 1044 967 1089 1532,
991 1043 1087 1082 octo
1109 1043 1317 1081 Cometas
1339 1042 1601 1085 Obseruasse,
1626 1053 1816 1089 quorum

170 1100 324 1138 caudae
340 1099 506 1147 semper
522 1101 568 1137 in
584 1100 850 1137 contrariam
866 1109 893 1135 a
909 1097 1008 1136 Sole
1024 1102 1194 1144 partem
1210 1095 1573 1139 extendebantur;
1594 1097 1665 1133 cui
1685 1097 1818 1133 etiarn

170 1153 501 1192 CORNELIVS
524 1152 756 1191 GEMMA
781 1151 911 1199 ipsius
935 1150 1052 1188 filius
1072 1148 1329 1188 doetissimus
1350 1148 1615 1196 astipulatur,
1641 1150 1686 1186 in
1706 1148 1817 1186 libro

171 1207 224 1245 de
245 1206 429 1244 Naturae
451 1206 628 1244 Diuinis
644 1203 1014 1247 Characterismis,
1035 1203 1164 1250 seque
1185 1202 1302 1240 idem
1322 1204 1368 1239 in
1384 1201 1571 1240 Cometa
1586 1202 1708 1239 Anni
1724 1201 1819 1240 1556

171 1260 529 1303 animaduertisse,
549 1258 689 1297 refert.
711 1256 1109 1296 HIERONYMVS
1128 1258 1260 1294 etiam
1278 1254 1718 1293 FRACASTORIVS
1737 1255 1818 1292 Ita-

173 1313 254 1357 lus,
270 1314 316 1350 in
331 1312 416 1350 suis
427 1312 794 1355 Homocentricis,
811 1311 918 1349 dum
929 1315 1112 1348 conatur
1124 1309 1275 1347 orbem
1287 1308 1510 1355 quendam
1522 1308 1635 1346 infra
1646 1308 1821 1346 Lunam

93 1408 96 1409 ⁷
172 1366 371 1411 astruere,
389 1367 464 1413 qui
480 1368 526 1404 in
541 1366 680 1404 latum
696 1367 790 1403 eius
805 1369 977 1402 motum
993 1364 1133 1407 ducat,
1150 1364 1197 1400 in
1213 1374 1265 1400 eo
1282 1362 1491 1400 Cometas
1507 1363 1706 1409 generari
1722 1362 1819 1399 asse-

104 1591 138 1621 25

118 1742 139 1773 ÷

106 1857 140 1883 30

93 1958 153 1990 162

109 2123 142 2149 35

111 2390 144 2417 40

172 1424 308 1463 uerat,
332 1419 371 1457 &
392 1421 525 1457 trium
547 1419 835 1457 Cometarum
855 1429 882 1455 a
901 1417 941 1455 se
964 1415 1098 1455 factas
1120 1415 1459 1454 Obseruationes
1480 1414 1680 1459 recenset,
1701 1414 1820 1452 testa-

171 1477 328 1520 turque
340 1484 495 1511 omnes
511 1483 697 1515 comam,
714 1471 787 1509 seu
802 1471 986 1509 barbam
1001 1470 1218 1517 proiecisse
1234 1467 1391 1506 directe
1408 1467 1575 1515 semper
1591 1470 1637 1505 in
1652 1467 1819 1515 oppofi-

172 1531 263 1564 tam
279 1525 370 1564 Soli
385 1531 566 1573 partem,
587 1525 699 1564 adeo
715 1529 758 1562 vt
774 1524 803 1562 fi
819 1524 894 1562 Sol
910 1525 955 1561 in
970 1521 1285 1571 AEquinoc'tiali
1301 1521 1433 1559 fuisset
1450 1523 1563 1559 circa
1579 1521 1819 1565 Orientem,

174 1578 311 1617 barba
327 1581 457 1617 etiam
474 1581 520 1616 in
535 1576 849 1626 AEquinoctiali
865 1577 1012 1615 versus
1029 1575 1243 1614 Occasum
1258 1575 1601 1623 protenderetur,
1624 1574 1662 1612 &
1683 1586 1820 1622 quan-

175 1637 269 1671 tum
289 1632 363 1671 Sol
383 1634 430 1670 in
448 1644 583 1670 vnam
605 1636 774 1679 partem
797 1629 1051 1673 deflecteret,
1074 1628 1334 1667 tantundem
1358 1630 1402 1665 in
1425 1627 1670 1675 oppositum
1693 1639 1822 1666 coma

177 1686 375 1724 Cometae
395 1690 607 1733 perpetuo
626 1685 710 1722 sese
727 1688 1011 1722 conuerteret.
1033 1681 1431 1720 HIERONYMVS
1448 1683 1580 1718 etiam
1597 1681 1821 1719 CARDA-

177 1738 292 1777 NVS
303 1741 349 1776 in
360 1740 574 1786 principio
586 1738 682 1776 libri
694 1737 747 1775 de
759 1748 906 1775 rerum
915 1737 1148 1779 Varietate,
1161 1735 1199 1772 8(
1210 1735 1321 1773 libro
1333 1740 1489 1781 quarto
1501 1734 1554 1772 de
1566 1734 1821 1778 Subtilitate,

176 1804 264 1830 vna
280 1792 533 1839 astipulatur
548 1791 735 1829 caudam
747 1790 1035 1828 Cometarum
1050 1789 1216 1836 semper
1233 1787 1473 1835 oppofitam
1485 1787 1575 1826 Soli
1586 1793 1755 1835 partem
1766 1787 1822 1825 ad

176 1857 368 1893 vnguem
388 1845 608 1893 respicere,
632 1844 856 1891 ipsamque
878 1843 1065 1881 caudam
1086 1841 1197 1879 nihil
1217 1841 1336 1879 aliud
1359 1842 1448 1885 esse,
1470 1852 1605 1888 quam
1624 1846 1822 1888 penetra-

176 1901 342 1937 tionem
359 1898 584 1946 quandam
600 1897 838 1945 splendoris
855 1896 1030 1940 Solaris,
1047 1907 1124 1943 per
1140 1895 1292 1933 lumen
1308 1896 1459 1941 capitis
1476 1894 1675 1932 Cometae
1691 1894 1823 1932 trans-

178 1954 337 1996 euntis;
353 1951 562 1999 siquidem
579 1951 622 1988 id
638 1952 785 1988 minus
802 1950 969 1987 clarum
986 1949 1053 1992 est,
1069 1949 1257 1995 ideoque
1274 1959 1354 1985 nec
1369 1947 1456 1985 fine
1473 1944 1823 1997 im-sspedimento

178 2005 323 2044 radios
335 2005 509 2043 Solares
525 2003 780 2047 transmittit,
797 2003 915 2041 velut
930 2014 1047 2040 verae
1060 2001 1217 2045 Stellae,
1234 2012 1315 2038 nec
1331 2012 1406 2038 eos
1423 2000 1612 2045 reflectit,
1629 2006 1673 2039 vt
1685 2001 1823 2045 Luna,

179 2070 278 2097 cum
290 2070 381 2096 non
393 2058 551 2096 constet
563 2069 616 2095 ex
627 2063 717 2095 tam
729 2056 860 2094 densa
871 2058 1066 2099 materia,
1083 2055 1153 2092 sed
1164 2054 1311 2092 medio
1323 2053 1443 2101 quafi
1455 2054 1588 2092 modo
1600 2054 1640 2092 se
1652 2054 1824 2092 habeat.

180 2112 399 2159 Quodque
422 2113 468 2148 in
490 2111 609 2148 hunc
631 2110 815 2148 modum
838 2109 979 2147 cauda
998 2109 1219 2156 procreari
1239 2108 1357 2155 possit
1378 2119 1431 2145 ex
1451 2107 1678 2154 splendore
1699 2107 1824 2151 Solis,

179 2177 337 2212 corpus
352 2165 440 2202 fiue
457 2169 586 2212 caput
602 2163 801 2202 Cometae
817 2162 1076 2206 transeunte,
1099 2163 1400 2209 experimento
1422 2161 1708 2208 comprobare
1729 2162 1825 2198 niti-

179 2224 260 2262 tur,
280 2230 357 2266 per
377 2218 607 2256 candelam
623 2216 714 2255 Soli
735 2215 984 2263 expofitam,
1006 2217 1066 2253 ita
1080 2219 1124 2252 vt
1144 2214 1252 2262 radij
1271 2214 1445 2252 Solares
1465 2225 1542 2261 per
1557 2214 1687 2262 ipfius
1703 2213 1826 2252 flam-

179 2283 300 2310 mam
315 2271 545 2314 transeant,
563 2270 681 2318 quod
696 2275 844 2307 tamen
860 2269 969 2306 mihi
986 2269 1231 2315 experiunti
1246 2279 1338 2305 non
1353 2267 1547 2305 successit.

233 2324 350 2363 Cum
360 2326 508 2371 itaque
518 2336 545 2362 a
554 2323 891 2371 quamplurimis
901 2322 1211 2360 antecessorum
1220 2320 1577 2359 animaduersum
1587 2320 1826 2368 deprehen-

181 2378 342 2422 derem,
364 2378 552 2415 caudam
568 2377 868 2419 Cometarum,
890 2377 935 2412 in
951 2377 1003 2423 ijs
1019 2386 1130 2422 quos
1148 2373 1458 2417 Obseruassent‚
1479 2373 1646 2421 semper
1661 2373 1827 2422 oppofi·

180 2436 271 2469 tam
287 2430 378 2469 Soli
397 2436 566 2478 partem
582 2430 814 2478 respexisse,
835 2429 874 2467 8(
893 2428 1084 2476 vulgaris
1100 2427 1176 2465 illa
1192 2439 1245 2465 ex
1261 2426 1638 2465 ARISTOTELIS
1654 2426 1826 2471 Schola,

182 2486 296 2523 circa
311 2484 499 2523 caudam
515 2495 568 2522 ex
583 2485 781 2525 materiae
797 2481 989 2526 defluxu,
1011 2486 1115 2520 nata
1131 2481 1309 2529 Opinio,
1330 2480 1421 2528 ipsa
1441 2482 1711 2529 experientia
1729 2480 1828 2519 teste

291 2545 322 2571 18
1524 2533 1828 2573 collabasceret
