2209 3213
500 189 1021 230 RECENTIORIBUS
1042 189 1500 228 PHAENOMENIS
1756 188 1823 225 109

180 293 269 341 post
280 292 392 332 facia
403 294 458 332 est
470 306 605 342 quarn
616 295 873 341 TADDAEI,
890 296 927 334 &
942 297 996 334 ob
1008 296 1063 340 id,
1079 297 1108 334 fi
1119 296 1362 343 quadrante
1374 295 1497 333 horae
1509 300 1610 332 ante
1623 294 1824 335 extitisset.

95 353 156 385 126
180 358 269 393 quo
285 352 481 394 tempore
498 348 689 396 respectu
704 350 923 397 Vtriusque
940 346 1214 399 Meri-ndiani
1235 348 1321 396 ipse
1342 348 1464 386 suam
1480 347 1656 395 perfecit
1673 346 1824 385 Obser-

181 401 419 445 uationem,
431 400 564 439 fuisset
575 401 761 441 Cometa
773 404 981 441 remotior
991 414 1018 440 a
1027 402 1210 440 Vulture
1221 401 1497 449 sesquialtero
1508 403 1691 438 minuto.
1705 400 1823 447 Qua-

180 457 355 499 propter
375 453 404 491 fi
424 454 480 492 ad
501 455 689 493 nostram
709 456 953 494 distantiam
974 456 1016 493 P.
1034 456 1087 494 17.
1110 455 1172 493 M.
1190 455 1263 494 50}
1283 454 1502 492 tantillum
1523 454 1824 497 adiecerimus‚

129 519 143 543 5
182 505 472 545 conflabimus
488 519 638 546 veram
659 509 904 547 distantiam
924 508 1007 552 hic,
1029 520 1118 556 quo
1138 513 1364 546 momento
1382 509 1590 555 temporis
1605 506 1824 544 Taddaeus

182 558 405 606 Hagecius
422 560 703 605 Obseruabat,
726 562 767 599 P.
786 563 838 600 17.
860 564 1013 600 minut.
1034 562 1097 605 52,
1119 562 1306 608 ideoque
1329 560 1459 608 plane
1480 560 1667 598 eandem
1688 561 1733 597 in
1754 570 1823 596 eo-

275 1249 1736 1960 θῆκέ

179 1991 280 2029 dem
301 1991 503 2038 scrupulo
528 1990 726 2029 Cometae
750 2002 776 2028 a
801 1990 965 2028 Lucida
988 1990 1184 2028 Vulturis
1207 1992 1498 2028 remotionem
1522 1991 1828 2033 obtinebimus.

180 2044 311 2091 Quod
332 2049 480 2082 autem
502 2044 644 2082 nostra
660 2046 793 2081 etiam
810 2055 836 2081 a
853 2043 1048 2081 Vulturis
1065 2043 1197 2081 Stella
1217 2043 1497 2091 intercapedo
1519 2046 1725 2092 exquifite
1746 2048 1829 2086 sese

180 2097 351 2141 habeat,
381 2097 527 2145 postea
556 2109 609 2135 ex
639 2097 936 2135 antecedentis
966 2097 1051 2134 diei
1082 2096 1400 2135 Obseruatione
1430 2099 1828 2144 comprobabimus.

113 2163 142 2187 10
180 2151 311 2189 Nunc
335 2153 481 2198 itaque
505 2151 561 2188 ad
582 2150 984 2188 Demonstrandum
1007 2150 1049 2187 id
1073 2150 1191 2197 quod
1212 2150 1531 2197 proposuimus,
1555 2153 1828 2199 accedamus,

179 2202 395 2251 ductaque
411 2206 604 2251 primum
620 2203 971 2251 perpendiculari
988 2202 1087 2247 BG,
1105 2205 1182 2240 erit
1198 2205 1244 2240 in
1259 2202 1500 2251 Triangulo
1514 2205 1662 2250 ABG,
1679 2208 1828 2256 Angu-

179 2257 246 2295 lus
264 2257 409 2300 GAB,
431 2257 804 2304 complementum
821 2256 984 2304 Anguli
1002 2256 1128 2294 DAC
1149 2257 1204 2294 ad
1222 2256 1526 2302 Quadrantem
1548 2258 1590 2296 P.
1608 2259 1670 2297 72.
1690 2260 1752 2298 M.
1770 2262 1828 2304 93.

179 2310 381 2358 Angulus
397 2322 502 2348 vero
515 2310 557 2348 G
568 2310 650 2348 BA
667 2312 745 2347 erit
762 2309 907 2347 rursus
923 2309 1056 2347 huius
1073 2310 1457 2357 complementum,
1475 2310 1517 2349 P.
1531 2312 1584 2349 17.
1598 2312 1660 2350 M.
1674 2314 1759 2358 505,
1777 2326 1829 2353 eo

179 2363 297 2410 quod
319 2365 355 2400 is
379 2363 434 2401 ad
459 2363 501 2401 G
525 2363 570 2401 fit
592 2362 759 2407 Rectus,
784 2362 821 2400 &
844 2364 889 2400 in
910 2362 1102 2410 Trigono
1125 2362 1376 2411 rectangulo
1400 2363 1634 2409 rectilineo,
1660 2377 1712 2404 ex
1735 2367 1828 2405 Ele-

114 2428 142 2452 15
179 2418 337 2454 mentis
355 2416 657 2461 Geometricis,
677 2427 832 2454 omnes
848 2416 1013 2463 Anguli
1029 2416 1201 2454 duobus
1217 2417 1503 2464 aequipollent
1519 2417 1671 2461 Rectis,
1696 2420 1829 2458 Latus

180 2481 284 2507 vero
300 2469 395 2513 AB,
417 2474 506 2507 tota
527 2469 723 2518 subtensa
740 2470 881 2506 Arcus
898 2469 980 2506 AB
1003 2469 1057 2506 est
1079 2469 1212 2514 10060,
1235 2472 1313 2508 erit
1333 2473 1480 2517 itaque
1498 2470 1582 2509 GB
1605 2483 1657 2509 ex
1676 2472 1828 2511 Trian-

1624 2526 1827 2573 gulorum
