2209 3213
100 822 137 853 41

106 1093 136 1118 15

103 1359 136 1384 20

101 1678 134 1703 25

101 1944 134 1969 30

101 2211 134 2235 35

101 2475 133 2500 40

496 230 1017 269 RECENTIORIBUS
1037 231 1495 269 PHAENOMENIS
1770 232 1820 269 43

176 349 311 381 mum,
334 349 411 384 per
431 337 528 374 suas
549 336 747 384 Regulas,
771 336 884 374 hanc
905 337 1076 374 coelitus
1096 339 1329 384 inquirere,
1353 348 1453 375 curn
1475 339 1503 382 ζ(
1527 348 1662 384 prope
1683 339 1820 375 maxi—

175 402 296 429 mam
318 390 605 433 latitudinem,
629 391 742 427 circa
766 389 926 427 Cancri
949 392 1085 434 initia,
1110 389 1289 428 Coelum
1312 390 1534 428 mediaret.
1556 389 1680 428 Tunc
1701 392 1821 428 enim

176 445 384 481 uerticem
398 444 491 481 eius
502 442 599 486 loci,
616 444 661 479 in
673 454 761 489 quo
773 443 1039 487 morabatur,
1057 454 1191 490 quam
1202 445 1401 490 proxime
1413 444 1560 490 attigit,
1578 442 1615 480 8(
1631 454 1708 490 per
1719 455 1819 481 con-

175 496 371 543 sequens,
392 495 562 533 nullam
579 495 826 542 parallaxin
842 495 915 533 uel
930 494 1236 533 refractionem
1254 496 1491 543 ingerebat;
1514 496 1671 543 Neque
1688 498 1820 534 etiam

175 551 221 587 in
243 549 386 587 nostra
407 548 670 586 restitutione
693 548 859 595 aliquid
883 548 1000 596 dubij
1028 548 1182 587 subesse
1208 549 1421 596 quispiam
1446 548 1689 596 suspicetur,
1715 561 1820 587 nam

175 602 407 650 aliquoties
424 604 517 639 eius
529 603 591 639 rei
603 602 906 639 certitudinem
922 601 1137 649 inquifiui‚
1155 601 1193 639 8(
1209 607 1420 649 perpetuo
1436 604 1601 646 inueni,
1618 608 1821 650 quartam

174 661 343 703 partem
365 655 536 703 gradus,
562 660 608 692 ut
631 654 732 699 dixi,
756 656 802 692 in
824 654 1089 692 Ptolemaica
1110 654 1338 693 latitudine
1362 654 1558 699 deficere,
1584 655 1820 702 praesertim

174 720 282 747 uero
298 708 382 746 hoc
398 719 517 746 anno
532 708 639 751 1587,
656 719 757 745 cum
768 707 951 746 latitudo
968 709 997 753 ζ(
1015 710 1212 746 maxima
1223 710 1336 746 circa
1348 710 1471 746 initia
1483 714 1524 748 ἐξ»
1536 708 1574 745 8(
1590 714 1615 748 z
1631 708 1820 746 uersare-

163 767 255 806 tur,
271 761 404 799 huius
419 760 665 808 periculum
678 761 861 799 euidens
872 761 1093 798 multoties
1104 760 1197 805 feci,
1215 760 1253 798 8(
1269 761 1562 805 Parallaxeos,
1579 766 1672 799 tum
1688 764 1819 799 etiam

175 813 457 853 Refractionis
482 810 833 864 impe—ssdimenta
858 813 1083 861 diligenter
1107 814 1434 861 praecauebam;
1465 820 1731 862 quapropter
1756 826 1819 852 re-

174 879 282 906 uera
303 872 518 905 mutatam
540 867 816 905 latitudinem
837 867 976 905 Lunae
999 869 1254 911 maximam,
1279 878 1306 905 a
1327 867 1596 914 temporibus
1617 868 1820 906 PTOLE-

175 920 305 959 MAEI
329 920 566 968 hucusque,
596 922 741 967 potius
766 919 1108 958 consentaneum
1133 920 1317 964 uidetur,
1344 920 1721 968 quemadmodum
1746 923 1821 959 uia

174 985 350 1021 quoque
367 973 530 1012 Solaris
550 985 668 1011 nunc
688 973 822 1021 paulo
844 973 980 1017 aliter,
1002 985 1137 1020 quam
1157 973 1287 1020 ipfius
1303 985 1416 1017 aeuo,
1437 973 1521 1011 sese
1538 974 1593 1011 ad
1609 973 1820 1021 AEquato-

173 1039 266 1065 rem
286 1027 477 1065 inclinat.
500 1027 618 1064 Hinc
635 1028 782 1074 itaque
799 1026 1046 1064 euidentius
1061 1025 1157 1064 fieri
1172 1038 1290 1064 nunc
1306 1027 1484 1064 tandem
1500 1026 1819 1071 animaduerto,

174 1081 292 1128 quod
312 1080 509 1118 distantia
529 1079 769 1123 obseruata,
791 1091 892 1117 cum
913 1091 977 1124 ea,
1000 1091 1135 1127 quam
1155 1091 1231 1127 per
1252 1079 1472 1117 calculum
1490 1079 1707 1127 inquifiui,
1729 1092 1821 1118 non

173 1133 270 1172 satis
293 1133 538 1181 quadraret.
563 1133 607 1171 Si
630 1135 749 1171 enirn
771 1133 812 1171 15
835 1132 924 1170 fere
947 1135 1118 1171 minuta
1140 1132 1359 1171 latitudini
1380 1133 1519 1170 Lunae
1543 1133 1820 1177 adderentur,

172 1188 314 1225 maior
330 1186 535 1224 euaderet
551 1185 758 1234 praedicta
772 1186 1065 1233 intercapedo,
1086 1188 1146 1224 ita
1164 1191 1210 1223 ut
1228 1186 1429 1233 pauculis
1445 1186 1594 1224 saltem
1610 1186 1821 1233 scrupulis

172 1240 226 1278 ab
237 1239 552 1279 Obseruatione
564 1239 778 1284 deficeret,
791 1251 891 1286 quae
903 1237 1130 1283 Refrac‘tiO,
1147 1239 1199 1277 de
1212 1250 1300 1286 qua
1313 1239 1516 1283 diximus,
1530 1239 1820 1277 uerofimilius

173 1293 339 1331 causari
354 1298 535 1340 poterat.
553 1292 639 1331 Sed
656 1292 782 1331 nobis
797 1298 901 1330 tunc
912 1294 1132 1340 temporis,
1149 1304 1250 1330 curn
1261 1292 1357 1330 haec
1368 1294 1516 1340 priora
1526 1292 1821 1337 scriberemus,

172 1346 248 1384 illa
258 1348 444 1384 mutatio
455 1346 696 1384 latitudinis
707 1346 894 1384 Lunaris
906 1346 1106 1384 nondum
1118 1348 1380 1390 innotuerat,
1393 1348 1520 1393 igitur
1532 1357 1596 1390 ea,
1609 1357 1709 1393 quae
1718 1351 1821 1384 tunc

172 1400 449 1444 adduximus,
467 1405 684 1447 quatenus
700 1401 847 1437 minus
863 1399 1053 1447 apposite
1070 1399 1300 1446 quadrant,
1317 1399 1439 1437 suam
1455 1398 1581 1437 facile
1597 1404 1821 1437 merentur

172 1452 508 1491 excusationem.

246 1559 324 1597 ED
341 1559 598 1597 adhibentes
614 1561 746 1597 etiam
762 1561 807 1597 in
824 1558 1050 1597 confilium
1062 1570 1161 1597 eam
1173 1558 1577 1603 considerationem,
1595 1570 1696 1606 quae
1707 1557 1819 1597 facta

259 1612 314 1650 est
330 1612 486 1650 eodem
501 1618 696 1660 tempore
713 1613 768 1650 ad
784 1613 910 1650 binas
930 1614 976 1649 in
995 1612 1155 1650 sinistra
1175 1612 1247 1650 ala
1264 1611 1417 1660 Cygni,
1439 1614 1550 1650 inter
1571 1623 1681 1659 quas
1701 1612 1820 1650 linea

172 1664 286 1704 recta
302 1664 430 1703 ducta
445 1676 522 1712 per
533 1665 728 1703 Vulturis
744 1665 936 1703 lucidam
952 1667 998 1702 in
1014 1665 1213 1703 Cometae
1230 1670 1359 1712 caput
1375 1665 1604 1709 incidebat,
1621 1667 1683 1703 rei
1700 1667 1819 1703 certi-

170 1719 368 1756 tudinem
387 1720 577 1765 penitius
596 1718 963 1766 inuestigabimus.
986 1718 1171 1756 Inuenio
1188 1723 1337 1756 autem
1352 1720 1464 1756 inter
1481 1718 1820 1756 Obseruationes

170 1771 333 1810 nostras
346 1783 399 1810 ex
410 1771 617 1820 distantijs
628 1770 750 1810 factis
762 1784 788 1810 a
800 1771 941 1810 Stellis
954 1771 1212 1819 quibusdam
1225 1771 1381 1819 Pegasi,
1399 1771 1517 1818 quod
1530 1776 1724 1809 extrema
1736 1771 1819 1809 alae

171 1825 311 1873 Cygni
332 1825 491 1863 habeat
511 1825 830 1873 longitudinem
850 1825 893 1862 P.
916 1825 978 1863 26.
1001 1825 1064 1862 M.
1086 1825 1136 1862 44
1162 1834 1220 1862 m.
1247 1824 1543 1862 Latitudinem
1565 1836 1670 1862 vero
1692 1825 1734 1862 P.
1756 1824 1819 1862 43.

170 1878 233 1916 M.
251 1878 301 1915 42
323 1878 567 1916 Borealem.
590 1878 743 1916 Media
762 1889 868 1916 vero
889 1878 973 1916 alae
995 1877 1199 1922 eiusdem,
1221 1878 1355 1926 Long.
1378 1878 1420 1915 P.
1439 1878 1494 1916 21.
1516 1877 1579 1915 Μ.
1596 1877 1659 1915 20.
1682 1878 1818 1916 Latid.

171 1931 214 1969 P.
236 1932 298 1969 49.
321 1931 384 1969 M.
407 1932 448 1969 19
469 1931 661 1969 eiusdem
683 1930 938 1975 affectionis,
962 1943 1097 1978 quam
1119 1936 1269 1969 tamen
1291 1931 1604 1969 restitutionem
1624 1931 1820 1978 superius

171 1996 258 2023 vna
275 1996 375 2022 cum
391 1987 557 2022 caeteris
574 1985 690 2023 Fixis
706 1996 798 2022 non
814 1984 1008 2032 apposui,
1029 1987 1201 2032 partim,
1224 1986 1329 2031 quia
1349 1984 1496 2022 saltem
1519 1986 1565 2022 in
1586 1984 1670 2022 hoc
1691 1986 1820 2022 vnico

171 2038 268 2076 loco
279 2040 426 2076 minus
438 2040 570 2076 etiam
581 2038 833 2086 principalis
845 2049 999 2076 earum
1010 2037 1108 2075 vsus
1120 2040 1378 2085 requiratur,
1396 2040 1554 2085 partim
1566 2049 1683 2081 vero,
1701 2038 1819 2085 quod

172 2091 405 2129 Stellarum
421 2092 663 2129 earundem
683 2091 781 2129 loca
801 2103 892 2129 non
908 2091 986 2129 nifi
1001 2091 1132 2129 semel
1148 2102 1175 2129 a
1190 2091 1317 2129 nobis
1333 2091 1562 2129 obseruata
1581 2090 1754 2135 fuerint,
1775 2096 1819 2128 vt

172 2144 226 2182 ob
246 2144 289 2182 id
309 2144 408 2182 satis
427 2144 672 2192 scrupulose
689 2144 914 2182 constituta
930 2145 1019 2187 esse‚
1041 2156 1132 2182 non
1147 2144 1280 2191 vsque
1297 2144 1408 2182 adeo
1425 2143 1646 2182 affirmare
1663 2143 1817 2187 aufim;

171 2197 280 2236 Sunt
295 2203 443 2235 tamen
460 2197 683 2241 eiusmodi,
703 2203 746 2236 vt
762 2197 922 2245 absque
938 2197 1119 2235 sensibili
1136 2197 1287 2244 aliquo
1304 2209 1449 2235 errore
1467 2199 1528 2235 eis
1544 2197 1628 2234 hoc
1645 2197 1742 2234 loco
1758 2198 1818 2234 vti

170 2251 383 2298 possimus.
410 2250 701 2299 Quapropter,
726 2256 770 2288 vt
793 2251 848 2289 ad
873 2262 966 2288 rem
988 2250 1125 2298 ipsam
1150 2250 1453 2294 deueniamus.
1480 2250 1541 2288 Sit
1566 2252 1611 2288 in
1636 2250 1818 2297 ascripta

170 2303 310 2351 figura
334 2304 365 2341 P
389 2304 521 2342 Polus
546 2304 778 2351 Eclipticae,
799 2309 842 2342 vt
862 2304 1002 2351 supra,
1024 2304 1064 2341 A
1086 2304 1293 2341 Extrema
1313 2303 1411 2341 Alae
1433 2303 1587 2352 Cygni,
1609 2303 1643 2341 B
1665 2303 1817 2341 Media

170 2357 268 2395 Alae
282 2357 434 2405 Cygni,
452 2357 489 2395 C
501 2357 696 2395 Vulturis
708 2357 865 2401 lucida,
882 2357 924 2395 D
937 2357 1136 2400 Cometa,
1153 2368 1343 2404 quarum
1354 2357 1647 2404 longitudines
1659 2368 1816 2403 reprae-

170 2409 391 2448 sentantur
406 2422 483 2457 per
498 2410 637 2448 lineas
653 2423 679 2449 a
695 2410 801 2448 Polo
818 2409 967 2449 ductas
983 2412 1029 2448 in
1044 2412 1292 2457 portionem
1304 2410 1524 2457 Eclipticae
1536 2409 1706 2453 KIHF,
1722 2409 1815 2447 lati-

169 2463 343 2501 tudines
362 2475 440 2511 per
459 2475 586 2502 arcus
607 2463 709 2501 hinc
725 2464 856 2511 vsque
873 2466 918 2501 in
934 2463 1032 2502 loca
1048 2463 1282 2501 Stellarum
1303 2465 1575 2510 interceptos.
1598 2462 1648 2500 In
1664 2461 1817 2500 Trian-

170 2516 271 2564 gulo
283 2518 411 2564 igitur
422 2516 546 2561 PBA,
559 2519 663 2564 quia
672 2512 740 2554 PB
751 2517 789 2554 &
798 2517 883 2560 PA,
895 2516 990 2554 sunt
1002 2516 1324 2564 complementa
1335 2516 1575 2554 latitudinis
1584 2515 1817 2575 Stellarum

276 2577 308 2603 ε*
1770 2580 1815 2605 in
