2209 3213
397 221 475 258 450
795 213 1263 253 APOLOGETICA
1285 211 1640 250 RESPONSIO

399 327 633 371 Cassiopeae
651 321 929 359 Asterismum
951 323 995 357 in
1017 319 1106 366 ipso
1128 319 1323 357 altissimo
1344 318 1506 356 aethere
1527 318 1625 364 plus
1642 320 1808 364 integro
1825 330 1944 356 anno
1961 320 2038 355 im-

398 384 562 415 motam
579 375 798 413 consistere
815 373 979 410 stellam
996 374 1102 410 citra
1118 383 1297 409 omnem
1314 370 1631 408 haefitationem
1648 371 1964 418 conspeximus,
1985 371 2038 409 de

398 443 481 478 qva
506 429 649 476 postea
673 428 801 474 plura
826 426 998 464 addam.
1025 425 1119 463 Nec
1144 424 1442 462 Parallaxium
1467 422 1675 467 doctrina,
1701 424 1917 462 Aristoteli
1942 424 2039 462 rudi

398 483 601 521 Minerva
619 481 767 518 saltem
784 482 829 517 in
846 479 1173 516 Mathematicis
1189 477 1370 521 versato,
1391 479 1451 515 ita
1467 479 1638 524 cognita
1654 476 1744 520 fuit,
1766 482 1813 515 ut
1832 489 1909 524 per
1924 477 2039 515 hanc

396 538 480 574 suis
504 535 540 572 &
564 532 920 572 antecedentibus
944 532 1214 579 temporibus
1238 531 1525 569 Cometarum
1550 542 1577 568 a
1601 532 1725 568 terris
1749 532 2039 568 remotionem

397 590 592 627 demetiri
612 589 793 628 noverit,
815 585 912 632 ipsis
930 588 1062 623 etiam
1079 585 1375 622 Instrumentis
1392 584 1447 621 ad
1463 589 1554 621 tam
1569 583 1719 621 subtile
1736 586 1960 631 negotium
1976 595 2038 621 re-

397 642 566 689 qvifitis,
588 639 741 687 procul
761 639 907 681 dubio,
929 638 999 676 vel
1019 637 1240 676 destitutus
1261 637 1331 675 vel
1352 648 1506 674 eorum
1527 636 1719 675 debitam
1738 635 2040 675 tradtationem

397 698 614 742 ignorans,
632 698 677 730 ut
695 693 748 730 ob
766 693 808 730 id
825 694 987 729 mirum
1003 703 1095 729 non
1111 691 1156 729 fit
1173 702 1275 728 eurn
1291 690 1441 728 saltem
1458 689 1747 737 opinabiliter,
1769 701 1860 727 non
1876 689 2039 728 scienti-

396 748 474 785 fice
488 747 525 784 &
538 757 727 794 congrue
740 746 792 783 de
805 744 1046 783 coelestibus
1058 744 1370 792 pronunciasse,
1383 744 1498 790 qvod
1509 748 1627 791 patet
1639 755 1691 781 ex
1703 743 1822 781 libris
1834 744 1887 781 de
1898 743 2039 787 Coelo,

395 804 440 838 in
457 812 563 847 qvos
581 811 672 837 non
687 810 830 846 pauca
847 798 1014 846 digessit,
1032 809 1129 845 qvae
1147 799 1286 845 qvivis
1298 797 1368 834 vel
1381 797 1657 834 mediocriter
1670 798 1715 834 in
1727 796 2040 834 Astronomicis

395 854 587 891 versatus
603 853 779 890 videret.

449 906 531 945 Sed
558 906 791 943 redeamus
817 904 871 942 ad
897 903 1313 942 WITICHIANAS
1338 905 1458 950 prius
1483 903 1764 950 improbatas,
1792 914 1910 940 nunc
1935 914 2040 940 vero

396 962 583 997 nimium
599 971 624 997 a
642 970 687 996 re
703 958 905 996 laudatas
917 957 1254 996 Observationes
1267 968 1317 994 ac
1329 956 1730 1000 demonstrationes,
1748 967 1854 1002 qvas
1871 955 2040 994 SCUL-

395 1012 583 1051 TETUS
595 1013 648 1050 ab
661 1012 763 1059 ipso,
777 1013 838 1049 uti
849 1010 1019 1053 fatetur,
1036 1009 1274 1054 instruetus,
1287 1012 1333 1047 in
1344 1010 1540 1047 medium
1552 1009 1742 1057 protulit.
1755 1009 1910 1056 Neqve
1922 1011 2040 1047 enim

397 1078 470 1104 eas
485 1065 680 1112 Witichij
704 1065 819 1102 fuisse
841 1064 1128 1111 denegavero,
1150 1063 1357 1110 fiqvidem
1378 1074 1470 1101 non
1489 1062 1543 1100 est
1564 1064 1639 1100 nix
1660 1064 1751 1100 nivi
1770 1062 1958 1107 similior,
1979 1068 2039 1100 at-

397 1131 477 1167 qve
498 1119 584 1156 istae
606 1118 994 1156 demonstrationes
1010 1116 1207 1154 Witichii
1228 1116 1357 1163 ipfius
1374 1118 1419 1154 in
1437 1116 1810 1154 observationibus
1827 1117 2040 1163 imperitae

397 1172 610 1220 qvadrant
621 1171 908 1219 negligentiae,
924 1170 1034 1208 mihi
1045 1169 1143 1217 plus
1154 1169 1264 1213 satis,
1278 1181 1378 1207 cum
1390 1169 1461 1207 hic
1473 1169 1637 1213 adesset,
1655 1169 1906 1216 exploratae.
1924 1169 2041 1207 Cum

397 1231 543 1264 autem
569 1225 760 1272 plurima
784 1224 957 1267 fuerint,
984 1235 1081 1271 qvae
1107 1223 1461 1261 observationum
1485 1222 1661 1260 istarum
1686 1222 2039 1266 imbecillitatem,

396 1281 664 1325 nimiamqve
680 1278 974 1315 deviationem
986 1277 1268 1324 prodiderint,
1286 1288 1383 1323 qvae
1395 1278 1441 1314 in
1452 1276 1542 1324 ipso
1554 1275 1665 1313 libro
1678 1287 1704 1313 a
1715 1287 1786 1313 me
1798 1275 2041 1313 luculenter

395 1331 607 1379 patefacta
623 1331 730 1375 sunt,
748 1343 823 1368 cur
840 1330 996 1377 qvaeso,
1013 1328 1170 1368 relictis
1186 1329 1391 1367 omnibus
1403 1331 1582 1373 caeteris,
1599 1329 1720 1367 istam
1731 1328 1868 1367 solam
1879 1328 2039 1366 insuffi-

397 1387 612 1427 cientiam,
621 1396 706 1431 qva
714 1384 889 1422 ostendo
899 1384 1131 1422 Cometam
1140 1388 1336 1430 tempore
1347 1382 1659 1421 observationis
1669 1394 1760 1420 non
1769 1382 1884 1420 fuisse
1894 1383 1940 1419 in
1949 1393 2040 1420 uno

396 1438 600 1481 verticali,
623 1449 722 1475 curn
743 1437 939 1485 allegatis
960 1436 1098 1480 stellis,
1120 1437 1288 1483 arripis,
1310 1436 1348 1474 ἃ
1368 1438 1587 1474 immerito
1604 1434 1806 1473 accusas?
1828 1435 2041 1481 Qvamvis

397 1497 436 1530 et
456 1491 552 1529 haec
572 1503 649 1539 per
668 1490 721 1534 se,
744 1490 908 1528 etiamsi
928 1490 1055 1537 plura
1076 1501 1168 1526 non
1190 1495 1510 1532 concurrerent,
1532 1489 1630 1527 satis
1647 1488 1959 1527 observationis
1977 1490 2040 1526 in-

397 1547 564 1583 curiam
584 1550 712 1591 atqve
728 1543 1014 1581 frustraneam
1031 1554 1213 1590 operam
1230 1545 1473 1581 convincat.
1496 1542 1612 1581 Cum
1629 1544 1747 1580 enim
1763 1541 1853 1589 ipsa
1868 1541 2039 1579 Proble-

396 1600 523 1636 matis
544 1597 786 1645 suppositio,
809 1596 924 1644 qvod
941 1596 995 1634 est
1011 1598 1057 1634 in
1073 1596 1183 1634 libro
1200 1595 1502 1640 DIGESSAEI,
1524 1607 1644 1633 num.
1662 1596 1704 1634 19
1725 1595 1847 1642 (narn
1864 1595 1979 1642 qvod
1994 1596 2041 1632 in

396 1663 496 1689 meo
512 1651 621 1689 libro
638 1662 716 1698 pro
734 1650 903 1688 decimo
920 1649 1036 1688 sexto
1053 1649 1282 1692 indicatur,
1299 1651 1470 1688 incuria
1481 1648 1762 1697 Typographi
1774 1649 2041 1686 commissum

397 1704 468 1751 est)
491 1716 543 1742 ex
565 1716 649 1752 qvo
665 1703 993 1742 WITICHIUS
1014 1703 1129 1740 hanc
1146 1702 1505 1740 informationem
1520 1702 1672 1747 hausit,
1695 1714 1780 1750 qva
1795 1701 2040 1740 SCULTE·

396 1758 529 1796 TUM
542 1757 685 1805 postea
696 1755 1011 1795 instructiorem
1023 1756 1218 1799 reddidit,
1229 1757 1460 1794 necessario
1472 1756 1568 1794 haec
1580 1758 1781 1803 reqvirat,
1793 1753 2041 1794 utexbinis

397 1810 702 1849 Pbaenomeni
720 1808 855 1849 factis
877 1808 1328 1857 considerationibus,
1348 1808 1504 1858 prima
1529 1807 1752 1857 distantiae
1775 1808 1878 1858 ejus
1901 1818 2039 1857 appa-

397 1863 545 1902 rentis
558 1875 585 1901 a
598 1863 777 1901 duabus
788 1862 896 1901 fixis
907 1862 954 1900 in
968 1863 1129 1901 eodem
1146 1861 1242 1911 ipso
1257 1862 1474 1901 verticali
1488 1860 1796 1910 existentibus,
1806 1860 2012 1910 secunda
2024 1857 2039 1911 ΙΙ

398 1916 600 1966 cognitis
624 1915 806 1964 rursum
832 1915 1138 1954 Pbaenomeni
1160 1915 1497 1964 apparentibus
1522 1916 1579 1954 ab
1603 1915 1769 1965 ijsdem
1795 1913 1915 1960 fixis,
1943 1915 2038 1952 tum

398 1970 537 2008 etiam
555 1981 581 2008 a
600 1969 775 2008 vertice
796 1968 1134 2008 remotionibus
1156 1979 1247 2006 una
1267 1979 1372 2007 cum
1391 1969 1531 2008 unius
1545 1968 1745 2007 fixarum
1762 1966 2037 2013 elevatione,

398 2035 482 2070 qva
501 2025 628 2070 igitur
649 2023 844 2061 libertate
860 2022 954 2060 fieri
971 2024 1122 2070 potuit,
1145 2027 1191 2060 ut
1211 2024 1257 2059 in
1275 2024 1410 2069 priori
1427 2023 1727 2061 observatione
1743 2033 1884 2069 neqve
1900 2020 2039 2058 stellas

398 2076 520 2123 ipsas,
542 2087 682 2123 neqve
699 2076 932 2114 Cometam
949 2087 1049 2113 cum
1070 2075 1138 2113 his
1154 2075 1224 2113 vel
1240 2075 1449 2114 alterutra
1464 2076 1641 2114 illarum
1657 2078 1704 2114 in
1720 2087 1810 2113 uno
1827 2079 1868 2112 et
1883 2074 2039 2112 eodem

397 2129 602 2172 verticali,
626 2131 715 2166 imo
736 2141 791 2166 ne
814 2130 988 2176 qvidem
1009 2128 1133 2166 simul
1154 2130 1199 2166 in
1221 2129 1377 2167 eodem
1398 2129 1559 2168 circulo
1580 2140 1741 2177 magno
1763 2127 2037 2171 assumserint,

398 2182 481 2219 five
493 2182 739 2225 Witichius,
752 2182 836 2219 slve
849 2182 1075 2226 Scultetus,
1089 2193 1190 2219 cum
1202 2182 1581 2221 demonstrationis
1592 2183 1803 2230 processus
1815 2181 1858 2219 id
1871 2179 2038 2228 exigat?

399 2235 552 2281 Neqve
573 2234 673 2272 sane
695 2237 852 2282 exigua
868 2236 914 2272 in
930 2235 997 2272 his
1013 2237 1225 2281 reperitur
1245 2237 1614 2279 inconvenientia,
1637 2247 1734 2283 qvae
1754 2235 1876 2279 forte,
1897 2233 1927 2271 fi
1946 2245 2039 2271 non

399 2288 509 2325 adeo
527 2288 704 2325 evidens
721 2289 826 2331 esset,
848 2288 1054 2334 aliqvam,
1075 2293 1121 2325 ut
1142 2293 1187 2325 tu
1204 2290 1281 2331 vis,
1303 2295 1543 2327 mereretur
1561 2289 1897 2327 excusationem.
1919 2287 2038 2324 Nam

397 2340 669 2378 verticalium
685 2352 760 2387 per
776 2341 852 2378 7am
869 2341 1167 2378 Andromedae
1184 2341 1424 2380 multorum
1440 2343 1657 2390 graduum
1674 2347 1764 2380 erat
1780 2340 2037 2384 differentia,

398 2399 438 2431 et
454 2405 553 2431 cum
569 2393 698 2437 stella,
716 2405 847 2440 qvam
861 2393 937 2431 8ἒιῐῃ
952 2393 1096 2440 Pegasi
1107 2399 1277 2439 vocant,
1296 2396 1529 2434 Cometam
1543 2395 1732 2433 interdiu
1743 2394 1934 2432 eundem
1944 2404 2037 2431 ver-

398 2446 569 2484 ticalem
586 2447 818 2490 obtinebat,
840 2446 1016 2493 qvando
1033 2458 1112 2484 nec
1128 2448 1175 2490 is,
1197 2458 1277 2486 nec
1294 2449 1411 2487 stella
1427 2451 1545 2487 cerni
1561 2453 1774 2496 poterant,
1795 2453 1841 2486 ut
1857 2447 1953 2485 haec
1969 2457 2037 2484 co-

398 2499 556 2546 piofius
578 2501 624 2536 in
647 2499 736 2546 ipso
760 2499 869 2537 libro
890 2499 1249 2537 demonstrantur.
1274 2503 1497 2540 Ponamus
1518 2513 1635 2546 ver0,
1659 2501 1774 2549 qvod
1795 2512 1886 2539 non
1906 2499 2037 2546 usqve

1925 2554 2037 2593 adeo

2082 808 2111 834 10

2081 1074 2110 1099 15

2078 1340 2111 1364 20

2078 1606 2111 1631 25

2076 1872 2110 1898 30

2063 1920 2123 1951 24Γ

2075 2139 2109 2164 35

2075 2404 2108 2429 40
