2209 3213
364 244 429 281 174
856 238 938 274 DE
960 236 1184 274 MUNDI
1205 235 1507 273 AETHEREI

361 349 443 385 ΧΑ
464 347 659 384 distantia
680 347 772 382 eius
793 355 819 381 a
839 342 1061 389 superficie
1078 342 1225 379 Terrae
1242 341 1288 379 fit
1304 341 1738 379 Semidiarnetrorum
1753 340 1902 379 Terrae
1918 341 1999 385 210,

361 401 494 438 ueluti
518 398 676 436 ibidem
700 399 831 434 etiarn
851 397 1000 442 patuit.
1021 395 1162 432 Verus
1183 399 1332 432 autem
1353 394 1475 432 locus
1499 397 1526 437 Q
1549 405 1625 441 per
1647 394 1811 432 lineam
1831 394 1915 432 AB
1936 406 1999 432 re-

359 452 651 500 praesentatus,
669 462 721 487 ex
738 461 790 487 ea
806 460 940 495 quarn
956 447 1167 486 hactenus
1183 448 1427 494 assequutus
1439 447 1532 484 sum
1543 449 1589 484 in
1599 452 1723 484 motu
1735 449 1828 485 eius
1840 447 1998 485 restitu-

359 509 488 546 tione.
506 510 595 541 erat
612 501 626 553 ΙΙ
643 506 687 540 in
699 507 805 549 part.
819 502 871 539 19.
886 501 948 538 Μ.
961 501 1012 539 50
1028 505 1086 544 Q,
1104 512 1204 538 cum
1215 500 1464 538 Latitudine
1476 500 1518 538 P.
1532 501 1558 537 l.
1572 500 1635 537 M.
1648 500 1699 538 40
1710 501 1864 544 Borea,
1881 500 1998 547 quod
2023 505 2088 535 204

360 570 446 605 quo
459 558 513 595 ad
526 556 860 603 Longitudinem
872 567 898 592 a
911 554 1144 601 Copernici
1161 553 1329 591 calculo
1345 553 1494 591 saltem
1510 554 1533 591 5
1549 553 1771 600 scrupulis,
1788 553 1872 591 hoc
1888 553 1998 598 loco,
2038 564 2052 588 5

359 611 562 654 abundat,
580 612 625 647 in
638 608 883 646 Latitudine
896 619 1004 645 uero
1016 608 1070 645 ab
1083 607 1238 645 eodem
1250 606 1384 654 paulo
1396 606 1494 653 plus
1505 606 1661 644 semisse
1673 606 1832 653 gradus
1844 606 1998 644 deficit.

360 665 569 701 Distantia
590 665 721 700 etiam
737 662 920 698 Veneris
938 672 964 698 a
981 660 1129 704 Terra,
1151 672 1285 707 quam
1306 659 1433 697 refert
1454 659 1572 697 linea
1587 660 1682 703 AB,
1704 661 1826 697 iuxta
1846 660 2000 697 nostrae

360 716 674 764 Hypotheseos‚
696 715 733 752 8(
755 714 1123 752 Obseruationum
1143 716 1188 751 in
1209 718 1332 750 motu
1355 717 1381 756 Ω
1406 714 1608 755 rationes,
1631 718 1722 750 erat
1742 718 1844 750 tunc
1865 713 1999 751 Semi-

358 771 669 808 diametrorum
686 768 832 805 Terrae
857 767 954 809 1185,
978 767 1074 804 licet
1096 769 1218 804 iuxta
1239 766 1473 813 Copernici
1496 765 1784 803 fundamenta
1806 766 1861 804 ad
1884 766 2000 804 idem

357 829 527 869 tempus
545 823 697 860 eadem
714 822 945 868 proueniat
962 820 1397 858 Semidiametrorum
1414 820 1533 862 11653,
1555 819 1742 866 ideoque
1764 819 1814 856 20
1836 821 2000 857 circiter
2042 829 2071 854 ιο

358 876 698 914 Semidiametris
714 874 856 911 nostra
872 875 1027 911 minor.

412 930 494 966 His
515 928 829 976 praeordinatis,
852 939 904 964 ex
921 927 1022 965 dato
1039 938 1146 964 uero
1163 926 1260 964 loco
1280 929 1321 969 Q,
1340 925 1378 963 &
1395 925 1593 964 Cometae
1610 925 1747 973 pofitu
1763 925 2000 963 secundum

358 983 557 1029 Longum
570 982 607 1019 8(
619 982 775 1019 Latum
787 980 870 1018 hoc
882 980 1015 1018 modo
1028 981 1218 1023 assumto,
1235 990 1311 1027 per
1322 979 1663 1026 Triangulorum
1675 979 2001 1026 Sphaericorum

358 1038 547 1073 rationes
570 1034 694 1072 facile
718 1034 922 1072 constabit
943 1034 1085 1071 Arcus
1107 1044 1306 1080 magnus,
1330 1035 1405 1079 qui
1427 1034 1602 1070 metitur
1623 1032 1849 1079 Angulum
1872 1035 1999 1070 inter-

358 1089 578 1135 capedinis
596 1099 760 1129 eorum,
778 1087 895 1134 isque
912 1085 1085 1133 peraaa
1101 1086 1407 1133 supputatione
1419 1087 1643 1123 inuenitur
1655 1085 1697 1122 P.
1710 1086 1772 1124 77.
1786 1086 1849 1123 M.
1862 1087 1906 1123 ll.
1924 1085 1997 1123 At·
2043 1095 2071 1120 15

358 1154 441 1188 que
458 1142 526 1179 hic
544 1140 795 1188 aequipollet
807 1140 983 1187 Angulo
996 1140 1138 1177 BAX.
1157 1139 1306 1185 Quare
1323 1141 1369 1176 in
1379 1139 1618 1186 Triangulo
1635 1138 1718 1176 hoc
1732 1140 1862 1177 XAB
1879 1137 1998 1177 recti—

357 1196 486 1237 lineo,
504 1196 715 1241 quoniam
731 1194 890 1231 dantur
905 1194 1036 1231 ambo
1048 1193 1205 1231 Latera
1220 1193 1338 1230 hunc
1350 1192 1574 1240 Angulum
1593 1192 1648 1230 ad
1660 1193 1700 1229 A
1713 1193 1997 1240 comprehen-

358 1249 515 1289 dentia.
537 1248 618 1284 AB
636 1248 733 1290 1185,
755 1247 841 1284 ΧΑ
859 1247 938 1289 210,
961 1252 1006 1284 ut
1028 1252 1158 1284 antea
1178 1246 1418 1284 indicatum
1435 1245 1501 1289 est,
1523 1257 1613 1283 non
1634 1245 1780 1285 latebit
1797 1246 1997 1294 Angulus

358 1301 499 1342 BXA.
521 1302 562 1338 P.
580 1301 641 1338 92.
660 1301 722 1338 M.
740 1300 801 1338 38.
824 1300 996 1338 Deinde
1013 1302 1058 1337 in
1074 1299 1314 1347 Triangulo
1331 1299 1478 1343 KXA,
1495 1311 1549 1337 ex
1564 1304 1669 1336 noto
1685 1300 1838 1338 Latere
1855 1300 1942 1338 XA
1960 1299 1998 1337 &

357 1354 532 1401 Angulo
543 1354 581 1391 K
590 1354 629 1391 X
638 1354 676 1390 A
689 1365 764 1400 per
776 1353 1148 1400 complementum
1157 1353 1322 1400 Anguli
1331 1353 1371 1390 A
1380 1352 1461 1390 XB
1474 1352 1529 1390 ad
1541 1353 1652 1390 duos
1664 1351 1801 1391 rectos
1813 1355 1997 1401 cognito,
2036 1361 2069 1386 20

357 1407 398 1444 P.
416 1408 477 1445 87.
497 1407 558 1444 M.
576 1407 642 1449 22:
664 1408 842 1444 assumto
858 1406 1031 1453 insuper
1047 1406 1224 1454 Angulo
1242 1406 1329 1444 XA
1338 1406 1388 1450 K,
1411 1407 1486 1452 qui
1506 1405 1825 1453 longitudinem
1845 1407 1998 1444 caudae

357 1460 493 1497 uisam
516 1460 734 1497 mensurat
758 1460 799 1497 Ρ.
817 1460 879 1497 25.
905 1460 1041 1506 (Nam
1063 1460 1161 1497 licet
1184 1461 1295 1497 inter
1316 1459 1654 1497 obseruationes
1677 1460 1762 1497 diei
1785 1460 1887 1497 XIII
1908 1460 1997 1497 No-

357 1514 547 1551 uembris
568 1513 778 1550 referatur
794 1513 1039 1560 Longitudo
1060 1513 1213 1551 caudae
1234 1513 1383 1550 saltem
1403 1512 1453 1550 22
1474 1512 1705 1560 graduum:
1726 1518 1874 1551 tamen
1895 1515 1999 1560 quia

357 1569 604 1604 extremitas
621 1566 710 1613 ipsa
726 1567 780 1604 ob
797 1569 1018 1604 raritatem
1035 1566 1221 1613 conspici
1237 1578 1329 1604 non
1342 1568 1492 1613 potuit,
1510 1570 1601 1603 erat
1613 1577 1665 1604 ea
1676 1566 1914 1614 protenfior
1925 1566 1997 1604 ad-

356 1619 441 1657 huc
465 1631 598 1666 quam
621 1620 854 1666 putabatur
876 1620 931 1658 ad
955 1621 1190 1657 minimum
1210 1619 1233 1657 3
1254 1619 1474 1667 gradibus:
1498 1622 1704 1665 quamuis
1724 1620 1932 1666 exquifita
1952 1622 1998 1657 in
2036 1627 2069 1652 25

356 1673 423 1710 his
435 1673 626 1720 praecifio
639 1684 717 1710 nec
728 1673 782 1710 est
791 1673 1002 1720 possibilis.
1015 1684 1095 1710 nec
1105 1675 1235 1710 etiam
1246 1673 1487 1711 admodum
1495 1672 1741 1719 necessaria)
1752 1685 1842 1710 non
1851 1673 1998 1711 latebit

357 1726 487 1763 Latus
511 1726 598 1763 KX
621 1726 1055 1764 Semidiametrorum
1078 1726 1226 1764 Terrae
1249 1726 1311 1764 96.
1338 1726 1482 1772 Atque
1505 1730 1626 1763 tanta
1650 1726 1729 1764 fuit
1752 1726 1997 1774 Longitudo

356 1791 461 1816 uera
483 1779 634 1816 caudae
651 1781 696 1816 in
712 1779 801 1826 ipso
818 1779 960 1823 Coelo,
982 1781 1330 1826 quamproxime.
1353 1779 1485 1825 Quod
1501 1778 1530 1816 fi
1546 1778 1648 1817 huic
1665 1780 1886 1817 crassitiem
1905 1781 1997 1817 eius

356 1834 467 1869 circa
484 1833 674 1870 mediam
691 1832 1014 1879 elongationem
1031 1833 1190 1870 addere
1206 1833 1391 1876 libuerit,
1409 1844 1461 1870 ea
1476 1834 1597 1870 iuxta
1613 1833 1917 1870 antecedentes
1931 1844 1996 1870 ra-

356 1887 507 1927 tiones,
525 1886 701 1922 assumta
717 1887 836 1932 prius
848 1888 941 1923 eius
953 1885 1108 1923 uifibili
1120 1885 1336 1929 denfitate,
1354 1886 1409 1923 ad
1420 1884 1675 1932 praedictum
1687 1886 1789 1923 XIII
1801 1886 1996 1923 Nouem·
2035 1893 2068 1918 30

356 1937 454 1979 bris,
475 1938 499 1975 6
519 1940 708 1984 partium
730 1938 912 1985 (quanta
932 1939 1020 1976 fere
1041 1944 1143 1976 tunc
1163 1939 1309 1977 medio
1325 1939 1458 1976 modo
1475 1939 1693 1986 apparuit)
1715 1939 1996 1977 Semidiame-

356 1996 521 2028 trorum
538 1991 684 2028 Terrae
701 1991 751 2028 22
768 1994 932 2029 circiter
948 1994 1209 2030 inuenietur.

409 2044 623 2081 Praeterea
639 2046 684 2081 in
701 2044 855 2082 eodem
866 2044 1106 2092 Triangulo
1119 2045 1254 2083 KAX
1266 2045 1393 2083 datur
1404 2045 1490 2082 KA
1502 2045 1781 2092 intercapedo
1798 2047 1996 2082 extremi-

356 2098 453 2133 tatis
474 2097 626 2134 caudae
648 2097 685 2134 8(
705 2097 851 2135 Terrae
873 2097 1031 2136 Semid.
1053 2098 1164 2142 2263,
1187 2110 1287 2145 quae
1307 2098 1390 2136 hac
1411 2100 1580 2136 ratione
1602 2099 1748 2136 euadit
1769 2098 1996 2145 aliquanto

357 2151 509 2191 maior,
531 2161 665 2196 quam
686 2150 813 2196 ipsius
830 2153 980 2197 capitis
996 2153 1197 2195 remotio;
1219 2151 1337 2198 quod
1354 2153 1466 2189 circa
1482 2150 1617 2188 finem
1634 2151 1800 2198 Capitis
1817 2151 1996 2198 Septimi
2034 2159 2067 2184 3⁵

357 2214 447 2239 non
463 2202 560 2239 satis
577 2208 706 2240 antea
722 2203 1077 2241 animaduersum
1094 2210 1196 2247 erat,
1214 2205 1320 2242 dum
1331 2204 1417 2242 illic
1428 2206 1570 2242 maior
1580 2206 1626 2241 in
1637 2206 1850 2251 principio
1863 2215 1997 2251 quam

357 2254 456 2297 fine,
478 2255 630 2293 caudae
651 2256 909 2294 attribuatur
927 2268 953 2294 a
970 2256 1105 2295 Terra
1126 2257 1334 2295 distantia.
1357 2257 1570 2295 Nondum
1592 2259 1709 2294 enim
1730 2257 1825 2295 haec
1847 2259 1997 2295 omnia

357 2319 432 2354 per
453 2308 725 2355 Hypothefin
747 2311 792 2346 in
812 2321 1020 2347 numeros
1041 2315 1163 2348 erant
1184 2310 1382 2353 resoluta,
1405 2310 1475 2348 sed
1498 2310 1780 2348 aestimatione
1804 2310 1997 2356 quadam

356 2360 503 2398 saltem
520 2366 621 2398 tunc
638 2362 971 2408 accipiebantur.
990 2362 1103 2409 Quae
1119 2368 1267 2401 tamen
1283 2363 1567 2410 discrepantia
1583 2362 1768 2410 idipsum
1780 2363 1897 2410 quod
1910 2363 1996 2400 illie

356 2414 671 2457 intendebatur,
693 2426 783 2452 non
804 2415 1044 2453 admodum
1064 2415 1304 2455 labefactat.
1326 2416 1445 2454 Nam
1462 2416 1499 2453 8(
1515 2415 1599 2453 1106
1615 2416 1747 2453 modo
1764 2416 1996 2463 inaequalis
2034 2422 2068 2447 40

357 2466 502 2504 euadit
514 2469 664 2513 capitis
677 2466 714 2504 8(
727 2467 879 2505 caudae
891 2480 917 2505 a
928 2468 1063 2506 Terra
1075 2469 1284 2513 distantia,
1301 2474 1348 2507 ut
1360 2469 1414 2507 ob
1429 2469 1471 2506 id
1488 2474 1771 2506 curuaturam
1787 2469 1995 2516 aliquam,

356 2519 592 2557 secundum
610 2519 784 2567 Optices
800 2523 1002 2565 rationes,
1019 2524 1064 2558 in
1081 2522 1221 2560 cauda
1237 2520 1466 2560 educ'tione
1483 2521 1648 2559 causari
1664 2524 1863 2568 potuerit.

1948 2574 1996 2612 In
