2209 3213
331 223 406 261 226
824 219 906 258 DE
929 220 1154 258 MUNDI
1174 218 1475 257 AETHEREI

330 330 513 366 extruxit
526 327 784 369 Moestlinus,
802 337 889 372 qua
902 326 1106 363 Diarium
1121 328 1214 363 eius
1228 331 1410 369 motum,
1427 331 1520 363 tum
1532 337 1620 373 quo
1632 326 1687 364 ad
1699 325 1858 371 Solem,
1874 332 1968 364 tum

329 393 415 427 quo
438 381 493 418 ad
517 380 780 426 Eclipticam,
805 379 842 415 &
865 381 1091 426 proprium
1115 381 1245 416 etiam
1270 378 1493 422 circulum,
1520 379 1730 426 exposuit;
1756 380 1888 426 idque
1912 380 1967 417 ad

327 433 591 480 singulorum
608 433 776 469 dierum
792 431 955 469 sextam
974 432 1131 469 horam
1151 431 1516 478 pomeridianam,
1537 432 1913 479 quemadmodum
1929 432 1967 470 8(

326 498 405 523 nos
421 486 614 532 superius
628 484 907 531 Ephemerim
919 485 1292 531 Apparentiarum
1305 484 1437 522 huius
1450 485 1660 529 Cometae,
1677 485 1732 523 ad
1749 486 1966 532 quadran-

324 545 409 575 tem
422 550 448 575 a
461 538 646 575 Meridie
663 549 739 583 per
754 537 942 584 singulos
959 540 1089 574 totius
1101 537 1344 575 durationis
1356 549 1382 575 a
1394 538 1520 575 nobis
1532 538 1850 576 animaduersae
1862 538 1965 582 dies,
2004 552 2020 577 5

324 592 639 628 ordinauimus.
658 590 776 636 Quia
791 602 896 627 vero
913 590 1054 628 nostra
1065 590 1247 628 Tabella
1264 602 1317 628 ex
1333 590 1430 637 ipfis
1443 591 1832 629 Obseruationibus
1848 591 1965 629 coeli-

324 651 391 681 tus
408 646 634 691 oportunis
652 643 947 680 Instrumentis
968 643 1139 687 habitis,
1161 643 1199 680 &
1220 655 1242 681 e
1263 643 1461 681 restitutis
1480 646 1544 688 iis,
1566 644 1724 691 quibus
1745 656 1855 692 opus
1876 650 1966 682 erat

322 696 556 734 affixarum
568 697 685 739 locis,
699 698 804 733 citra
814 708 992 734 omnem
1001 696 1239 734 sensibilem
1250 708 1443 734 errorem
1453 696 1725 735 conformata
1735 697 1805 735 est:
1819 697 1964 735 Moest-

321 750 398 787 lini
417 761 533 791 vero,
556 749 627 787 etfi
647 751 809 786 nitatur
830 749 1093 796 quibusdam
1115 751 1247 787 etiam
1264 749 1654 788 Obseruationibus
1674 750 1750 788 suo
1771 751 1965 797 quodam

320 803 453 840 modo
474 804 659 850 acceptis
682 802 809 849 (quas
830 814 921 839 non
937 802 1068 850 vsque
1085 803 1196 841 adeo
1213 803 1426 850 improbo,
1443 803 1473 841 fi
1489 803 1696 841 Fixarum
1712 803 1964 842 adhibuisset
2005 817 2035 842 ιο

320 855 542 893 verificata
558 855 671 901 loca)
688 856 946 902 potissimum
962 860 1110 893 tamen
1126 856 1369 904 Hypothefi
1385 857 1497 895 adeo
1513 856 1748 904 ingeniosae
1764 868 1963 895 accomo-

320 909 420 946 data
441 908 511 946 est:
534 911 878 956 operaeprecium
899 920 969 946 me
990 908 1207 947 facturum
1227 909 1423 953 arbitror,
1442 909 1472 947 fi
1488 915 1633 947 motus
1649 909 1703 947 ab
1719 909 1809 957 ipso
1825 922 1962 948 anno-

319 967 429 999 tatos
446 973 546 999 cum
562 961 713 999 nostris
729 964 941 1000 accuratis
959 962 1348 1000 Obseruationibus
1363 964 1555 1000 inuicem
1572 962 1810 1007 contulero,
1832 963 1963 1010 idque

319 1014 566 1061 praesertim,
584 1026 672 1062 quo
689 1015 743 1052 ad
760 1015 1098 1062 Longitudinem
1113 1015 1332 1062 Eclipticae
1348 1018 1511 1059 attinet,
1528 1018 1597 1053 cui
1614 1018 1758 1053 caeteri
1774 1016 1920 1054 cursus
1936 1028 1963 1054 a

320 1067 418 1105 Sole
436 1067 474 1105 &
490 1066 790 1106 Interfectione
812 1070 857 1105 in
878 1068 920 1106 P.
938 1068 978 1105 21
1001 1072 1040 1111 »Ἀ
1063 1074 1319 1116 congruunt.
1342 1069 1391 1106 In
1411 1069 1672 1113 Latitudine,
1694 1071 1798 1116 quia
1813 1070 1962 1117 Angu-
2005 1082 2035 1107 15

318 1121 409 1158 lum
426 1121 722 1158 inclinationis
737 1121 792 1159 ad
809 1117 824 1170 11
841 1121 1095 1168 Eclipticam
1112 1127 1269 1169 quarta
1284 1124 1483 1169 proxime
1499 1122 1658 1170 gradus
1678 1127 1799 1169 parte
1820 1122 1962 1160 nostro
1987 1129 2052 1160 272

317 1176 534 1211 minorem
546 1174 738 1218 assumfit,
751 1174 955 1212 nonnihil
972 1174 1107 1221 (quod
1118 1180 1268 1213 tamen
1279 1187 1371 1213 non
1383 1175 1494 1213 adeo
1506 1177 1654 1223 magni
1666 1175 1721 1212 est
1732 1176 1961 1222 momenti)

317 1238 343 1264 a
366 1227 516 1265 nostris
539 1227 860 1265 Latitudinibus
884 1228 1054 1271 dissidet,
1080 1228 1317 1275 praesertim
1340 1228 1471 1266 sicubi
1494 1229 1740 1266 euidentior
1762 1231 1894 1267 etiam
1916 1231 1962 1266 in

318 1280 682 1328 Longitudinibus
698 1280 943 1319 differentia
958 1283 1194 1319 inuenitur.

317 1394 605 1433 COLLATlO
631 1395 815 1433 DIARII
839 1395 1049 1434 MOTUS
1071 1396 1336 1434 COMETAE
1357 1396 1434 1434 EX
1455 1396 1758 1435 MOESTLINI
1779 1396 1959 1435 HYPO·
1998 1409 2032 1434 20

453 1457 639 1501 THESI,
662 1458 699 1495 8(
721 1457 874 1496 HUIC
895 1457 1359 1496 SUPERSTRUCTIS
1381 1458 1662 1502 NUMERIS,
1685 1458 1821 1497 CUM

535 1519 772 1557 NOSTRA
794 1520 871 1557 EX
893 1520 1446 1559 OBSERUATIONIBUS
1468 1520 1735 1559 COELITUS

783 1581 1022 1620 HABITIS
1042 1582 1488 1620 ANNOTATIONE.

390 1651 431 1689 D
448 1652 564 1690 diem
580 1652 682 1690 XIII
699 1652 980 1696 Nouembris,
1003 1664 1091 1700 quo
1112 1652 1183 1691 hic
1200 1653 1387 1691 Cometa
1406 1653 1532 1691 nobis
1548 1655 1740 1701 primum
1756 1655 1957 1697 innotuit,

428 1705 765 1752 Longitudinem
786 1707 880 1744 eius
900 1706 1040 1744 statuit
1060 1705 1427 1750 MOESTLINVS‚
1451 1709 1497 1744 in
1517 1707 1559 1745 P.
1577 1707 1622 1747 74}
1648 1712 1689 1751 z,
1711 1718 1810 1754 quae
1831 1706 1957 1744 nobis
1995 1720 2028 1744 25

313 1758 367 1795 est
388 1760 433 1795 in
459 1758 500 1796 P.
521 1759 579 1802 7⁷3,
600 1758 629 1796 fi
650 1759 1005 1797 Meridianorum
1025 1759 1317 1797 differentiam
1338 1759 1546 1798 adhibere
1567 1760 1756 1803 libuerit;
1778 1762 1824 1797 in
1844 1760 1956 1797 Lati—

312 1811 462 1849 tudine
483 1811 647 1849 nullius
667 1814 879 1850 momenti
896 1812 950 1850 est
966 1815 1166 1857 varietas,
1188 1815 1278 1850 imo
1299 1812 1388 1850 fere
1404 1815 1450 1850 in
1467 1813 1622 1851 eodem
1638 1813 1839 1860 scrupulo
1856 1824 1956 1850 con-

313 1863 531 1908 sentimus,
555 1864 584 1902 si
606 1865 817 1909 locorum,
842 1877 931 1912 quo
954 1866 1009 1904 ad
1031 1865 1306 1904 Meridianos
1329 1864 1573 1910 disiunctos,
1596 1865 1810 1904 habeatur
1832 1867 1955 1904 ratio.

314 1916 517 1955 Existimo
530 1919 647 1955 enim
658 1918 805 1955 locum
816 1918 1144 1957 Obseruationis
1156 1919 1367 1957 Moestlini
1377 1919 1493 1957 fuisse
1506 1919 1648 1957 nostro
1659 1919 1815 1957 semisse
1827 1921 1957 1956 vnius

313 1969 436 2007 horae
452 1969 540 2008 fere
557 1970 964 2010 Occidentaliorem.
985 1972 1048 2010 Ea
1064 1984 1168 2010 vero
1185 1984 1285 2019 quae
1302 1972 1418 2010 estin
1435 1972 1725 2020 Longitudine
1741 1972 1831 2020 ipsa
1846 1974 1957 2009 inter
1994 1984 2028 2009 30

314 2034 394 2059 nos
415 2023 710 2070 discrepantia,
731 2036 823 2061 non
843 2025 954 2062 adeo
975 2025 1261 2063 intolerabilis
1281 2025 1403 2069 foret,
1420 2025 1449 2063 fi
1465 2037 1556 2063 non
1571 2025 1794 2063 successiue
1815 2027 1957 2063 maior

314 2075 530 2113 euaderet.
548 2076 667 2114 Nam
681 2077 748 2115 die
761 2077 964 2124 sequente
976 2078 1180 2116 semissem
1191 2080 1321 2116 vnius
1332 2079 1491 2126 gradus
1503 2078 1682 2123 excedit,
1699 2078 1768 2116 die
1779 2077 1861 2115 XV
1872 2083 1957 2116 tres

313 2134 502 2175 quartas,
524 2134 654 2176 atque
675 2131 733 2167 ita
753 2129 905 2168 sensim
926 2136 1119 2179 augetur,
1142 2132 1253 2169 adeo
1269 2137 1313 2169 vt
1328 2131 1430 2169 XVI
1449 2132 1518 2169 die
1537 2133 1753 2179 integrum
1772 2131 1956 2178 gradum

312 2181 526 2228 adaequet,
553 2181 590 2219 8(
613 2182 787 2230 singulis
809 2185 942 2221 ternis
962 2184 1329 2231 subsequentibus,
1354 2186 1486 2222 etiam
1508 2184 1633 2222 illum
1656 2184 1776 2231 quafi
1796 2186 1815 2223 3
1836 2183 1955 2222 exsu-

312 2240 443 2281 peret,
460 2234 592 2281 idque
604 2235 735 2282 vsque
752 2238 797 2273 in
813 2236 929 2274 diem
945 2236 1041 2281 XX,
1059 2249 1147 2284 quo
1163 2237 1309 2275 rursus
1320 2237 1404 2275 hoc
1416 2237 1644 2275 discrimen
1655 2239 1784 2274 vnius
1795 2237 1955 2284 gradus
1993 2249 2026 2274 35

313 2287 471 2331 euadit,
494 2287 531 2324 &
552 2288 696 2334 postea
716 2289 979 2335 pedetentim
1000 2292 1288 2335 imminuitur,
1312 2291 1451 2328 donec
1472 2292 1594 2328 iuxta
1614 2290 1739 2327 XXV
1756 2289 1793 2327 8(
1809 2289 1954 2328 XXVI

312 2340 632 2387 propemodum
655 2343 766 2378 inter
788 2353 869 2379 nos
891 2345 1142 2387 conueniat;
1166 2344 1220 2381 ab
1242 2355 1294 2381 eo
1315 2355 1420 2381 vero
1440 2348 1648 2390 tempore,
1673 2343 1858 2380 excessus
1878 2345 1954 2390 qui

311 2394 430 2439 prius
447 2398 537 2431 erat
553 2394 670 2441 apud
687 2394 988 2433 MOESTLINI
1005 2408 1226 2439 numeros,
1244 2408 1362 2434 nunc
1378 2396 1433 2434 ad
1449 2396 1614 2434 nostros
1630 2396 1877 2443 digreditur,
1894 2398 1954 2434 ita

310 2451 353 2482 vt
370 2445 513 2492 postea
529 2446 626 2493 plus
642 2446 897 2490 habeamus,
915 2459 1049 2495 quam
1065 2449 1150 2493 ille,
1171 2451 1217 2486 in
1234 2449 1536 2497 Longitudine,
1554 2460 1654 2486 cum
1670 2451 1790 2495 prius
1806 2451 1952 2486 minus

310 2499 628 2537 inueniebatur.
651 2499 734 2537 Sed
754 2500 990 2538 tolerabilis
1012 2501 1066 2539 est
1085 2501 1341 2546 differentia,
1362 2507 1520 2549 vtpote,
1542 2513 1642 2549 quae
1658 2501 1789 2549 vsque
1809 2504 1853 2540 in
1869 2504 1952 2549 pri·
1990 2513 2024 2538 40

1827 2566 1950 2592 mum
