2209 3213
78 559 111 590 lr

77 829 107 854 lo

77 1050 106 1075 15

74 1271 106 1296 20

74 1493 107 1518 25

74 1713 107 1739 30

74 1935 107 1961 35

75 2157 109 2183 40

148 340 883 408 CAPNURANIAE
924 338 1546 407 RESTINCTIO
1586 338 1783 406 SEU

245 428 693 474 COMETARUM
718 428 1122 530 INRJEEg'UI-TIRTIVQIQ)
1142 427 1688 473 SUBLIMATIONIS

146 581 292 589 ........
303 559 483 596 neqveat.
496 556 808 587 Graduationem
822 556 1004 596 Mercurij
1018 556 1230 596 praetendis
1243 566 1265 587 a
1276 556 1608 588 terrestriArcheo
1621 555 1785 587 factam:

143 601 209 633 ubi
229 601 294 632 iste
314 602 515 632 veterator
534 600 698 637 habitat,
720 600 757 631 in
779 600 1007 632 cavernisne
1021 600 1165 637 Terrae,
1188 603 1255 631 avt
1275 600 1398 632 furnis
1414 600 1570 632 vestris?
1592 600 1672 632 Illic
1690 599 1789 632 Mer-

143 645 297 678 curium
318 645 355 676 in
376 644 584 676 minimam
605 644 689 675 avri
709 647 864 684 partem
883 645 1120 684 graduatum
1137 653 1255 676 nemo
1271 653 1447 684 unqvam
1464 645 1618 684 reperit.
1642 644 1729 676 Duo
1750 644 1789 675 in

143 691 283 721 natura
305 691 530 726 occurrunt,
553 697 722 728 qvorum
739 688 777 719 vi
796 688 1048 720 alterationes
1064 689 1093 719 8(
1111 689 1339 729 digestiones
1359 689 1516 728 proprie
1536 689 1650 720 fiunt:
1673 689 1790 720 Calor

143 735 173 766 8(
194 733 329 774 frigus:
351 733 407 765 isti
427 733 730 773 congelationes,
753 732 804 763 illi
826 732 1054 773 digestiones
1069 732 1304 769 tribuuntur,
1326 733 1364 764 in
1385 733 1525 772 qvibus
1542 733 1669 764 aliena
1687 733 1790 773 sepa-

143 780 290 810 rantur.
313 777 351 809 Si
371 777 485 818 igitur
505 777 640 809 calore
659 777 703 808 fit
723 776 791 808 ista
808 776 976 817 digestio,
999 785 1090 808 cum
1108 777 1251 809 caloris
1268 777 1305 808 vi
1322 777 1449 809 aliena
1466 777 1729 815 secernantur,
1752 777 1790 808 in

143 822 210 854 ista
227 821 496 863 graduatione,
516 823 583 852 avt
600 821 819 853 Mercurius
835 821 992 861 prorsus
1009 821 1058 852 ab
1076 830 1173 853 avro
1191 821 1403 861 separatur,
1425 824 1491 852 avt
1508 822 1532 853 si
1549 822 1674 859 subsit,
1696 830 1789 853 cum

144 867 253 899 calor
268 866 361 898 nihil
377 866 684 906 heterogeneum
699 865 904 905 relinqvat,
922 865 1142 896 Mercurius
1155 865 1246 905 qvid
1259 865 1343 896 avri
1355 866 1448 897 erit?
1465 866 1571 905 qvod
1585 874 1634 897 ne
1643 866 1790 906 juranti

142 911 211 943 tibi
227 911 431 951 qvisqvam
448 910 593 942 credet.
614 909 814 941 Utrobivis
830 909 943 950 igitur
959 910 1021 941 ille
1034 910 1225 941 Archaevs
1241 910 1452 947 delitescat,
1469 918 1560 941 cum
1573 918 1664 941 eum
1677 918 1791 950 opor-

142 958 223 987 teat
238 955 381 986 caloris
397 955 435 986 vi
451 954 680 995 digestiones
697 954 864 994 operari,
883 954 1125 985 Mercurium
1142 963 1240 994 puro
1258 957 1430 994 putoqve
1445 963 1542 986 avro
1555 954 1698 986 subesse
1710 963 1790 986 non

143 999 322 1040 patietur.
345 999 497 1031 Adhaec
514 1007 656 1030 avrum
673 999 702 1030 8(
719 1001 937 1038 argentum,
959 998 1141 1038 qvamvis
1157 998 1206 1030 ab
1223 998 1309 1038 igne
1325 1007 1404 1030 non
1421 999 1688 1036 absumantur,
1711 1007 1790 1030 non

145 1043 312 1083 seqvitur
327 1043 399 1075 esse
415 1045 621 1083 perpetua:
644 1042 693 1074 ab
714 1051 774 1080 eo,
796 1043 901 1082 qvod
919 1042 1134 1074 seeundum
1151 1042 1242 1082 qvid
1258 1042 1321 1080 est,
1344 1045 1385 1074 ut
1402 1042 1625 1083 simpliciter
1640 1043 1683 1074 fit
1697 1043 1787 1074 tale.

143 1087 246 1120 Nam
263 1088 368 1127 qvod
385 1086 556 1128 perfecte
572 1087 820 1127 homogenea
837 1087 907 1118 [int
923 1094 1104 1127 corpora,
1122 1087 1151 1118 8(
1168 1086 1314 1127 integre
1330 1087 1465 1124 mixta,
1487 1086 1583 1127 ignis
1601 1086 1790 1127 perdendi

143 1141 190 1164 ea
210 1133 359 1164 nullam
375 1131 455 1163 vim
476 1131 607 1168 habet,
630 1131 694 1163 sed
714 1131 753 1162 in
774 1131 899 1171 specie
921 1131 986 1162 sua
1008 1131 1277 1163 conservandi.
1300 1131 1396 1162 Sunt
1411 1131 1441 1162 &
1458 1131 1535 1162 alia
1552 1132 1601 1162 fic
1618 1130 1790 1171 perfecte

142 1179 277 1214 mixta,
296 1185 385 1216 qvae
400 1175 496 1216 ignis
511 1177 592 1207 vim
609 1175 750 1213 ferunt,
767 1178 809 1206 ut
822 1175 1010 1213 Adamas,
1027 1175 1112 1215 igne
1129 1176 1159 1206 8(
1175 1175 1280 1207 ferro
1297 1175 1582 1215 insuperabilis:
1600 1175 1666 1215 qvi
1677 1176 1702 1206 fi
1717 1175 1791 1206 hir-

143 1221 231 1253 cino
248 1220 430 1261 sangvine
446 1229 525 1252 non
543 1220 714 1257 solvitur,
731 1220 843 1251 aliter
854 1220 1036 1251 demoliri
1047 1228 1126 1251 non
1138 1220 1272 1259 potest.
1291 1220 1348 1250 Ita
1360 1220 1621 1251 dubitandum
1633 1228 1712 1251 non
1723 1219 1787 1257 est,

143 1265 233 1297 licet
242 1265 338 1305 ignis
350 1273 491 1296 avrum
503 1272 582 1296 non
594 1265 744 1304 perdat,
756 1264 820 1295 sed
832 1264 1048 1301 conservet,
1061 1266 1102 1295 ut
1114 1263 1285 1304 perfecte
1297 1264 1602 1304 homogeneum,
1616 1264 1692 1295 alia
1704 1264 1788 1302 esse‚

144 1319 232 1350 qvae
244 1309 347 1341 hanc
360 1309 441 1340 vim
452 1308 491 1340 in
503 1317 644 1340 avrum
656 1308 840 1340 habeant.
849 1309 974 1348 Aqva,
986 1317 1075 1348 qvae
1086 1308 1199 1348 Regia
1212 1308 1364 1345 dicitur,
1377 1308 1413 1348 ip
1420 1308 1502 1339 sum
1516 1308 1640 1348 speeie
1652 1308 1718 1339 sua
1728 1317 1790 1340 ex-

142 1354 213 1385 uit:
228 1353 442 1386 reducibile
455 1353 626 1393 qvidem‚
640 1355 816 1384 attamen
828 1361 974 1384 nomen
988 1352 1097 1384 suum
1109 1355 1195 1383 tum
1206 1352 1282 1390 hic,
1294 1355 1379 1383 tum
1391 1353 1427 1383 in
1441 1352 1524 1393 alijs
1536 1352 1790 1384 mixtionibus

143 1398 296 1430 amittit.
321 1397 426 1429 Num
447 1397 650 1428 vitrificari
673 1396 818 1437 potest?
841 1397 879 1428 Si
901 1396 1035 1437 potest,
1059 1405 1138 1428 non
1161 1397 1347 1428 reddetur
1368 1397 1511 1428 iterum
1534 1396 1788 1428 inalterabile.

144 1442 334 1480 Qvamvis
350 1442 464 1482 igitur
479 1442 679 1482 ignoretur
693 1442 752 1472 vis
769 1441 853 1472 avri
869 1441 1038 1481 perdens
1058 1442 1200 1481 (neque
1220 1441 1326 1472 enim
1346 1441 1439 1472 utile
1457 1441 1508 1473 est
1528 1441 1636 1481 scire)
1655 1443 1790 1472 tamen

144 1486 396 1526 corruptibile
417 1486 501 1523 esse,
524 1488 677 1517 certum
698 1485 762 1523 est,
784 1494 877 1517 cum
898 1486 941 1516 fit
961 1486 1146 1525 genitum.
1170 1486 1213 1516 Et
1230 1485 1254 1516 fi
1272 1485 1496 1517 communis
1512 1485 1691 1517 omnium
1712 1494 1791 1517 me-

142 1532 329 1563 tallorum
350 1530 517 1562 materia
539 1530 602 1567 est,
624 1538 717 1561 curn
738 1530 905 1561 materia
922 1530 964 1560 fit
979 1538 1027 1561 ea
1042 1529 1099 1561 rei
1114 1539 1218 1569 pars,
1241 1531 1317 1569 qva
1338 1529 1461 1569 potest
1481 1537 1561 1561 non
1576 1529 1661 1567 esse,
1683 1529 1790 1569 qvod

143 1575 207 1613 est,
224 1575 253 1606 8(
270 1583 317 1607 eo
334 1575 470 1615 magis,
494 1583 571 1614 qvo
589 1574 718 1606 minus
734 1574 785 1606 est
801 1574 1035 1614 propinqva,
1059 1577 1165 1605 certe
1182 1574 1207 1605 fi
1223 1582 1347 1605 unum
1364 1573 1615 1614 corruptibile
1632 1574 1686 1611 sit,
1707 1573 1791 1605 reli-

144 1629 221 1660 qva
237 1622 361 1651 erunt.
380 1618 622 1650 Mutabilitas
637 1619 743 1650 enim
759 1618 811 1650 est
826 1618 1000 1659 potentia
1017 1618 1055 1649 in
1071 1618 1250 1655 materia,
1268 1619 1344 1657 qva
1357 1618 1479 1658 potest
1490 1627 1569 1650 non
1581 1618 1666 1655 esse‚
1684 1618 1791 1658 qvod

143 1664 211 1696 est:
228 1663 527 1695 immutabilitas
539 1663 654 1703 hujus
665 1663 831 1703 negatio.
850 1663 898 1694 At
909 1662 1013 1694 idem
1026 1663 1073 1694 de
1085 1663 1228 1694 eodem
1241 1662 1445 1700 affirmari,
1459 1663 1488 1694 8(
1500 1662 1633 1703 negari
1645 1662 1789 1702 neqvit,

143 1717 215 1740 nec
231 1708 345 1749 igitur
359 1707 502 1748 poterit
517 1708 613 1744 fieri,
631 1710 673 1739 ut
689 1707 802 1738 unius
818 1707 996 1738 materiae
1014 1706 1187 1747 respectu
1201 1706 1331 1747 aliqva
1344 1707 1412 1738 fint
1425 1706 1641 1744 mutabilia,
1659 1706 1790 1746 aliqva

143 1752 416 1790 immutabilia,
434 1751 664 1783 naturaliter
678 1751 881 1783 nimirum:
903 1754 944 1782 ut
961 1760 1054 1783 curn
1070 1760 1193 1782 unum
1209 1751 1414 1782 metallum
1431 1751 1620 1783 mutabile
1636 1751 1689 1788 fit,
1707 1750 1791 1782 reli-

144 1806 221 1837 qva
237 1797 405 1828 eandem
421 1796 697 1836 participantia
713 1796 936 1833 materiam,
954 1795 1157 1827 mutabilia
1174 1795 1246 1827 esse
1263 1798 1455 1835 oporteat.
1476 1795 1578 1827 Nihil
1594 1796 1725 1835 itaqve
1741 1803 1790 1827 ex

143 1841 311 1873 terrestri
325 1842 392 1873 tua
404 1840 651 1881 Astronomia
669 1840 977 1872 consentaneum
994 1840 1108 1878 eruis,
1126 1848 1203 1880 qvo
1215 1839 1380 1871 Planetis
1391 1840 1421 1871 8(
1433 1839 1605 1871 Cometis
1620 1840 1790 1872 eandem

145 1885 287 1918 subesse
313 1885 522 1917 materiam
548 1885 707 1925 probes:
739 1885 769 1915 8(
798 1885 922 1916 multo
948 1884 1077 1916 minus
1102 1884 1256 1916 veritati
1281 1884 1498 1916 consonum
1524 1884 1587 1921 est,
1614 1884 1720 1924 qvod
1744 1883 1790 1925 ijs

145 1930 314 1962 ascribis.
342 1930 426 1961 Iam
447 1929 551 1961 enim
573 1929 822 1966 ostendimus,
844 1928 958 1960 unius
979 1929 1157 1960 materiae
1178 1929 1306 1966 cavsa‚
1329 1929 1359 1960 8(
1379 1927 1566 1968 respectu,
1587 1937 1666 1960 non
1686 1928 1790 1968 posse

145 1975 221 2006 alia
237 1974 454 2012 mutabilia,
472 1974 549 2005 alia
564 1973 827 2005 immutabilia
843 1973 916 2005 esse
932 1974 994 2005 vel
1010 1973 1097 2004 dici.
1115 1973 1291 2005 Coelestia
1305 1973 1409 2004 nulla
1422 1973 1574 2005 ratione
1585 1972 1790 2005 mutabilia

144 2019 364 2051 existimare
380 2018 590 2059 possurnus.
608 2018 861 2049 Vocabulum
877 2017 982 2049 enim
998 2017 1173 2057 potentia
1190 2017 1241 2048 ad
1257 2017 1518 2049 mutationem
1535 2017 1737 2057 fignificat:
1760 2017 1791 2048 8(

144 2063 319 2104 potentia
334 2063 417 2103 post
434 2061 567 2094 aetum
584 2062 694 2094 suum
711 2062 893 2094 noscitur.
916 2061 1020 2093 Nam
1038 2062 1143 2101 qvod
1160 2062 1214 2100 sit,
1236 2070 1284 2093 ex
1301 2060 1389 2093 actu
1406 2061 1728 2101 deprehenditur:
1752 2064 1791 2093 at

145 2108 251 2140 nulla
267 2117 443 2148 unqvam
463 2107 501 2139 in
522 2107 743 2139 coelestibus
764 2106 1039 2138 animadversa
1060 2106 1111 2138 eft
1132 2106 1311 2144 mutatio,
1333 2108 1375 2137 ut
1394 2107 1612 2146 potentiam
1632 2106 1720 2146 ipsis
1741 2106 1791 2138 ad

146 2161 235 2184 eam
256 2152 381 2190 inesse,
404 2152 467 2184 sev
487 2151 692 2183 mutabilia
709 2151 839 2183 dicere
857 2159 1113 2190 neqveamus.
1137 2150 1210 2182 Hic
1227 2153 1268 2182 tu
1285 2151 1335 2182 ad
1351 2150 1522 2191 primam
1538 2150 1792 2182 dubitationis

144 2198 223 2228 tuae
245 2196 380 2228 ansam
399 2196 617 2236 confugies;
639 2196 747 2227 illam
764 2195 1033 2235 septuagesimi
1049 2195 1206 2226 secundi
1221 2195 1322 2226 Anni
1337 2195 1601 2235 prodigiosam
1618 2195 1790 2233 Stellam,

145 2243 222 2281 qva
244 2241 403 2281 qvidem
423 2241 533 2272 illum
555 2240 834 2272 admirandum
855 2242 1009 2271 naturae
1030 2239 1304 2279 indagatorem
1325 2239 1354 2270 8(
1374 2239 1679 2271 monstratorem
1698 2239 1792 2271 ARI—

145 2285 417 2322 STOTELEM,
443 2285 601 2325 eJ'usqve
626 2283 816 2316 doctrinae
842 2284 1142 2324 approbatores,
1169 2284 1219 2316 fic
1244 2284 1411 2316 ludibrio
1435 2284 1630 2324 expolitos
1655 2284 1725 2321 ais,
1751 2286 1793 2315 ut

145 2330 291 2362 mirum
305 2332 344 2361 te
360 2329 518 2367 habeat,
539 2329 613 2361 hos
629 2329 678 2360 ab
696 2328 922 2360 inveteratis
938 2328 1148 2366 erroribus,
1166 2329 1214 2360 de
1231 2327 1445 2360 coelestium
1461 2328 1791 2365 immutabilitate,

103 2380 118 2393 v
146 2383 226 2407 non
247 2373 483 2414 resipiscere:
506 2382 599 2405 cum
619 2376 669 2411 te,
691 2372 863 2412 aliosqve
885 2372 1134 2404 Geometrice
1155 2371 1462 2416 demon-nstrasse
1483 2372 1664 2405 noverint
1683 2373 1792 2404 illum

146 2419 185 2450 in
200 2418 378 2450 altissimo
395 2418 561 2450 AEthere
577 2417 753 2449 extitisse:
774 2417 880 2457 qvod
897 2417 1045 2448 nullam
1062 2417 1100 2448 in
1116 2417 1396 2449 convolutione
1413 2417 1478 2449 sua
1495 2417 1715 2458 parallaxin
1731 2426 1794 2449 ex—

146 2463 326 2496 hibuerit.
345 2462 434 2495 Non
446 2462 506 2494 vis
521 2470 613 2502 ergo
630 2462 693 2493 hic
710 2464 864 2493 naturae
877 2461 1113 2493 Miraculum
1130 2461 1353 2501 agnoscere,
1371 2461 1396 2492 fi
1413 2461 1495 2499 fuit,
1513 2462 1577 2493 sed
1593 2462 1712 2494 etiam
1729 2461 1793 2493 ali-

148 2515 267 2547 qvam
284 2507 449 2539 notham
466 2507 650 2538 Fixarum
666 2505 895 2546 progeniem
911 2505 1042 2538 infers.
1064 2506 1130 2537 Fui
1141 2508 1227 2537 tum
1242 2505 1444 2546 temporis,
1462 2514 1554 2537 curn
1571 2508 1791 2546 appareret.

1631 2552 1792 2609 Clariss.
