2209 3213
512 231 1034 272 RECENTIORIBUS
1054 229 1512 270 PHAENOMENIS
1766 229 1834 267 231

193 346 258 379 tro
279 339 566 388 respondebit;
588 340 767 386 quando
787 351 892 377 vero
913 339 1007 377 ΗΟ
1024 338 1063 376 8(
1079 338 1172 376 HK
1192 337 1374 376 dimidio
1393 336 1649 383 Quadrante
1670 335 1835 379 distant,

194 396 272 432 erit
287 393 459 431 libratio
475 392 513 430 8(
531 392 716 430 Cometa
732 392 818 439 ipse
834 394 879 430 in
896 392 952 438 Q;
969 391 1165 430 absoluto
1180 402 1285 428 vero
1302 392 1468 438 integro
1485 389 1742 436 Quadrante
1759 390 1837 426 erit

194 447 348 484 eadem
369 448 414 483 in
432 445 480 489 T,
502 445 540 483 &
561 445 748 483 Cometa
767 457 844 493 per
864 445 979 483 hanc
999 447 1044 482 in
1066 445 1118 482 O.
1140 444 1293 482 Itidem
1314 446 1359 481 in
1380 443 1516 481 altera
1536 447 1656 490 parte
1678 441 1838 479 circelli

193 500 308 537 TPR
323 499 418 537 fieri
434 498 710 546 intelligatur.
728 498 791 536 Ex
808 498 890 536 hac
902 509 1007 536 vero
1019 497 1263 535 librationis
1275 496 1530 544 Hypothesi,
1548 507 1647 543 quae
1661 507 1713 533 ex
1724 496 1837 533 binis

141 566 157 591 5
194 552 292 600 alijs
312 552 494 589 circellis
514 551 772 598 aequalibus,
794 563 984 599 quorum
1004 551 1183 588 alterius
1203 550 1423 587 reuolutio
1442 549 1576 596 dupla
1592 548 1647 586 est
1663 548 1718 586 ad
1735 548 1837 586 alte-

194 617 304 648 rum,
325 605 458 652 idque
478 607 525 642 in
544 610 688 651 partes
709 606 949 642 contrarias
973 604 1032 650 (vt
1052 603 1148 641 haec
1170 602 1324 650 Capite
1345 608 1502 649 quarto
1523 601 1640 639 Libri
1658 601 1792 638 Tertii
1812 612 1839 638 a

136 663 156 694 †
195 657 535 696 COPERNICO
556 657 737 705 pulchre
758 658 796 696 8(
817 659 1031 695 concinne
1053 655 1417 701 demonstrantur)
1439 655 1630 693 constare
1651 654 1838 701 praesup-

193 711 400 758 ponenda
415 713 546 755 venit,
569 709 764 755 efficitur,
786 716 829 748 vt
847 710 953 748 dum
970 710 1156 748 Cometa
1171 720 1248 756 per
1265 720 1363 746 eam
1379 708 1433 746 ab
1451 708 1490 746 Ο
1508 710 1552 745 in
1570 707 1610 754 Q
1625 706 1838 754 protrahi-

193 770 274 808 tur,
292 766 433 802 Arcus
450 765 805 802 commutationis
821 765 915 801 eius
930 765 1076 800 minor
1091 762 1309 804 reddatur,
1326 773 1461 808 quam
1473 761 1702 807 aequalitas
1714 772 1839 798 reuo-

127 830 157 856 10
175 817 373 855 .lutionis
394 819 507 855 circa
528 817 573 855 H
594 816 847 864 postulabat,
871 818 917 853 in
937 815 1074 854 altera
1093 827 1198 853 vero
1219 819 1339 862 parte
1361 815 1415 852 ab
1438 814 1476 852 Ο
1498 816 1543 851 in
1564 814 1595 851 Ρ
1616 818 1839 861 augeatur.

194 871 527 918 Proportionem
552 881 657 908 vero
683 871 977 917 quantitatum
1006 871 1052 906 in
1081 868 1164 906 hac
1194 867 1437 915 Hypothesi
1466 867 1599 905 talem
1629 866 1841 904 constituit

195 923 561 967 MOESTLINVS,
582 928 627 961 vt
647 923 847 970 qualium
864 922 951 960 CD
968 921 1301 959 Semidiameter
1317 920 1446 958 Orbis
1463 922 1601 957 annui
1617 919 1765 957 Terrae
1787 919 1841 956 est

195 976 510 1024 particularum
535 976 668 1019 10000,
696 976 851 1014 talium
876 975 970 1013 ΗΟ
996 974 1328 1013 Semidiameter
1354 973 1483 1011 Orbis
1509 973 1707 1011 Cometae
1733 984 1841 1019 prae-

195 1030 465 1078 supponatur
480 1029 596 1073 8420,
618 1029 657 1067 &
677 1028 773 1066 DH
789 1028 987 1066 distantia
1003 1033 1253 1066 centrorum
1273 1026 1363 1070 246,
1385 1026 1569 1073 aequalis
1589 1026 1747 1063 mediae
1765 1025 1840 1062 Ec-

128 1096 159 1121 15
197 1084 450 1121 centricitati
465 1082 661 1126 Veneris,
682 1087 725 1119 vt
743 1083 864 1129 prius
883 1081 1086 1119 diximus.
1108 1080 1493 1118 Semidiametrum
1514 1084 1663 1116 autem
1684 1078 1843 1116 circelli

198 1136 276 1175 ΟΡ
292 1135 421 1174 efficit
436 1137 627 1183 partium
643 1136 679 1177 7.
696 1137 801 1172 min.
819 1135 872 1179 15,
895 1134 1095 1181 qualium
1110 1138 1200 1172 tota
1216 1132 1565 1170 circumferentia
1583 1132 1711 1170 Orbis
1729 1143 1843 1169 com-

196 1190 452 1227 mutationis
471 1188 525 1227 est
543 1188 633 1227 360.
654 1188 832 1226 Motum
847 1199 953 1225 vero
974 1187 1194 1234 aequalem
1215 1187 1570 1224 commutationis
1592 1187 1727 1222 centri
1744 1184 1782 1222 O
1800 1186 1845 1221 in

198 1242 315 1281 Orbe
333 1242 544 1285 Cometae,
565 1242 772 1280 asseuerat
793 1242 868 1279 esse
889 1243 935 1278 in
955 1252 1043 1278 vno
1064 1240 1133 1278 die
1154 1239 1271 1288 grad.
1290 1240 1316 1277 l.
1333 1241 1437 1277 min.
1455 1238 1508 1276 21.
1527 1238 1617 1276 Sec.
1636 1239 1689 1282 17,
1711 1237 1749 1275 8(
1770 1249 1846 1284 per

198 1295 316 1334 hunc
340 1295 570 1333 Tabellam
599 1295 784 1342 aequalis
812 1299 958 1332 motus
983 1293 1236 1332 Anomaliae
1264 1293 1622 1330 commutationis
1647 1291 1845 1329 Cometae

128 1361 161 1387 20
199 1349 420 1387 ordinauit
435 1348 491 1387 ad
507 1349 678 1386 dierum
689 1348 964 1396 Sexagenam
979 1358 1127 1385 vnam.
1144 1346 1371 1394 Epocham
1388 1350 1537 1383 autem
1552 1344 1685 1382 huius
1701 1349 1846 1381 motus

198 1402 253 1440 ad
279 1401 547 1440 Nouembris
572 1402 687 1440 diem
717 1401 897 1445 XXIIII,
928 1400 1065 1438 Horis
1090 1412 1117 1438 a
1142 1399 1330 1437 Meridie
1355 1399 1379 1436 6
1405 1398 1558 1445 elapfis
1583 1397 1795 1435 constituit
1820 1409 1847 1435 a

198 1455 344 1493 medio
360 1456 572 1503 Apogaeo,
589 1454 706 1502 grad.
723 1454 812 1492 206.
831 1454 894 1492 M.
911 1454 974 1498 33,
991 1465 1018 1492 a
1034 1465 1122 1501 qua
1138 1458 1318 1491 caeteros
1335 1463 1489 1490 omnes
1505 1451 1688 1489 deducit.

252 1508 337 1546 His
353 1510 501 1555 itaque
517 1510 639 1546 iuxta
655 1507 866 1546 Moestlini
881 1512 1075 1545 mentem
1095 1508 1141 1544 in
1162 1505 1281 1544 hunc
1297 1505 1480 1543 modum
1501 1502 1762 1547 constructis,
1783 1503 1846 1540 lu-

198 1561 268 1600 bet
279 1573 397 1599 nunc
409 1561 678 1609 inuestigare,
690 1566 835 1599 vtrum
846 1562 968 1598 iuxta
979 1560 1113 1598 huius
1124 1558 1431 1607 Hypotheseos
1443 1559 1647 1600 rationes,
1661 1557 1848 1595 Cometa

128 1628 161 1652 25
199 1615 254 1653 ad
279 1626 381 1652 eum
402 1614 549 1652 locum
571 1619 845 1661 peruenerat,
869 1625 1002 1661 quern
1024 1612 1152 1651 nobis
1175 1613 1244 1650 die
1266 1611 1413 1649 XXVI
1434 1611 1625 1658 Ianuarij
1652 1610 1847 1648 obtinere

198 1668 313 1706 visus
334 1667 406 1712 est;
427 1673 471 1706 vt
492 1667 683 1706 constare
700 1668 829 1714 possit,
851 1679 910 1705 an
925 1666 1055 1714 ipsius
1071 1666 1383 1703 Phaenomenis
1398 1664 1632 1707 saluandis,
1654 1663 1786 1710 vsque
1802 1665 1847 1700 in

110 1728 175 1760 279
199 1721 402 1759 vltimum
417 1722 704 1768 apparitionis
720 1722 957 1758 terminum
974 1716 988 1769 ΙΙ
1004 1718 1264 1762 satisfecerit,
1280 1730 1361 1756 nec
1377 1729 1445 1755 ne.
1463 1717 1613 1763 Quare
1630 1716 1849 1754 caleulum

201 1786 254 1812 ex
270 1774 353 1812 hac
369 1774 617 1821 praescripta
628 1774 906 1821 Figuratione
923 1773 978 1811 ad
995 1771 1156 1811 dictum
1172 1772 1301 1816 diem,
1318 1773 1439 1809 iuxta
1451 1770 1661 1808 Moestlini
1677 1769 1848 1817 placita,

200 1830 246 1865 in
262 1827 380 1866 hunc
396 1828 581 1865 modum
596 1827 899 1865 subducemus.

131 1894 163 1919 30
254 1881 392 1919 Lubet
407 1885 556 1919 autem
573 1880 778 1928 Figuram
798 1882 918 1927 prius
939 1878 1205 1926 designatam
1223 1878 1293 1915 hic
1313 1882 1519 1925 repetere,
1540 1882 1583 1914 vt
1604 1877 1784 1924 propius
1804 1877 1850 1912 in

201 1932 430 1981 conspectu
455 1933 513 1978 sit,
544 1945 633 1981 quo
658 1933 814 1971 calculi
840 1932 1094 1970 coherentia
1118 1932 1219 1969 inde
1246 1929 1430 1969 deducta
1455 1930 1731 1968 commodius
1756 1940 1849 1976 per-

200 1987 413 2035 spiciatur.

143 2044 163 2075 †
254 2040 448 2088 Tempus
464 2051 553 2087 quo
569 2040 769 2077 Vltimam
785 2038 1176 2077 considerationem
1192 2040 1238 2075 in
1254 2037 1338 2075 hoc
1355 2037 1542 2075 Cometa
1557 2035 1671 2074 nacti
1690 2035 1850 2077 sumus,

201 2099 292 2132 erat
308 2095 444 2131 Anno
460 2093 568 2137 1578,
585 2093 777 2141 Ianuarij
797 2092 866 2130 die
882 2091 1040 2135 XXVI,
1057 2091 1178 2129 horis
1194 2103 1221 2129 a
1237 2090 1426 2128 Meridie
1442 2091 1489 2129 7⁷}
1505 2089 1670 2137 elapfis.
1691 2089 1740 2126 In
1756 2088 1851 2126 Me-

130 2159 164 2185 35
202 2147 374 2185 ridiano
390 2152 539 2185 autem
555 2146 639 2184 loci
656 2148 750 2184 eius
761 2145 833 2183 vbi
846 2145 1094 2183 Moestlinus
1110 2143 1378 2187 morabatur,
1395 2149 1519 2181 erant
1529 2143 1679 2181 saltem
1693 2142 1816 2179 horae
1829 2141 1852 2179 7

202 2200 403 2248 expletae;
420 2200 609 2247 ideoque
626 2200 680 2237 ab
696 2198 827 2246 ipsius
843 2197 1024 2245 Epocha
1040 2198 1109 2236 die
1125 2197 1293 2235 XXIIII
1310 2196 1592 2240 Nouembris,
1609 2196 1721 2233 hora
1736 2195 1853 2232 sexta

113 2260 178 2292 280
202 2265 229 2292 a
245 2253 446 2297 Meridie,
468 2257 759 2291 numerantur
779 2252 871 2290 dies
891 2251 1137 2289 intermedii
1153 2251 1216 2295 63,
1239 2250 1277 2288 8(
1297 2250 1409 2288 hora
1424 2251 1451 2294 l,
1469 2246 1483 2299 ΙΙ
1501 2250 1659 2296 quibus
1680 2248 1852 2295 respon-

203 2307 305 2345 dent
320 2309 366 2344 in
381 2307 528 2345 medio
544 2311 668 2344 motu
689 2306 1046 2343 commutationis
1063 2304 1274 2348 Cometae,
1296 2303 1339 2341 P.
1356 2304 1419 2342 85.
1437 2303 1500 2341 Μ.
1519 2303 1581 2340 24.
1604 2302 1718 2349 Quae
1735 2302 1764 2339 si
1781 2301 1853 2339 ad-

203 2360 362 2398 dantur
382 2360 544 2404 Radici,
566 2371 667 2407 quae
689 2364 780 2397 erat
801 2358 856 2396 ad
877 2357 1039 2396 dictum
1059 2363 1231 2404 tempus
1252 2358 1374 2395 iuxta
1395 2356 1681 2399 Moestlinum,
1705 2355 1746 2393 P.
1764 2354 1853 2392 206.

132 2425 166 2451 4ο
204 2413 267 2451 M.
292 2413 356 2457 33,
386 2412 647 2451 habebimus
673 2411 961 2450 Anomaliam
989 2411 1210 2458 aequalem
1235 2411 1593 2448 commutationis
1619 2409 1675 2447 ad
1700 2408 1854 2446 nostrae

204 2466 533 2504 Obseruationis
556 2466 744 2509 Horam,
768 2465 811 2503 P.
833 2464 914 2502 291.
938 2464 1001 2502 M.
1023 2464 1086 2508 57,
1110 2475 1211 2511 quae
1234 2463 1567 2511 repraesentatur
1590 2473 1666 2509 per
1690 2463 1856 2499 Arcum

204 2519 345 2564 LKO,
368 2519 424 2558 ab
444 2520 643 2567 Apogaeo
664 2518 824 2561 medio,
848 2519 893 2555 in
915 2517 954 2555 Ο
976 2522 1175 2555 centrum
1196 2516 1355 2554 circelli
1376 2516 1619 2554 librationis
1640 2526 1717 2562 per
1737 2518 1855 2552 ante—

1658 2568 1857 2605 cedentia
