2209 3213
382 220 457 256 464
778 209 1246 250 APOLOGETICA
1269 206 1624 246 RESPONSIO

383 335 511 371 qvam
533 320 775 359 minoribus
794 318 999 364 distantijs
1020 327 1096 363 per
1112 315 1300 353 Radium
1321 313 1542 361 capiendis
1563 312 1776 350 frustratio
1796 312 1898 350 hinc
1919 323 2018 350 con—

382 379 513 423 tingit,
537 374 650 420 qvod
671 371 800 409 stellae
820 371 936 408 binae
957 369 1106 407 saltem
1122 368 1176 406 ab
1193 379 1284 405 una
1300 369 1524 413 utriusqve
1545 365 1781 413 pinnacidij
1804 370 1938 412 parte,
1960 366 2019 402 vi·

383 430 533 467 delicet
554 427 759 467 interiori.
783 423 1113 469 conspiciantur,
1134 432 1275 468 neqve
1294 420 1347 458 fic
1364 419 1545 458 discerni
1565 418 1663 456 satis
1683 424 1823 465 qveat,
1845 430 1902 456 an
1924 429 2020 456 cen-

382 482 542 519 traliter
554 479 654 526 ipsae
666 477 794 515 stellae
808 476 1096 514 collineentur
1107 486 1187 512 nec
1197 485 1268 517 ne;
1283 485 1387 511 nam
1397 478 1437 510 et
1446 471 1665 510 interdum
1674 473 1805 509 nimis
1814 471 2021 519 amplam,

384 534 600 572 interdum
617 542 720 569 vero
734 532 748 577 j
755 529 844 567 usto
861 529 1086 576 aliqvanto
1102 526 1332 566 arctiorem
1349 525 1593 573 conspicere
1610 524 1764 562 accidit
1784 526 2021 571 intercape-

383 589 541 628 dinem,
559 584 835 622 vacillatione
853 584 984 620 etiam
1002 581 1274 619 Instrumenti
1290 580 1360 617 vel
1376 580 1514 617 nimia
1530 578 1872 616 collimationem
1888 577 2024 625 ipsam

383 639 665 677 fluctuantem
682 642 721 674 et
738 639 948 673 incertam
967 635 1185 678 reddente,
1207 639 1253 671 ut
1274 632 1329 670 ob
1351 633 1405 675 id,
1427 632 1455 669 fi
1477 631 1698 669 multoties
1714 633 1846 668 etiam
1862 631 1916 669 ab
1932 641 2024 668 uno

384 700 422 730 et
440 692 594 729 eodem
611 689 896 732 observatore,
917 688 1157 726 earundem
1174 686 1363 724 fixarum
1379 697 1455 733 per
1472 685 1660 722 Radium
1675 683 1946 722 mensuretur
1961 685 2024 721 in-

383 745 626 785 tervallum,
648 753 926 789 neqvaqvam
948 741 1064 779 idem
1080 740 1258 787 semper,
1280 739 1357 776 nifi
1373 738 1611 786 aliqvando
1627 749 1703 785 per
1719 737 1932 781 accidens,
1955 748 2024 774 ex-

384 799 545 836 hibebit
561 799 794 838 minutum,
812 794 1058 833 differentia
1073 793 1251 832 subinde
1266 804 1357 830 non
1370 794 1527 839 exigua
1539 791 1787 838 obrepente,
1804 789 1865 827 fin
1877 794 2026 828 autem

385 864 410 889 a
427 850 599 889 diversis
616 847 936 896 inqvifitoribus
953 848 1109 885 eodem
1125 846 1413 884 Instrumento
1434 846 1479 882 in
1499 844 1655 892 ijsdem
1675 843 1802 881 stellis
1821 842 1896 881 fiat
1916 844 2025 891 peri-

385 905 545 945 culum.
563 914 630 940 res
646 902 784 939 multo
800 903 948 938 minus
964 903 1009 938 in
1025 901 1141 938 idem
1157 898 1322 937 redibit.
1340 898 1448 936 Sunt
1465 903 1505 935 et
1521 897 1609 935 alia
1625 897 1840 944 qvaedam,
1857 896 1913 934 ob
1929 907 2027 943 qvae

386 958 507 1004 Radij
531 956 656 993 usum
676 967 753 1002 per
769 954 809 992 se
827 956 958 992 etiam
980 953 1112 1001 (qvod
1128 954 1253 990 toties
1269 952 1323 990 ab
1341 951 1470 989 oculo
1490 951 1707 989 removeri
1724 949 1762 987 &
1776 948 2028 997 pinnacidia

386 1011 487 1048 hinc
513 1009 613 1047 inde
639 1008 756 1056 qvafi
778 1007 969 1052 fortuito,
994 1006 1065 1044 vel
1089 1008 1135 1044 in
1157 1007 1289 1043 unica
1312 1004 1611 1042 observatione
1634 1002 1802 1050 disponi
1825 1001 2027 1048 debeant)

386 1066 533 1101 minus
549 1062 796 1109 expeditam
813 1061 981 1099 dudum
998 1059 1223 1107 explosum
1239 1058 1387 1101 habui,
1405 1058 1602 1104 ideoqve,
1619 1056 1693 1094 ubi
1705 1067 1774 1094 res
1784 1054 2029 1103 scrupulose

386 1116 634 1164 peragenda
655 1116 785 1158 venit,
809 1113 927 1151 sicuti
948 1115 993 1151 in
1015 1113 1303 1151 Cometarum
1323 1109 1625 1149 Parallaxibus
1647 1109 1930 1147 enucleandis
1952 1110 2029 1146 im-

387 1171 537 1218 primis
557 1169 837 1206 necessarium
859 1167 924 1211 est,
943 1163 957 1216 ΙΙ
975 1168 1069 1214 ejus
1085 1165 1402 1204 adhibitionem
1420 1165 1603 1201 minime
1619 1168 1758 1201 tutam
1774 1162 1938 1201 censeo.
1962 1161 2030 1200 Ob

388 1224 430 1261 id
448 1233 617 1270 qvoqve
634 1223 679 1259 in
695 1220 828 1268 hujus
845 1220 1044 1258 Cometae
1061 1218 1268 1266 distantijs
1285 1217 1640 1261 determinandis,
1661 1227 1753 1254 non
1773 1221 1863 1254 tam
1880 1215 2031 1259 Radio,

389 1278 487 1313 licet
504 1275 541 1312 &
557 1275 681 1312 illum
699 1286 751 1312 ex
766 1273 1019 1312 aurichalco
1032 1272 1286 1310 omnimode
1299 1270 1565 1309 constantem
1578 1269 1615 1307 &
1627 1271 1824 1317 apprime
1837 1269 2032 1307 elabora-

388 1336 482 1367 tum
499 1329 784 1371 admoverim,
807 1326 993 1364 confisus
1009 1326 1115 1368 sum,
1134 1325 1204 1363 sed
1220 1326 1365 1372 potius
1381 1324 1598 1362 Sextantis
1615 1323 1791 1361 cuidam
1807 1321 2033 1360 Metallico

389 1382 671 1420 instrumento
688 1392 767 1428 pro
783 1380 1002 1418 stellarum
1017 1378 1248 1426 interstitijs
1263 1377 1391 1425 longe
1404 1379 1560 1415 certius
1573 1387 1704 1423 qvam
1717 1376 1855 1413 Radio
1867 1375 2034 1413 dimeti-

392 1436 513 1473 endis
530 1446 555 1472 a
572 1433 698 1471 nobis
714 1435 809 1481 jam
829 1433 997 1471 dudum
1019 1433 1273 1479 excogitato,
1296 1430 1413 1478 qvali
1432 1432 1563 1468 etiam
1580 1429 1877 1467 Illustrissimus
1894 1428 2034 1466 Land-

391 1490 565 1536 gravius
587 1487 746 1525 Hassiae
768 1487 823 1524 ad
844 1488 932 1524 mei
953 1487 1243 1523 imitationem
1263 1483 1337 1522 fibi
1358 1495 1384 1522 a
1404 1482 1615 1520 Witichio
1636 1480 1851 1530 patefacsto
1872 1481 2037 1528 aliqvot

392 1553 509 1579 nunc
535 1542 662 1579 annis
686 1539 866 1577 feliciter
891 1541 1037 1583 utitur,
1063 1538 1175 1576 adeo
1200 1543 1247 1575 ut
1273 1536 1482 1575 distantiae
1507 1535 1698 1574 fixarum
1722 1535 1809 1573 illic
1834 1540 2036 1581 acceptae,

393 1606 491 1633 cum
513 1593 664 1631 nostris
684 1595 730 1630 in
751 1593 907 1630 eodem
928 1592 1087 1639 ubiqve
1108 1593 1280 1628 minuto
1297 1589 1578 1628 consentiant.
1600 1588 1650 1626 In
1666 1590 1957 1636 qvantitatum
1973 1599 2035 1625 re-

393 1659 491 1685 rum
512 1649 557 1684 in
578 1652 691 1684 terra
713 1647 1021 1693 apparentium
1041 1643 1439 1682 mensurationibus
1455 1642 1577 1690 Radij
1601 1641 1702 1680 usus
1718 1640 1912 1680 sufficere
1928 1641 2037 1679 forte

393 1702 560 1748 poterit,
573 1705 616 1737 at
628 1711 728 1737 cum
740 1701 786 1736 in
798 1699 961 1737 coelum
972 1698 1112 1745 ipsum
1124 1696 1142 1716 '⁸
1155 1698 1191 1745 ej
1198 1709 1249 1735 us
1261 1696 1511 1744 dirigendus
1522 1697 1653 1739 venit,
1670 1695 1745 1733 ubi
1756 1706 1824 1732 res
1836 1696 1950 1733 circa
1959 1695 2037 1731 mi-

394 1756 516 1791 nima
527 1752 731 1796 versatur,
743 1764 819 1799 per
830 1751 970 1799 ipsum
983 1750 1331 1789 observationem
1342 1749 1633 1787 indubitatam
1644 1748 1844 1796 petendo,
1858 1758 2038 1795 operam

395 1806 556 1844 luseris.
578 1805 886 1844 Parallaticum
903 1805 1236 1842 instrumentum
1248 1804 1342 1851 jam
1358 1802 1464 1840 olim
1480 1801 1535 1840 ab
1552 1800 1825 1850 Hypparcho
1842 1809 1881 1839 et
1897 1800 2038 1838 Ptolo-

395 1871 509 1897 maeo
530 1859 797 1906 usurpatum,
819 1857 1003 1906 pulchro
1025 1858 1199 1905 qvidem
1222 1863 1262 1894 et
1282 1856 1424 1894 solerti
1445 1855 1706 1902 compendio
1726 1856 1860 1892 ternis
1879 1853 2038 1902 regulis

395 1913 464 1950 vel
484 1914 669 1959 ingentis
689 1912 875 1959 alicujus
897 1911 1150 1958 qvadrantis
1170 1911 1286 1947 vices
1305 1908 1483 1956 supplet.
1504 1908 1670 1946 Verum
1691 1907 1720 1945 fi
1741 1919 1763 1945 e
1784 1907 1928 1955 lignea
1947 1917 2038 1944 ma-

396 1968 503 2003 teria
520 1965 705 2012 Regulas
721 1964 801 2003 has
818 1964 1068 2008 confeceris,
1084 1963 1196 2001 nihil
1211 1964 1314 2010 agis,
1333 1973 1432 2000 cum
1449 1973 1528 1999 nec
1545 1960 1806 1999 divisionum
1821 1959 2040 1998 subtilitati

397 2024 489 2056 tum
506 2018 603 2056 satis
619 2019 791 2055 idoneae
808 2017 897 2061 sint,
914 2029 994 2055 nec
1007 2019 1139 2055 etiam
1150 2028 1177 2054 a
1188 2018 1431 2054 mutatione
1444 2017 1565 2052 omni
1577 2014 1742 2058 liberae:
1759 2013 1788 2051 fi
1800 2013 2040 2052 metallicas

398 2071 646 2114 reddideris,
664 2070 741 2108 nifi
753 2071 910 2118 justam
926 2070 1244 2118 longitudinem
1261 2074 1301 2107 et
1317 2068 1666 2116 magnitudinem
1680 2067 1916 2110 obtineant,
1934 2066 2039 2104 divi-

398 2124 599 2166 sionibus,
618 2135 714 2170 qvae
731 2124 896 2171 lingula
912 2126 1082 2161 minuta
1098 2122 1380 2170 suppeditent,
1398 2133 1489 2159 non
1503 2120 1737 2165 sufficiunt;
1753 2121 1828 2158 ubi
1839 2131 1944 2158 vero
1955 2119 2040 2157 hoc

400 2177 537 2219 datur,
559 2182 605 2214 ut
625 2176 823 2214 videlicet
844 2176 1090 2223 reqvifitam
1111 2176 1337 2214 obtineant
1357 2174 1718 2223 magnitudinem,
1739 2173 1815 2211 suo
1835 2178 1985 2211 tamen
2000 2172 2040 2210 se

400 2230 592 2276 pondere
604 2231 662 2266 ita
675 2234 922 2276 aggravant,
940 2235 986 2267 ut
998 2234 1119 2267 extra
1130 2229 1260 2266 lineae
1272 2227 1399 2267 reclae
1412 2228 1592 2266 amussin
1604 2226 1809 2265 nonnihil
1819 2226 2041 2264 inclinatae

401 2282 670 2320 observando
688 2282 954 2319 certitudinis
971 2282 1158 2329 qvaefitae
1170 2281 1387 2329 jacturam
1403 2281 1577 2325 faciant,
1596 2280 1639 2318 id
1655 2280 1770 2328 qvod
1786 2291 1856 2317 me
1873 2279 2042 2317 diutina

401 2335 546 2373 docuit
563 2337 841 2381 experientia.
859 2335 977 2372 Nam
994 2341 1150 2382 praeter
1166 2335 1353 2382 Regulas
1370 2334 1580 2382 qvasdam
1597 2333 1763 2381 ligneas
1779 2332 1834 2371 ab
1850 2332 1939 2380 ipso
1957 2332 2041 2370 Co-

402 2390 578 2435 pernico
600 2387 868 2435 compositas,
891 2399 996 2434 qvas
1017 2388 1126 2425 mihi
1148 2388 1325 2434 qvidam
1346 2387 1601 2425 Canonicus
1616 2385 1902 2424 Warmienfis
1923 2386 2041 2423 dono

401 2441 522 2484 misit,
540 2452 637 2488 qvae
654 2440 708 2477 ob
724 2442 920 2478 materiae
939 2441 1001 2487 (ut
1017 2440 1069 2478 de
1087 2442 1252 2478 caeteris
1268 2442 1415 2478 minus
1432 2440 1621 2488 appofite
1636 2451 1716 2478 nec
1727 2439 1825 2477 satis
1836 2438 2042 2477 subtiliter

401 2493 441 2531 se
464 2494 726 2531 habentibus
750 2505 840 2531 non
861 2493 1021 2539 dicam)
1046 2493 1365 2532 instabilitatem
1389 2493 1563 2541 prorsus
1586 2493 1762 2531 inutiles
1785 2491 1891 2536 sunt,
1916 2492 2042 2531 binas

1912 2547 2042 2584 etiam

2060 537 2076 562 5

2066 802 2097 827 10

2070 1068 2101 1093 15

2054 1168 2119 1200 32v

2071 1334 2105 1359 20

2074 1600 2107 1625 25

2075 1865 2109 1891 30

2077 2131 2110 2156 35
