2209 3213
130 392 190 423 331

164 557 179 581 5

149 822 179 846 10

149 1089 179 1113 15

145 1354 179 1379 20

145 1621 177 1646 25

143 1888 176 1913 30

124 1936 189 1967 332

142 2155 175 2180 35

141 2420 174 2445 40

538 224 1060 265 RECENTIORIBUS
1081 225 1538 263 PHAENOMENIS
1784 227 1861 264 269

219 331 446 370 discrimen
466 333 511 369 in
532 336 769 378 apparente
790 331 887 369 loco
905 332 1116 377 Cometae,
1138 332 1256 379 quod
1277 332 1507 369 necessario
1529 332 1721 370 euidenti
1741 332 1860 370 diffe-

219 388 359 423 rentia
370 381 616 435 effecis-nset,
628 385 658 422 fi
668 385 817 423 saltem
829 385 853 423 8
864 385 933 423 vel
944 386 968 424 9
978 385 1319 424 Semidiametris
1329 397 1356 423 a
1364 384 1500 423 Terra
1511 390 1704 423 remotus
1716 385 1860 430 fuisset‚

219 439 257 476 &
272 438 522 477 Parallaxin
541 440 586 476 in
603 438 780 476 Circulo
797 438 1051 477 Altitudinis
1067 439 1091 477 5
1107 438 1177 476 vel
1192 439 1217 476 6
1232 439 1449 486 graduum
1470 438 1701 481 admifisset,
1724 451 1861 486 quan-

218 497 308 530 tam
323 491 409 539 ipse
425 491 690 535 Thaddaeus,
712 504 812 529 cum
833 491 1091 539 quibusdam
1111 492 1208 540 alijs
1230 491 1300 538 (de
1317 492 1475 539 quibus
1491 492 1635 539 postea
1651 491 1860 539 dicturus)

218 545 279 583 illi
289 545 521 583 attribuere
531 556 622 582 non
632 545 858 583 dubitauit.
869 546 975 589 Imo,
985 545 1015 583 fi
1023 545 1093 583 vel
1102 547 1147 583 in
1157 545 1246 592 ipsa
1253 544 1437 592 Sphaera
1444 545 1608 583 Lunari
1619 547 1859 590 emicuisset,

217 598 442 646 diligenter
451 598 772 636 attendentibus
781 598 1072 637 differentiam
1081 598 1320 646 aliqualem
1328 598 1617 636 nihilominus
1624 599 1860 638 induxisset.

218 652 349 698 Quod
365 651 394 689 fi
410 651 654 690 distantiam
670 664 697 689 a
713 650 835 690 Ridtu
851 652 995 700 Pegafi
1011 652 1065 690 ab
1082 652 1157 689 illo
1172 651 1460 690 Obseruatam
1473 651 1670 690 Cometae
1687 655 1771 691 viae
1788 654 1860 691 ad-

217 707 529 753 aptauerimus,
546 707 774 752 proueniet
791 708 884 743 eius
897 705 1143 753 Longitudo
1156 704 1361 751 exquisite
1375 707 1421 742 in
1433 705 1475 742 16
1485 706 1670 753 gradum
1685 715 1743 751 axz,
1761 719 1860 744 cum

217 758 464 797 Latitudine
487 764 594 806 part.
618 759 680 796 24.
704 760 858 797 minut.
881 759 944 801 43,
971 759 1088 805 quod
1113 758 1336 796 modicum
1359 770 1385 796 a
1408 758 1550 796 nostra
1574 762 1860 798 annotatione

217 811 369 850 differt.
387 812 463 850 Sin
479 824 584 850 vero
600 817 801 850 mutuam
817 810 1163 850 intersectionem
1179 812 1398 849 linearum
1409 823 1436 849 a
1448 812 1602 859 Capite
1623 822 1681 856 m,
1697 815 1743 850 in
1760 813 1860 851 dex-

216 870 331 903 trum
349 865 585 903 humerum
602 865 805 909 eiusdem,
823 865 860 903 &
877 865 931 903 ab
943 865 1108 912 Aquila
1120 867 1165 902 in
1178 865 1240 903 Os
1252 864 1396 912 Pegafi
1407 877 1495 903 vna
1511 866 1860 912 expenderimus,

217 919 434 957 resultabit
448 919 693 966 Longitudo
709 921 755 956 in
770 924 877 966 part.
890 920 925 957 5.
938 920 1043 956 min.
1055 919 1107 956 20
1122 927 1181 961 m,
1199 929 1299 956 cum
1316 918 1563 956 Latitudine
1576 918 1631 957 G.
1645 919 1707 958 27.
1721 920 1783 957 Μ.
1796 920 1859 963 53,

217 972 334 1019 quod
350 974 538 1010 nimium
550 984 577 1010 a
587 977 704 1010 meta
719 974 852 1019 petita
869 970 1064 1010 deflectit.
1083 972 1265 1018 Oportet
1279 973 1426 1018 itaque
1437 971 1714 1010 Thaddaeum
1727 973 1860 1011 aliam

217 1025 441 1072 quandam
462 1025 653 1068 Stellam,
677 1037 756 1073 pro
778 1037 830 1063 ea
851 1037 951 1072 quae
973 1025 1028 1063 est
1048 1027 1094 1062 in
1115 1024 1269 1071 Capite
1295 1034 1337 1061 aaz
1362 1026 1574 1072 accepisse.
1596 1025 1721 1064 Alias
1742 1029 1860 1064 enim

217 1078 346 1126 ipsius
364 1081 553 1126 propriae
570 1078 909 1117 obseruationes
929 1078 1013 1116 hoc
1033 1078 1102 1116 die
1123 1077 1285 1116 habitae
1306 1090 1398 1115 non
1418 1080 1609 1116 inuicem
1631 1080 1859 1126 quadrant.

270 1132 370 1170 DIE
386 1132 424 1170 II
441 1132 791 1177 DECEMBRIS‚
809 1132 968 1180 colligit
979 1131 1318 1179 Longitudinem
1330 1130 1528 1169 Cometae
1541 1134 1585 1169 in
1598 1132 1639 1170 19
1650 1133 1787 1180 gradu
1800 1143 1858 1177 m,

217 1197 316 1223 cum
340 1185 587 1223 Latitudine
611 1185 662 1224 25
685 1190 791 1233 part.
815 1186 898 1224 Vbi
921 1197 1010 1232 quo
1033 1185 1088 1223 ad
1111 1185 1450 1232 Longitudinem
1471 1184 1560 1223 fere
1583 1185 1858 1232 sesquialtero

215 1239 352 1286 gradu
362 1239 568 1283 abundat,
579 1251 679 1276 cum
688 1239 758 1276 die
767 1239 1040 1286 praecedente
1049 1240 1173 1276 tertia
1183 1238 1331 1276 saltem
1341 1243 1463 1285 parte
1474 1238 1633 1286 gradus
1645 1239 1858 1282 defecerit,

216 1303 316 1337 quae
332 1291 457 1330 fimul
473 1292 623 1335 sumta,
645 1291 733 1330 fere
750 1292 922 1330 duobus
940 1292 1145 1340 gradibus
1161 1291 1360 1330 Cometae
1376 1297 1558 1335 motum,
1580 1292 1715 1340 spatio
1731 1295 1860 1331 vnius

217 1346 314 1389 diei,
331 1345 438 1383 iusto
455 1345 552 1393 plus
569 1350 745 1393 augent;
762 1351 805 1383 vt
822 1346 876 1384 ob
894 1345 935 1383 id
952 1347 1114 1383 mirum
1128 1357 1219 1383 non
1231 1345 1289 1389 fit,
1305 1344 1584 1383 Thaddaeum
1600 1345 1860 1390 existimasse,

217 1410 319 1436 eum
335 1410 453 1437 nunc
469 1399 604 1446 spatio
620 1400 750 1437 vnius
762 1399 847 1437 diei
858 1401 905 1437 in
916 1398 1108 1437 Zodiaco
1121 1399 1381 1437 tantundem
1396 1398 1628 1443 confecisse,
1646 1405 1861 1446 quantum

215 1451 344 1498 supra
359 1452 512 1490 diebus
527 1452 567 1496 4;
585 1452 810 1499 Siquidem
827 1458 957 1490 antea
973 1454 1104 1490 nimis
1119 1452 1293 1490 tardum
1310 1453 1403 1489 eius
1418 1456 1589 1490 motum
1603 1453 1860 1498 reddiderat,

216 1517 270 1543 ex
282 1505 519 1543 Occasione
531 1504 786 1553 supradicta,
802 1517 921 1543 nunc
932 1517 1051 1550 vero,
1067 1510 1111 1543 vt
1127 1510 1255 1552 patet,
1273 1507 1600 1543 concitatiorem
1613 1518 1747 1553 quam
1759 1518 1859 1544 con-

216 1560 378 1603 ueniat,
391 1558 536 1596 efficit:
550 1570 649 1596 curn
661 1564 810 1597 tamen
821 1558 917 1597 haec
929 1558 1235 1606 irregularitas,
1247 1560 1293 1596 in
1304 1558 1434 1606 ipfius
1446 1561 1598 1597 itinere
1608 1559 1861 1598 nullatenus

215 1612 497 1660 Apparentijs
518 1612 710 1650 consona
730 1612 870 1650 fuerit.
892 1612 1011 1650 Nam
1031 1617 1243 1659 perpetuo
1259 1624 1285 1650 a
1302 1611 1498 1650 celeriori
1519 1612 1644 1650 cursu
1660 1613 1715 1650 ad
1731 1613 1859 1651 tardi-

215 1676 337 1702 orem
357 1665 582 1703 successiue
599 1665 637 1703 &
654 1666 874 1704 ordinarie
891 1665 1094 1709 decreuit,
1116 1670 1159 1703 vt
1180 1663 1292 1703 recie
1314 1667 1446 1703 etiam
1466 1668 1697 1704 annotauit
1713 1666 1860 1705 Moest-

214 1718 342 1756 linus.
360 1718 510 1764 Quare
523 1718 561 1756 &
572 1718 643 1756 hic
654 1718 818 1763 frustra,
836 1731 889 1757 ex
905 1719 1156 1757 inordinato
1171 1723 1307 1762 motu,
1324 1718 1487 1763 ansam,
1504 1724 1547 1757 vt
1563 1721 1732 1766 opinor,
1749 1720 1860 1758 surn-

214 1771 259 1809 fit
270 1770 523 1810 Thaddaeus
539 1771 762 1816 statuendi,
780 1772 1013 1810 Cometam
1028 1771 1142 1809 infra
1154 1772 1328 1810 Lunam
1344 1774 1390 1809 in
1406 1772 1580 1810 Mundo
1594 1773 1860 1812 Elementari

213 1829 469 1871 generatum
485 1824 613 1863 fuisse.
636 1825 738 1871 Quo
754 1826 809 1863 ad
826 1825 1121 1864 Latitudinem
1137 1825 1206 1863 die
1223 1825 1468 1872 prael'cripto
1485 1825 1615 1873 ipfius
1631 1828 1859 1865 annotatio

213 1877 311 1916 satis
327 1880 597 1916 conueniens
613 1884 805 1925 apparet.
823 1875 837 1929 ΙΙ

266 1931 366 1969 DIE
387 1931 446 1969 III
467 1931 819 1975 DECEMBRIS‚
841 1931 1181 1980 Longitudinem
1197 1931 1396 1970 Cometae
1416 1931 1516 1969 facit
1536 1934 1582 1970 in
1602 1932 1643 1970 21
1665 1942 1723 1977 m,
1745 1933 1857 1971 Lati-

212 1984 409 2022 tudinem
425 1996 530 2022 vero
550 1985 820 2032 permanfisse
840 1985 890 2024 25
906 1985 1023 2032 grad.
1041 1985 1259 2023 asseuerat.
1281 1985 1339 2023 At
1359 1997 1412 2023 ex
1433 1985 1584 2023 nostris
1601 1986 1858 2024 Rationibus

213 2039 259 2075 in
274 2043 397 2075 motu
409 2037 542 2076 huius
554 2038 765 2082 Cometae,
782 2039 824 2076 19
835 2038 1019 2086 gradum
1034 2047 1076 2075 zzz
1092 2049 1144 2076 eo
1157 2038 1225 2076 die
1238 2038 1437 2076 nondum
1449 2038 1719 2085 adimplerat.
1732 2039 1857 2077 Vnde

213 2090 386 2128 duobus
401 2091 606 2138 gradibus
621 2091 816 2129 abundat
832 2091 903 2129 hic
919 2091 1048 2138 ipfius
1064 2094 1326 2135 numeratio,
1347 2091 1536 2139 facitque
1556 2097 1727 2130 motum
1743 2093 1857 2130 diur-

213 2155 321 2182 num
334 2144 532 2182 Cometae
543 2157 570 2183 a
581 2145 650 2182 die
667 2145 949 2183 antecedente
966 2146 1011 2182 in
1027 2144 1145 2182 hunc
1161 2145 1351 2183 duorum
1366 2145 1595 2192 graduum,
1612 2148 1742 2183 nimis
1757 2158 1856 2184 con-

213 2199 403 2235 citatum.
426 2198 527 2236 Erat
548 2200 666 2235 enim
687 2200 722 2235 is
742 2198 892 2236 saltem
911 2198 1028 2245 grad.
1046 2198 1094 2237 le.
1117 2197 1200 2236 Sed
1220 2200 1266 2235 in
1286 2198 1533 2237 Latitudine
1553 2201 1732 2246 propior
1751 2211 1856 2237 vero

213 2249 279 2293 est,
303 2262 392 2297 quo
412 2251 467 2289 ad
488 2251 604 2289 hanc
623 2257 794 2289 tantum
814 2253 938 2289 tertia
960 2256 1081 2298 parte
1101 2251 1260 2298 gradus
1281 2251 1499 2296 deficiens,
1524 2252 1642 2299 quod
1663 2264 1686 2290 e
1707 2252 1854 2290 Globo

212 2303 359 2341 locum
374 2304 614 2342 dimetienti
630 2316 709 2351 pro
725 2304 865 2342 nihilo
881 2308 1117 2352 reputatur.

264 2357 323 2394 At
338 2356 367 2394 fi
383 2355 647 2395 exactiorem
663 2357 987 2405 inquisitionem
1002 2357 1087 2395 loci
1104 2357 1302 2396 Cometae
1322 2369 1398 2405 per
1415 2356 1606 2396 correaa
1621 2358 1855 2396 Stellarum

211 2408 308 2447 loca
331 2421 384 2447 ex
408 2410 538 2458 ipfius
563 2410 769 2458 distantiJ's
794 2410 1160 2458 inquifiuerimus,
1185 2411 1373 2458 prodibit
1396 2411 1641 2458 Longitudo
1664 2413 1709 2449 in
1733 2412 1775 2449 P.
1800 2412 1853 2449 18.

212 2462 275 2500 M.
287 2462 328 2500 31
345 2472 403 2507 m,
421 2475 521 2511 quae
537 2464 679 2502 nostra
695 2463 839 2502 adhuc
855 2466 1000 2501 minor
1014 2463 1069 2502 est
1081 2465 1207 2501 tertia
1217 2463 1356 2501 solum
1368 2469 1489 2511 parte
1501 2464 1672 2511 gradus,
1689 2465 1854 2502 nedum

211 2520 254 2553 vt
271 2527 369 2553 earn
385 2516 483 2563 plus
500 2517 671 2555 duobus
688 2519 864 2565 integris
881 2517 1071 2555 excedat.
1089 2517 1292 2555 Latitudo
1307 2528 1395 2555 vna
1412 2517 1558 2555 euadit
1572 2517 1625 2555 G.
1638 2518 1700 2556 25.
1714 2518 1777 2555 M.
1790 2518 1852 2562 26,

1721 2572 1853 2608 ternis
