2209 3213
492 237 1014 277 RECENTIORIBUS
1035 236 1493 274 PHAENOMENIS
1749 236 1816 274 153

173 346 291 385 lubet
310 357 363 384 ea
382 345 454 382 hic
474 349 700 383 annotare.
723 343 791 381 Sic
812 346 958 390 itaque
979 342 1089 380 libro
1111 343 1263 389 quinto
1280 341 1333 379 de
1350 341 1512 379 Rerum
1529 342 1714 385 Natura,
1735 341 1818 379 hac

116 404 136 435 †
175 400 227 438 de
244 411 289 437 re
305 409 451 446 agens,
468 397 618 435 Poefin
634 397 756 434 suam
772 398 970 443 pertexit:

359 478 458 516 Nec
473 475 618 515 nimio
635 475 761 514 Solis
775 475 928 513 maior
940 476 1054 519 rota,
1072 485 1160 513 nec
1174 473 1331 512 minor
1344 473 1485 512 ardor

306 529 403 578 Esse
414 527 569 579 potest,
587 527 752 576 nostris
769 539 906 577 quam
917 526 1123 577 sensibus
1140 525 1222 574 esse
1240 527 1442 565 Videtur:

122 599 137 624 5
306 584 427 622 Nam
444 582 611 632 quibus
628 593 654 621 e
663 580 831 631 spatiis
848 592 1045 629 cumque
1060 580 1199 630 ignes
1214 580 1392 618 Iumina
1404 577 1583 629 possunt

307 635 520 681 Adicere,
539 635 586 674 <rr
597 634 797 673 calidum
814 633 1039 673 membris
1055 632 1230 672 adflare
1248 644 1483 682 vaporem,

298 690 391 740 JIla
408 687 505 738 ipsa
521 688 771 727 interualla
787 686 904 725 nihi]
919 687 975 725 de
991 697 1185 735 corpore
1201 686 1350 724 libant

306 743 637 787 Flammarum,
654 740 772 779 nihil
786 740 847 778 ad
854 738 1059 789 speciem
1076 737 1137 787 est
1151 737 1431 778 contradtior
1442 738 1581 788 ignis.

307 794 508 843 Proinde
524 795 654 833 calor
669 792 887 843 quoniam
896 791 1023 841 solis,
1040 793 1291 841 lumenque
1303 790 1543 841 profusum

107 863 138 888 10
308 847 595 887 Perueniunt
608 845 785 894 nostros
801 844 1045 894 adsensus,
1064 845 1110 884 ὁ(
1121 846 1224 883 loca
1242 845 1477 895 tinguunt;

307 902 479 940 Forma
496 911 676 949 quoque
691 900 801 938 hinc
810 898 926 948 solis
942 898 1078 937 debet
1087 896 1284 946 sublime
1302 898 1462 943 videri,

308 953 437 992 Nihil
451 954 568 993 adeo
584 955 635 992 vt
645 951 781 1002 possis
792 953 915 1001 plus,
933 953 1015 990 aut
1028 951 1185 990 minus
1201 952 1372 990 addere
1392 962 1513 996 Vere,

308 1007 534 1056 Lunaque
545 1004 640 1055 siue
655 1006 798 1045 notho
813 1005 966 1044 fertur
977 1006 1081 1043 Ioca
1097 1004 1272 1042 lumine
1288 1002 1497 1051 lustrans,
1516 1001 1530 1053 ΙΙ

91 1069 151 1101 183
310 1060 423 1099 Siue
432 1059 460 1108 s
460 1070 567 1099 uam
579 1058 770 1108 proprio
785 1055 925 1097 iaetat
939 1058 994 1097 de
1011 1068 1205 1106 corpore
1220 1058 1385 1102 lucem,

108 1129 138 1154 15
311 1112 541 1162 Quidquid
552 1112 601 1150 id
615 1111 684 1160 eft,
702 1111 849 1150 nihilo
863 1111 1016 1150 fertur
1028 1110 1207 1149 maiore
1221 1110 1385 1160 figura,

311 1166 471 1214 Quam,
488 1163 652 1213 nostris
669 1164 817 1204 oculis
834 1174 971 1213 quam
988 1163 1227 1202 cernimus
1243 1161 1338 1211 esse,
1357 1162 1549 1208 Videtur,

309 1220 430 1258 Nam
441 1219 578 1268 prius
595 1218 751 1257 omnia
767 1228 872 1267 quae
886 1218 1028 1267 longe
1042 1219 1222 1255 remota
1240 1218 1426 1255 tuemur

308 1272 436 1311 Ae‘ra
448 1283 539 1322 per
551 1273 758 1317 multum,
770 1269 928 1320 specie
945 1269 1136 1319 confusa
1154 1269 1380 1315 Videntur,

311 1325 459 1373 Quam
474 1325 718 1363 minimum
734 1324 875 1363 filum.
893 1325 1177 1372 quapropter
1189 1324 1301 1361 luna
1316 1320 1490 1369 necesse
1507 1320 1576 1369 est,

105 1393 139 1419 20
311 1378 690 1427 Quandoquidem
707 1378 884 1416 claram
895 1376 1113 1426 speciem,
1132 1378 1401 1425 certamque
1416 1375 1618 1425 figuram

308 1432 504 1477 Praebet,
523 1434 573 1470 Vt
587 1429 649 1479 est
662 1430 760 1470 oris
775 1429 1001 1470 extremis
1017 1440 1215 1478 cumque
1230 1431 1401 1474 notata,

311 1485 494 1533 Quanta
509 1485 614 1523 haec
630 1495 812 1533 quaque
827 1483 940 1529 fuat,
959 1485 1088 1522 tanta
1103 1482 1214 1521 hinc
1231 1482 1447 1521 Videatur
1459 1481 1506 1519 in
1524 1482 1629 1520 alto.

313 1536 543 1586 Postremo
559 1536 868 1587 quoscumque
887 1536 1019 1575 Vides
1034 1536 1144 1575 hinc
1160 1535 1354 1575 aetheris
1368 1535 1508 1585 ignis,

309 1590 722 1640 (Quandoquidem,
741 1588 1050 1640 quoscumque
1065 1589 1113 1627 in
1131 1589 1271 1628 terris
1288 1588 1526 1628 cernimus
1542 1587 1680 1637 ignis,

106 1660 139 1685 25
310 1645 432 1683 Dum
450 1646 626 1683 tremor
639 1642 700 1691 est
714 1645 884 1689 clarus,
903 1643 1009 1681 dum
1026 1642 1236 1681 cernitur
1249 1643 1390 1681 ardor
1403 1652 1583 1680 eorum:

310 1698 599 1747 Perparuum
616 1697 832 1746 quiddam
847 1696 1079 1735 interdum
1095 1697 1279 1734 mutare
1296 1695 1481 1734 Videtur

310 1750 600 1790 Alterutram
616 1750 664 1788 in
676 1752 861 1799 partem
877 1749 1019 1794 filum,
1038 1760 1126 1798 quo
1141 1748 1332 1799 longius
1347 1746 1499 1796 absint,
1497 1746 1519 1795 )

311 1803 446 1843 Scire
459 1803 580 1849 licet,
594 1814 684 1852 per
697 1814 835 1852 quam
847 1802 1057 1852 pauxillo
1068 1800 1189 1851 ροβε
1204 1801 1413 1841 minores

310 1855 418 1905 Esse,
438 1857 515 1896 vel
529 1856 701 1906 exigua
716 1855 923 1895 maiores
933 1857 1082 1905 parte,
1100 1855 1334 1904 breuique.

108 1951 142 1977 30
233 1937 283 1975 In
307 1936 426 1975 hunc
451 1936 630 1984 quidem
654 1936 838 1974 modum
862 1935 1050 1973 vetustus
1080 1935 1151 1973 ille
1177 1935 1403 1973 Lucretius
1429 1946 1482 1972 ex
1508 1934 1824 1981 Epicureorum

179 1990 340 2029 Schola
359 1989 585 2028 instructus
605 1989 658 2027 de
679 1991 919 2036 quantitate
942 1988 1195 2027 Coelestium
1216 1999 1463 2035 corporum,
1485 1987 1523 2025 &
1543 1987 1762 2031 sentiebat,
1787 1986 1824 2024 8(

179 2043 462 2082 Carminibus
478 2043 576 2081 satis
593 2043 771 2080 eruditis
787 2042 1071 2090 proponebat.
1089 2041 1238 2088 Quam
1249 2053 1354 2079 vero
1370 2043 1559 2089 grauiter
1575 2042 1621 2078 in
1637 2040 1719 2078 hac
1734 2042 1824 2087 opi-

179 2099 312 2134 nione
329 2101 480 2135 contra
496 2096 699 2134 Veritatis
715 2095 855 2133 latens
871 2094 909 2132 8(
925 2095 1150 2132 immobile
1167 2094 1333 2133 Saxum
1349 2096 1586 2142 impegerit,
1607 2093 1705 2131 licet
1726 2104 1825 2131 eam

179 2150 277 2188 satis
293 2149 573 2197 plausibiliter
588 2160 834 2196 proponere
850 2148 1061 2192 videatur,
1084 2159 1136 2185 ex
1153 2148 1574 2186 Mathematicorum
1591 2147 1825 2184 eruditiore

110 2216 143 2242 35
181 2205 450 2250 certioreque
472 2202 632 2240 Schola
651 2202 818 2249 liquido
842 2206 969 2249 patet,
994 2203 1069 2248 qui
1089 2201 1341 2239 Diametros
1362 2201 1670 2238 Luminarium
1693 2211 1824 2247 appa-

180 2260 323 2294 rentes
335 2255 537 2300 demenfi,
552 2267 626 2293 eas
639 2267 739 2293 cum
751 2254 983 2302 Eclipfium
995 2254 1308 2301 quantitatibus
1321 2254 1640 2300 durationeque
1652 2252 1826 2290 solerter

181 2309 416 2353 contulere,
438 2308 476 2346 8(
496 2308 598 2346 hinc
618 2320 695 2356 per
715 2308 916 2346 Vmbram
931 2307 1091 2352 Terrae‚
1113 2307 1238 2352 Solis,
1260 2308 1412 2350 Lunae,
1435 2306 1472 2344 8(
1492 2306 1622 2354 ipfius
1638 2306 1826 2343 Telluris

180 2364 521 2410 proportionem,
544 2373 633 2409 quo
650 2361 705 2399 ad
722 2372 873 2399 veram
890 2361 1239 2408 magnitudinem
1257 2360 1538 2399 Geometrica
1555 2359 1592 2397 8(
1608 2359 1825 2397 infallibili

181 2415 436 2453 certitudine
453 2419 677 2458 eruerunt;
699 2415 1111 2460 adinueneruntque
1129 2413 1277 2452 Solem
1293 2414 1369 2451 esse
1385 2413 1496 2460 plus,
1513 2424 1648 2459 quam
1665 2414 1826 2450 centies

111 2481 145 2506 4ο
181 2468 372 2516 sexagies
387 2467 523 2506 Terra
542 2470 770 2511 maiorem,
792 2467 966 2505 Lunam
986 2478 1090 2504 vero
1112 2466 1489 2514 quadragesimam
1513 2466 1662 2504 saltem
1678 2465 1826 2502 Terrae

181 2523 429 2568 portionem
454 2520 706 2568 adimplere,
732 2526 775 2558 vt
799 2526 889 2558 tam
915 2532 968 2557 ex
993 2519 1313 2558 PTOLEMAEI
1343 2531 1477 2566 quam
1508 2518 1825 2557 COPERNICI

289 2582 322 2607 2⁰
1438 2572 1826 2610 Obseruationibus
