2209 3213
334 224 356 259 6
826 220 908 256 DE
930 218 1155 257 MUNDI
1176 216 1476 254 AETHEREI

335 326 516 363 sciebam
535 327 700 372 (paucis
718 327 833 362 enim
851 325 1001 362 diebus
1018 322 1371 362 antecedentibus
1389 321 1525 369 ipsam
1540 333 1628 359 vna
1644 332 1744 358 curn
1761 320 1878 365 Ioue,
1901 323 1970 358 cui

335 382 475 416 vicina
494 384 593 419 crat.
613 378 893 421 Orientalem,
911 390 1041 415 mane
1054 377 1225 415 coelitus
1239 375 1602 418 Obseruaueram‚
1614 379 1657 411 vt
1669 374 1723 411 ob
1736 374 1778 411 id
1790 374 1969 421 impossi-

336 433 418 469 bile
440 432 546 468 foret
569 443 665 468 eam
683 431 872 474 Stellam,
895 442 994 477 quae
1014 436 1116 468 tunc
1135 429 1384 476 apparebat,
1402 428 1619 465 Venerem
1635 427 1708 464 seu
1724 426 1971 474 Hesperum

337 486 427 531 csse)
446 496 547 521 mox
560 484 771 527 subiunxi,
785 495 859 521 eos
870 484 992 521 breui
1004 484 1075 521 vbi
1087 481 1384 529 crepusculum
1398 480 1690 528 vespertinum
1702 480 1970 523 aduentaret,

335 539 497 575 visuros
522 537 698 574 Stellam
722 548 819 574 eam
843 548 1125 583 nequaquam
1149 536 1224 572 esse
1248 534 1507 581 Hesperum,
1533 533 1602 571 sed
1625 533 1791 580 aliquid
1815 532 1972 570 insoliti

336 590 667 636 admirandique
684 590 768 626 11110
784 590 965 627 elucere.
984 589 1114 636 Quod
1127 591 1258 626 etiam
1271 592 1454 625 euentus
1466 586 1552 634 ipse
1565 586 1877 633 comprobauit.
1890 585 1974 623 Vbi

337 647 452 681 enim
465 642 537 680 Sol
550 643 797 680 Horizonta
813 642 1009 685 subierat,
1027 643 1200 689 dieique
1217 641 1368 678 lumen
1380 640 1462 677 sese
1475 640 1688 687 paulatim
1699 639 1972 683 subduxerat,

337 698 616 744 longissimam
638 698 965 742 maximamque
987 696 1174 733 caudam
1194 694 1341 731 versus
1363 693 1520 732 Ortum
1540 692 1798 740 protendere
1820 692 1975 730 eadem

337 750 468 788 Stella
488 748 576 786 visa
597 748 668 791 est;
692 749 822 795 idque
845 760 897 786 ea
916 748 1057 786 forma
1080 748 1117 786 &
1138 747 1295 791 colore,
1317 747 1369 784 de
1390 746 1548 793 quibus
1568 748 1687 792 prius
1709 745 1911 789 diximus,
1931 749 1975 782 vt

338 803 508 840 nullum
525 801 713 848 amplius
730 800 926 839 relictum
942 801 1069 839 fuerit
1087 802 1281 844 dubium,
1302 800 1424 838 illam
1443 800 1518 837 esse
1536 810 1589 836 ex
1606 810 1759 837 earum
1776 809 1974 841 numero,

338 868 436 903 quae
459 855 667 897 Cometae‚
691 854 883 898 Crinitae,
907 855 1209 901 Caudataeque
1230 853 1387 897 Stellae,
1409 853 1478 890 vel
1499 852 1559 898 (vt
1581 852 1784 890 Ciceroni
1803 851 1975 898 placere

337 908 481 954 video)
496 908 771 946 Cincinnatae
787 908 1075 955 appellantur,
1093 919 1202 955 quas
1215 906 1344 945 Coelo
1360 906 1620 953 aliquandiu
1636 905 1886 952 apparuisse‚
1903 904 1976 942 18-

338 964 434 1010 pius
451 962 550 998 inde
567 973 593 998 a
609 961 944 1008 quamplurimis
959 961 1110 999 seculis
1127 959 1482 998 animaduersum
1499 958 1564 996 est.

393 1014 474 1052 Etfi
489 1025 594 1051 vero
614 1013 697 1051 hoc
719 1026 887 1052 nouum
909 1014 1120 1052 ostentum
1141 1025 1231 1051 non
1252 1018 1352 1051 ante
1369 1012 1471 1049 XIII
1493 1012 1608 1049 diem
1629 1010 1755 1048 nobis
1775 1012 1976 1054 innotuit,

340 1080 392 1106 eo
409 1068 525 1114 quod
542 1079 692 1104 recens
709 1079 730 1104 e
747 1067 878 1114 radijs
894 1067 1103 1105 solaribus
1125 1066 1356 1109 emerfisset,
1378 1064 1722 1112 praecedentibus
1740 1064 1875 1101 tribus
1891 1063 1978 1101 die-

340 1122 419 1159 bus
443 1121 726 1158 Serenitatern
752 1120 920 1158 nullam
944 1122 1070 1158 A'eris
1092 1119 1238 1157 versus
1262 1118 1475 1157 Occasum
1500 1120 1546 1155 in
1568 1117 1710 1155 nostro
1733 1117 1979 1154 Horizonte

341 1173 636 1221 largientibus:
659 1178 805 1211 tamen
823 1186 912 1211 non
929 1173 1117 1216 defuere,
1140 1175 1215 1220 qui
1231 1173 1272 1210 X
1288 1173 1356 1210 die
1373 1171 1641 1209 Nouembris
1662 1170 1776 1208 hanc
1793 1169 1981 1208 eandem

343 1229 540 1265 crinitam
563 1226 603 1264 se
626 1226 880 1273 conspexisse
904 1228 1205 1269 asseuerarent;
1229 1225 1465 1273 praesertim
1489 1236 1541 1262 ex
1564 1226 1628 1271 ijs,
1653 1225 1728 1270 qui
1752 1223 1982 1262 Oceanum

342 1281 642 1327 Noruagicum
667 1278 864 1318 noc‘tibus
889 1279 1243 1317 antecedentibus
1268 1280 1527 1325 nauigantes
1551 1277 1765 1315 sereniore
1791 1288 1901 1314 aura
1922 1275 1982 1313 vfi

342 1334 524 1371 fuerant.

396 1387 458 1424 Eo
471 1392 618 1424 autem
630 1386 710 1428 die,
725 1397 811 1432 quo
824 1386 949 1424 nobis
960 1388 1151 1433 primum
1162 1385 1303 1422 illuxit
1314 1384 1409 1422 1180
1422 1383 1510 1431 ipsa
1520 1385 1674 1421 crinita
1683 1382 1828 1426 Stella,
1841 1382 1982 1419 [imul-

343 1446 472 1486 atque
498 1438 724 1476 nocturnae
749 1439 940 1476 tenebrae
965 1439 1133 1486 reliqua
1157 1438 1307 1476 Sidera
1332 1437 1470 1474 oculis
1494 1436 1759 1484 ingerebant,
1784 1437 1982 1482 proxime

343 1493 469 1540 supra
491 1498 618 1538 caput
640 1492 851 1539 Sagittarij
875 1492 1039 1529 Stellati
1062 1504 1152 1529 non
1172 1491 1300 1538 longe
1321 1502 1347 1528 a
1368 1486 1605 1539 831111-11110,
1628 1501 1716 1536 quo
1738 1494 1828 1526 erat
1849 1488 1982 1536 paulo
2043 1501 2058 1513 v

344 1546 565 1588 eleuatior,
587 1545 791 1582 collocari
812 1545 1050 1589 videbatur,
1073 1544 1348 1590 caudamque
1369 1543 1515 1580 versus
1537 1542 1797 1589 Capricorni
1817 1552 1984 1579 cornua

343 1599 637 1646 protendebat.
656 1598 827 1635 Deinde
839 1598 893 1636 ab
905 1598 988 1636 hoc
1001 1598 1213 1645 Sagittarij
1228 1597 1336 1635 31110
1351 1596 1406 1634 3(1
1419 1597 1602 1633 Antinoi
1613 1595 1984 1633 constellationem

343 1653 552 1699 proximis
573 1651 724 1688 diebus
743 1651 950 1688 velociori
970 1656 1094 1688 motu
1114 1652 1313 1698 perrexit,
1335 1649 1616 1696 tranfiuitque
1637 1650 1759 1686 iuxta
1779 1650 1873 1685 eius
1893 1659 1984 1685 ma·

344 1717 450 1743 num
472 1704 690 1748 sinistram,
713 1704 750 1741 8(
771 1704 871 1741 111(10
893 1704 1080 1742 0311(13111
1097 1703 1308 1750 Delphini
1324 1702 1637 1750 praetergressus
1653 1700 1840 1748 Equulei
1856 1712 1985 1738 nares

343 1769 568 1806 permeare
584 1757 822 1801 videbatur,
840 1759 978 1804 capite
995 1757 1139 1805 Pegafi
1155 1755 1360 1794 nonnihil
1376 1756 1431 1793 ad
1447 1755 1653 1792 Austrum
1670 1753 1833 1792 relic'to:
1854 1759 1985 1800 atque

344 1811 444 1849 inde
466 1810 580 1848 10613
601 1811 655 1848 ad
672 1810 850 1848 Stellam
871 1812 916 1848 in
937 1810 1088 1848 dextro
1109 1821 1234 1848 armo
1250 1808 1395 1857 Pegafi
1416 1809 1533 1855 (quae
1550 1807 1707 1846 Scheat
1722 1806 1984 1854 appellatur)

344 1865 516 1902 lentiori
532 1869 679 1901 tamen
696 1875 830 1910 quam
846 1869 976 1901 antea
987 1869 1110 1901 motu
1122 1863 1351 1905 ferebatur,
1368 1861 1633 1908 tandemque
1645 1863 1690 1898 in
1701 1860 1849 1907 spatio,
1867 1859 1985 1906 quod

344 1918 539 1955 medium
555 1917 609 1954 011
626 1919 735 1954 inter
751 1915 909 1954 (11613111
926 1918 971 1954 111
987 1928 1110 1954 311110
1128 1916 1165 1954 8(
1181 1917 1306 1954 binas
1326 1915 1566 1952 minutulas
1583 1913 1736 1952 Stellas
1753 1915 1798 1950 in
1814 1912 1984 1961 pectore

345 1970 500 2018 Pegasi,
518 1970 643 2007 nobis
660 1970 876 2017 disparuit,
893 1970 1023 2017 idque
1040 1969 1128 2017 post
1145 1970 1260 2007 diem
1276 1969 1326 2006 26
1343 1969 1534 2015 Ianuarij
1552 1967 1673 2004 Anni
1688 1966 1794 2004 1578.

398 2025 543 2070 Atque
566 2023 635 2060 hic
658 2023 736 2060 fuit
759 2023 890 2060 huius
914 2023 1095 2060 Crinitae
1121 2022 1279 2065 cursus,
1305 2021 1497 2069 generali
1522 2021 1655 2058 modo
1681 2019 1984 2062 consideratus,

347 2077 626 2123 crassioreque
640 2076 847 2114 Minerua
863 2075 1077 2114 diductus:
1095 2076 1251 2122 Qualis
1268 2077 1399 2113 etiam
1415 2074 1469 2112 ab
1482 2075 1598 2111 Artis
1615 2072 1747 2110 huius
1764 2074 1985 2120 imperitis,

346 2132 421 2176 qui
432 2129 581 2167 saltem
592 2130 857 2167 mediocrem
869 2129 1103 2167 affixarum
1113 2129 1346 2167 Stellarum
1356 2129 1649 2175 cognitionem
1660 2125 1835 2169 habent,
1848 2127 1985 2163 anim-

346 2183 514 2220 aduerti
530 2188 709 2229 poterat.

399 2236 563 2273 Verum
584 2238 689 2282 quia
709 2240 878 2273 tantum
895 2235 1049 2273 Diuini
1066 2235 1275 2272 Numinis
1296 2234 1508 2272 ostentum
1528 2233 1682 2270 leuiter
1703 2231 1741 2269 &
1761 2231 1987 2269 oscitanter

346 2288 656 2336 praeteruolare
673 2300 763 2326 non
780 2289 899 2326 decet
920 2290 1144 2335 penitioris
1160 2288 1385 2325 Astrorum
1402 2287 1602 2325 Scientiae
1624 2284 1822 2328 cultores,
1844 2284 1987 2322 altiori

347 2342 385 2379 8(
397 2341 659 2388 exquifitiori
672 2342 875 2389 indagine
887 2341 1019 2379 huius
1032 2341 1229 2379 Cometae
1242 2341 1521 2388 apparentias
1533 2350 1586 2376 ex
1599 2336 1987 2376 obseruationibus

348 2397 471 2432 certis
494 2395 725 2437 deriuatas,
750 2394 980 2432 enucleare
1004 2396 1341 2441 operaepretium
1364 2393 1485 2431 duxi:
1511 2392 1642 2439 idque
1665 2402 1718 2428 eo
1741 2390 1987 2438 diligentius

347 2448 601 2495 pleniusque
618 2448 935 2485 elaborandum
957 2447 1114 2491 censui,
1136 2447 1253 2494 quod
1274 2446 1420 2484 multis
1437 2445 1491 2483 ab
1508 2445 1610 2482 hinc
1625 2443 1777 2482 seculis
1793 2455 1820 2481 a
1835 2454 1987 2490 quarn-

347 2502 546 2548 plurimis
558 2500 963 2548 Philosophantium
974 2502 1094 2538 varie
1107 2500 1387 2547 disceptatum
1399 2499 1456 2542 fit,
1474 2498 1511 2535 &
1527 2497 1727 2535 nondum
1743 2497 1854 2534 adeo
1871 2501 1986 2533 certo

1722 2548 1985 2591 conclusum,

2020 1075 2050 1100 15

2021 1606 2054 1631 25

2023 1871 2057 1896 30

2024 2136 2057 2162 35

2025 2401 2058 2426 40
