2209 3213
338 226 414 262 246
832 222 914 258 DE
936 220 1160 258 MUNDI
1181 218 1482 257 AETHEREI

337 332 505 378 gradus,
524 330 657 375 quue
670 328 794 366 facile
807 329 985 364 euenire
997 327 1135 373 potuit
1148 336 1200 363 ex
1212 325 1295 363 hac
1306 327 1453 364 minus
1463 331 1568 371 tuta,
1585 337 1661 373 per
1672 326 1977 364 transuersales

336 396 361 421 a
374 385 405 421 F
408 386 488 420 ixis
501 382 640 420 Stellis
653 380 801 419 ductas
818 380 969 423 lineas,
988 379 1260 417 Obseruandi
1276 381 1461 423 ratione;
1477 379 1613 417 veluti
1628 379 1755 427 supra
1772 391 1870 417 eam
1886 391 1977 417 non

337 448 494 477 carere,
512 435 669 482 quibus
682 434 874 471 obnoxia
886 433 943 475 sit,
961 432 1191 476 erroribus,
1209 432 1314 469 dum
1327 432 1537 470 Moestlini
1548 435 1742 477 inuenta,
1759 435 1834 480 qui
1846 435 1977 471 etiam

336 490 410 527 tali
426 489 559 526 modo
577 488 774 525 Cometae
790 487 1084 533 Apparentias
1101 485 1400 528 considerauit,
1421 486 1749 533 perpenderem,
1771 488 1895 524 certis
1911 498 1976 524 ra-

335 542 525 580 tionibus
537 541 811 578 ostendimus.
830 540 964 586 quue
977 540 1108 576 etiam
1121 550 1174 576 ex
1186 538 1268 576 hac
1281 538 1370 585 ipsa
1382 538 1585 577 Gemmae
1598 539 1977 577 animaduerfione
2016 554 2031 579 5

336 596 390 633 ad
407 597 524 632 viam
542 594 739 632 Cometae
756 592 984 640 applicata,
1004 591 1101 629 satis
1117 591 1264 638 liquet.
1286 591 1406 629 Nam
1421 591 1451 629 fi
1466 591 1602 630 solam
1622 592 1786 630 lineam
1803 591 1978 630 Rec'tam

336 649 389 686 ab
412 648 499 686 Ore
520 646 664 694 Pegafi
687 648 731 683 in
752 645 909 684 Scheat
933 645 1050 692 (quae
1074 645 1173 682 duae
1198 644 1342 683 Stellae
1365 644 1614 683 illustriores
1638 650 1772 689 erant,
1797 645 1834 682 8(
1858 645 1912 683 ob
1935 645 1978 682 id

335 701 492 738 melius
516 700 772 738 Obseruatio
798 710 874 746 per
899 698 979 736 has
1004 697 1115 736 fac’ta
1140 697 1320 735 discerni
1345 698 1530 746 poterat)
1556 698 1612 736 ad
1636 700 1756 736 viam
1779 698 1978 736 Cometae

336 754 617 801 applicemus,
638 752 828 790 transibit
848 751 963 790 hanc
979 753 1025 789 in
1040 751 1151 795 1060,
1173 753 1248 798 qui
1264 751 1602 799 Longitudinem
1622 751 1842 795 obtinebit,
1864 752 1906 789 P.
1924 752 1977 790 15.

336 808 398 844 M.
416 807 439 844 4
464 809 499 850 )(
510 837 518 849 ,
540 808 613 853 qui
631 808 719 844 iam
735 805 874 843 multo
891 805 946 842 est
961 804 1138 842 vlterior
1152 815 1253 842 mea
1268 805 1558 852 assignatione,
1578 816 1679 843 cum
1694 810 1843 842 tamen
1858 806 1978 852 prius
2019 819 2050 844 ιο

336 859 525 898 defectus
541 859 852 897 insinuabatur.
865 858 990 896 Vnde
1007 858 1050 896 id
1066 858 1184 905 quod
1200 857 1402 902 diximus,
1420 857 1535 896 hanc
1547 857 1748 896 Siderum
1759 857 1857 895 loca
1867 857 1977 895 scru-

335 914 455 951 tandi
470 913 671 956 formam,
688 924 779 949 non
795 914 917 949 omni
933 923 986 949 ex
1002 916 1123 958 parte
1140 910 1382 949 absolutam
1399 912 1488 956 esse,
1507 911 1605 949 satis
1620 911 1833 958 superque
1849 916 1977 959 patet.

335 967 499 1003 Verum
511 966 540 1003 fi
551 968 597 1003 in
608 965 676 1003 his
688 965 885 1012 aliquam
896 965 1203 1002 limitationem
1214 964 1440 1002 admittere
1452 964 1631 1008 licuerit,
1648 965 1787 1002 multo
1799 966 1979 1012 propius

335 1019 485 1057 nostris
501 1021 691 1057 inuentis
707 1018 946 1057 accedetur.
964 1017 1167 1056 Medium
1184 1019 1302 1055 enim
1316 1017 1533 1065 vtriusque
1547 1018 1860 1066 Longitudinis‚
1879 1029 1978 1064 quae

334 1085 410 1120 per
431 1077 620 1119 quatuor
636 1071 790 1110 Stellas
810 1071 1129 1114 inueniebatur‚
1152 1070 1190 1108 &
1211 1073 1304 1109 eius
1325 1082 1425 1118 quae
1446 1082 1522 1118 per
1539 1071 1666 1109 binas
1681 1071 1814 1108 modo
1832 1069 1976 1114 dictas,
2019 1085 2049 1110 15

335 1126 529 1164 adhibita
539 1125 736 1163 Cometae
746 1126 830 1167 via,
841 1124 896 1162 est
909 1124 963 1163 G.
973 1124 1025 1162 13.
1037 1124 1099 1162 M.
1110 1124 1161 1162 20
1177 1126 1214 1168 )(
1225 1155 1233 1168 ,
1245 1124 1390 1162 adhuc
1400 1124 1631 1162 abundans
1641 1124 1797 1162 semisse
1807 1124 1978 1172 gradus,

335 1191 435 1216 cum
450 1181 582 1226 prius,
601 1190 627 1216 a
643 1183 831 1225 quatuor
844 1178 985 1216 Stellis
996 1177 1086 1215 sola
1097 1179 1266 1215 ratione
1282 1177 1443 1222 habita,
1460 1178 1719 1215 tantundem
1735 1177 1978 1220 deficiebat;

335 1234 394 1270 ita
409 1238 452 1269 vt
469 1231 611 1269 nostra
622 1231 868 1279 Longitudo
884 1231 987 1269 huic
1004 1231 1041 1268 8(
1057 1232 1191 1278 priori
1206 1230 1379 1278 prorsus
1395 1231 1654 1269 intermedia
1670 1230 1727 1274 fit,
1745 1230 1863 1277 quod
1880 1241 1979 1268 eam

335 1297 361 1323 a
376 1297 481 1322 vero
497 1284 743 1322 sensibiliter
759 1296 850 1322 non
866 1283 1051 1326 differre,
1067 1283 1282 1331 probabili
1298 1285 1630 1322 ratiocinatione
1647 1284 1838 1321 ostendit.

390 1338 520 1384 Quod
537 1343 685 1376 autem
701 1349 727 1376 a
742 1337 855 1375 binis
872 1337 987 1375 Fixis
1003 1349 1079 1384 per
1094 1338 1312 1375 tramitem
1329 1336 1528 1375 Cometae
1545 1335 1673 1375 ducta
1688 1337 1818 1379 linea,
1839 1342 1978 1374 tanto·
2017 1350 2050 1375 20

335 1403 436 1438 pere
453 1391 641 1429 nostram
657 1392 980 1438 assignationem
997 1390 1175 1434 excedit,
1193 1402 1291 1428 eam
1307 1401 1463 1428 reuera
1479 1402 1570 1428 non
1586 1390 1770 1428 deficere
1787 1389 1978 1433 ostendit,

335 1444 372 1481 8(
386 1444 696 1482 Moestlinianae
709 1443 1027 1492 Hypotheseos,
1045 1455 1145 1490 quae
1158 1443 1496 1491 Longitudinem
1511 1445 1677 1491 integro
1689 1443 1826 1491 gradu
1837 1442 1979 1480 nostra

334 1499 598 1535 anteriorem
609 1497 760 1541 statuit,
778 1497 911 1534 robur
921 1496 1129 1544 infringit;
1146 1496 1257 1534 adeo
1269 1501 1312 1534 vt
1324 1498 1436 1534 circa
1447 1496 1590 1534 XVIII
1603 1497 1809 1544 Ianuarij,
1827 1508 1880 1534 ex
1893 1495 1978 1534 Ob-

333 1550 651 1588 seruationibus
677 1552 808 1588 etiam
834 1549 1126 1593 Cornelianis,
1157 1549 1330 1597 prorsus
1357 1548 1650 1593 labefactetur,
1676 1549 1811 1587 veluti
1835 1549 1979 1597 postea

336 1605 528 1650 apertius
544 1603 963 1641 Demonstrabimus.
2018 1616 2050 1640 25

388 1657 559 1694 Deinde
577 1656 677 1694 DIE
693 1656 792 1694 VIII
810 1656 848 1693 &
864 1656 999 1699 XIIII,
1017 1658 1107 1694 imo
1124 1658 1255 1694 etiam
1271 1656 1414 1694 XVIII
1431 1656 1622 1704 Ianuarij
1643 1655 1908 1694 Obseruatus
1925 1655 1980 1693 est

334 1710 403 1747 hic
416 1709 621 1748 Cometes
633 1721 659 1748 a
672 1709 881 1748 Cornelio
892 1709 1095 1747 Gemma.
1109 1708 1178 1747 De
1191 1709 1276 1747 diei
1287 1721 1392 1747 vero
1404 1706 1419 1759 ΙΙ
1431 1709 1574 1747 XVIII
1585 1708 1977 1752 animaduerfione‚
2003 1716 2068 1747 300

334 1774 422 1810 quo
434 1768 629 1810 ternpore
638 1763 790 1800 vltimo
802 1763 856 1800 ab
868 1762 943 1800 illo
953 1762 1067 1800 visus
1079 1762 1146 1806 est,
1163 1764 1209 1800 in
1220 1762 1339 1800 hunc
1350 1762 1534 1800 modum
1544 1762 1698 1801 scribit:
1711 1763 1820 1800 DIE
1827 1762 1985 1800 XVIII

333 1816 449 1854 IAN
453 1816 629 1861 VARII,
648 1818 786 1855 tenue
804 1817 982 1854 tantum
999 1815 1127 1854 illius
1140 1813 1380 1864 vestigium
1393 1813 1623 1865 adpecftus
1634 1813 1796 1865 Pegasi
1804 1813 1978 1863 effulsit,

334 1869 459 1907 inter
470 1870 713 1918 Vtramque
726 1869 921 1908 Stellam
936 1868 1091 1908 medio
1105 1869 1220 1914 Ioco,
1233 1867 1294 1917 fic
1311 1871 1480 1914 tamen,
1495 1869 1616 1907 viad
1625 1868 1831 1907 obtutum
1843 1866 1978 1917 persi·
2017 1881 2050 1906 30

330 1920 466 1969 flenti
480 1921 653 1960 diutius
669 1920 967 1970 oblitesceret,
990 1933 1142 1971 neque
1156 1921 1208 1970 se
1224 1922 1372 1961 Radio
1389 1921 1496 1971 capi
1509 1921 1732 1971 deinceps
1747 1920 1887 1960 facile
1899 1932 1979 1970 pa-

337 1977 522 2014 teretur.
545 1975 630 2012 His
651 1975 867 2022 (inquam)
889 1976 1043 2019 verbis,
1065 1976 1105 2014 se
1128 1976 1228 2014 DIE
1244 1976 1387 2014 XVIII
1404 1975 1596 2023 Ianuarij
1616 1975 1861 2017 Cometam,
1883 1974 1981 2012 licet

335 2028 576 2066 admodum
592 2033 878 2072 attenuatum,
900 2029 1044 2067 adhuc
1060 2029 1201 2067 vidisse
1224 2031 1334 2067 inter
1349 2029 1475 2067 binas
1491 2031 1537 2066 in
1553 2027 1725 2076 pectore
1741 2027 1897 2076 Pegafi,
1919 2033 1979 2066 at-

335 2081 517 2119 testatur.
541 2081 671 2127 Quod
693 2093 745 2119 ea
766 2094 865 2129 quae
887 2093 913 2119 a
934 2082 1156 2120 Moestlino
1178 2083 1230 2120 de
1251 2082 1403 2120 vltimo
1424 2084 1518 2120 eius
1538 2083 1725 2120 termino
1747 2083 1858 2119 circa
1882 2093 1978 2130 cen-

335 2140 449 2171 trum
463 2134 637 2172 Circelli
654 2134 895 2172 librationis
910 2135 977 2173 die
990 2135 1031 2173 X
1043 2136 1234 2184 Ianuarij
1253 2135 1511 2179 absolutum,
1528 2140 1847 2182 proponuntur,
1864 2134 1978 2172 labe·
2018 2147 2051 2172 35

336 2186 475 2231 fadtat,
493 2187 531 2224 8(
547 2187 734 2225 nostram
746 2187 1002 2226 sententiam
1014 2189 1066 2226 de
1078 2189 1280 2226 vlteriore
1293 2190 1387 2226 eius
1398 2188 1720 2236 perduratione,
1738 2187 1979 2225 confirmat.

337 2240 430 2277 Imo
447 2240 631 2287 idipsum
648 2241 765 2287 quod
781 2240 909 2288 supra
921 2241 1196 2286 ostendimus,
1208 2241 1559 2294 ‘Moestlinianam
1572 2240 1846 2289 Hypothefin
1858 2240 1979 2278 Phae-

337 2295 539 2331 nomenis
560 2292 692 2331 huius
710 2293 907 2332 Cometae
924 2294 1144 2333 saluandis
1160 2307 1251 2333 non
1267 2295 1561 2342 vndequaque
1581 2293 1788 2338 sufficere,
1810 2293 1921 2331 adeo
1938 2298 1981 2331 vt

336 2352 505 2383 motum
522 2348 615 2384 eius
629 2348 675 2383 in
686 2346 773 2384 fine
785 2347 1026 2385 admodum
1038 2348 1284 2386 senfibiliter
1295 2348 1402 2386 iusto
1414 2348 1649 2385 tardiorem
1662 2346 1876 2389 exhibeat,
1893 2358 1981 2384 vna

336 2399 558 2437 manifeste
575 2400 840 2447 comprobat.
864 2400 998 2447 quue
1015 2406 1058 2438 vt
1074 2401 1321 2439 euidentius
1337 2400 1586 2444 innotescat,
1607 2400 1725 2438 lubet
1741 2400 1870 2447 ipsius
1887 2399 1979 2447 Hy—
2018 2411 2052 2436 40

337 2452 564 2499 potheseos
576 2464 797 2497 numeros,
815 2455 946 2491 etiam
958 2456 1003 2491 in
1014 2453 1098 2492 hoc
1109 2459 1281 2501 tempus
1292 2454 1455 2492 vltimae
1469 2453 1796 2492 Obseruationis
1809 2465 1834 2491 a
1847 2452 1980 2490 Gem-

338 2517 412 2543 ma
427 2505 601 2549 habitae,
618 2517 872 2553 propagare.

1854 2558 1982 2596 Hora
