2209 3213
504 189 1026 229 RECENTIORIBUS
1046 190 1504 230 PHAENOMENIS
1759 192 1826 230 127

182 297 327 339 trium,
348 295 547 334 videlicet
566 301 782 343 quantum
802 302 995 335 mutatur
1011 297 1212 335 Ascenfio
1229 296 1359 335 Recta
1376 298 1573 336 Cometae
1594 298 1827 336 interuallo

181 348 269 393 isto,
290 348 426 386 veluti
447 351 579 386 etiam
600 360 653 386 ex
673 349 967 396 superioribus
986 350 1062 388 suo
1080 351 1235 398 Capite
1252 351 1290 388 &
1305 351 1403 389 loco
1423 351 1570 398 liquet.
1592 351 1765 389 Deinde
1783 354 1829 389 in

181 400 422 449 Triangulo
434 401 571 446 ABF,
588 402 722 440 Latus
738 403 821 440 AB
837 408 881 441 vt
896 405 1029 450 prius,
1046 403 1088 441 P.
1106 404 1168 441 34.
1187 404 1250 441 M.
1264 405 1300 448 7,
1318 404 1451 442 Latus
1468 404 1553 448 FB,
1571 405 1612 442 P.
1626 404 1688 442 76.
1702 405 1764 442 M.
1778 405 1828 442 24

183 455 342 499 euadit,
359 466 465 492 nam
476 455 725 493 Declinatio
737 461 920 503 augetur
935 468 962 494 a
977 458 1119 503 prima
1135 457 1190 495 ad
1204 456 1439 495 secundam
1451 457 1827 502 obseruationem,

130 519 146 544 5
184 518 237 545 ex
252 512 376 545 motu
393 507 604 552 Cometae‚
626 508 797 546 duobus
815 511 1008 552 minutis,
1031 509 1181 556 Quare
1198 510 1569 557 complementum
1590 510 1674 548 hoc
1695 511 1828 549 existit

183 572 301 598 nunc
316 561 429 599 binis
440 561 652 608 scrupulis
663 563 823 607 minus,
840 574 975 609 quam
987 562 1066 600 fuit
1077 565 1123 600 in
1133 565 1268 610 priori
1280 563 1372 607 BD,
1385 564 1587 611 Angulus
1599 575 1703 602 vero
1715 565 1829 602 ABF

183 613 356 658 constat,
379 613 409 651 fi
431 614 649 652 addideris
668 615 897 663 Angulum
918 615 1058 659 EBG,
1082 615 1373 654 differentiam
1394 616 1666 655 Ascenfionis
1687 616 1828 655 Redtae

178 1838 345 1874 interea
357 1835 590 1880 causatam,
601 1837 734 1873 trium
747 1835 807 1882 (vt
817 1835 922 1882 dixi)
935 1835 1250 1884 scrupulorum,
1263 1836 1318 1874 ad
1328 1837 1554 1885 Angulum
1564 1839 1605 1876 A
1613 1839 1646 1877 Β
1655 1839 1696 1877 D
1706 1843 1826 1888 prius

178 1891 423 1933 inuentum,
440 1894 483 1926 vt
499 1888 545 1926 fit
561 1889 684 1926 ABF
698 1900 816 1926 nunc
833 1889 875 1926 P.
893 1889 955 1927 88.
973 1889 1035 1927 M.
1054 1890 1107 1933 15,
1127 1890 1254 1927 datur
1268 1892 1416 1937 itaque
1432 1891 1512 1929 AF
1517 1922 1524 1935 ‚
1542 1892 1584 1930 P.
1601 1893 1664 1931 77.
1682 1893 1745 1931 M.
1763 1895 1825 1938 48,

112 1955 143 1980 10
180 1942 291 1980 nihil
306 1942 512 1980 differens
528 1954 554 1980 a
571 1942 894 1989 complemento
910 1942 1165 1980 Altitudinis
1182 1943 1371 1981 secundo
1389 1943 1654 1984 Obseruatae.
1676 1947 1825 1995 Angu-

178 1995 247 2034 lus
267 1995 441 2043 insuper
462 1995 584 2033 BAF
605 1995 764 2039 euadit,
786 1995 828 2033 P.
845 1995 908 2033 83.
931 1996 994 2033 M.
1011 1996 1065 2033 41.
1083 1996 1122 2034 S.
1140 1996 1203 2039 48,
1225 1999 1300 2043 qui
1321 1996 1350 2034 fi
1370 1997 1601 2036 subductus
1622 1999 1750 2038 fuerit
1771 2001 1825 2038 ab

179 2048 356 2097 Angulo
368 2049 513 2093 BAD,
530 2050 687 2096 prioris
698 2048 937 2096 Trianguh,
955 2049 1160 2096 relinquit
1172 2050 1399 2097 Angulum
1411 2050 1535 2095 IAK,
1549 2052 1612 2090 Μ.
1625 2053 1666 2092 3ὲ
1683 2056 1825 2101 cogni-

178 2106 284 2140 tum.
306 2102 488 2140 Metitur
507 2107 656 2140 autem
677 2101 747 2139 hic
763 2101 966 2149 Angulus
987 2104 1274 2149 quantitatem
1290 2104 1432 2141 Arcus
1453 2104 1470 2141 Ι
1478 2105 1529 2149 Κ,
1551 2108 1626 2152 qui
1647 2106 1827 2145 ostendit

179 2154 472 2193 differentiam
487 2154 844 2199 Azimuthorum,
860 2157 972 2192 inter
987 2155 1134 2193 locum
1152 2156 1350 2194 Cometae
1366 2162 1536 2195 motum
1553 2158 1591 2196 &
1607 2160 1826 2206 quiescen-

111 2221 142 2247 15
178 2213 278 2253 tem,
295 2220 396 2256 quae
413 2208 703 2256 quaerebatur.
721 2207 830 2246 Sunt
846 2220 947 2256 ergo
959 2208 1287 2256 sesquiquatuor
1298 2209 1499 2258 scrupula
1511 2212 1713 2251 addenda
1725 2214 1825 2251 Azi—

177 2261 333 2299 mutho
349 2261 594 2309 posterioris
606 2261 947 2300 Obseruationis.
965 2262 1084 2299 Nam
1096 2262 1125 2299 fi
1138 2262 1324 2301 Cometa
1339 2263 1470 2310 plane
1483 2265 1719 2304 immobilis
1732 2269 1824 2314 qui-

178 2315 332 2359 euisset,
349 2317 409 2353 ita
423 2320 467 2353 vt
482 2314 758 2353 solummodo
774 2316 903 2362 primi
919 2320 1064 2352 motus
1081 2315 1348 2353 reuolutioni
1365 2317 1701 2365 obtemperasset,
1722 2326 1825 2358 tunc

177 2373 373 2415 tempore
389 2367 606 2415 sequentis
618 2367 960 2412 ObseruationiS,
976 2368 1146 2406 tantilla
1161 2371 1361 2416 portione
1379 2372 1424 2408 in
1439 2370 1715 2410 vlterioribus
1731 2385 1824 2411 ver-

177 2420 246 2459 sus
256 2421 605 2468 Septentrionem
612 2420 957 2459 Azimuthorum
967 2421 1178 2469 scrupulis
1189 2422 1302 2460 visus
1315 2424 1515 2462 extitisset.
1534 2424 1738 2473 Cumque
1750 2427 1825 2464 Al-

107 2486 141 2511 20
176 2474 408 2527 titudinem
424 2476 591 2512 interea
606 2485 698 2518 non
713 2475 851 2512 variet
867 2474 1127 2519 senfibiliter,
1149 2486 1248 2514 eam
1269 2487 1404 2523 quam
1421 2477 1536 2516 dedit
1553 2478 1824 2524 Obseruatio,

1527 2532 1823 2577 retinebimus,
