2209 3213
393 218 468 254 454
790 214 1259 253 APOLOGETICA
1282 213 1638 252 RESPONSIO

392 328 570 369 gratam.
589 322 701 368 qvod
714 322 900 367 Principi
916 326 1005 357 tam
1024 320 1251 358 excellenti
1268 320 1306 357 8(
1322 324 1443 358 tanto
1459 331 1610 358 amore
1623 320 1925 359 Astronomica
1940 333 2033 369 per-

392 376 580 421 seqventi
597 385 696 411 mea
712 376 891 411 inventa
908 373 1159 420 propalarit.
1183 374 1228 411 Id
1246 375 1364 411 enim
1380 385 1542 420 magno
1558 373 1850 412 Astronomiae
1867 374 2033 412 emolu-

391 433 538 464 mento
560 426 721 464 factum
743 426 809 469 est,
832 426 1039 473 fiqvidem
1056 426 1379 464 observationes
1400 426 1616 473 plurimae,
1637 428 1789 464 tamin
1809 426 1886 471 O¹<³
1902 439 2034 474 qvam

391 480 487 517 fixis
503 479 640 523 stellis,
658 491 734 526 per
751 491 801 517 ea
819 481 1031 517 innovata
1048 480 1226 527 Organa
1242 479 1378 523 factae,
1396 485 1435 517 et
1452 491 1552 517 cum
1569 479 1719 518 nostris
1736 480 1791 517 ad
1807 477 1822 530 ΙΙ
1839 481 2035 518 amussim
2059 487 2120 519 26r

392 533 716 576 consentientes
736 544 789 570 ex
806 544 858 570 eo
875 537 1070 580 tempore
1087 534 1276 571 obtentae
1292 533 1400 577 sunt,
1423 545 1519 580 qvae
1535 533 1724 571 multum
1741 534 1962 571 commodi
1977 533 2033 571 ad
2071 547 2086 571 5

391 588 493 624 artis
518 585 827 623 restitutionem
853 586 1094 624 conferunt.
1121 587 1287 624 Verum
1313 587 1427 634 qvod
1452 598 1574 624 meas
1599 588 1877 624 inventiones
1901 586 2033 634 longo

391 639 468 676 usu
490 644 529 676 et
549 638 710 681 labore,
732 650 812 676 nec
833 641 994 677 minori
1014 639 1186 687 sumptu
1207 645 1496 687 comparatas,
1518 651 1596 686 pro
1617 639 1702 677 suis
1724 639 1810 677 illic
1831 644 1871 677 et
1888 640 2035 687 passim

391 692 492 729 alibi
509 692 753 735 venditarit,
775 704 906 730 nemo
923 692 993 730 vel
1009 704 1080 730 me
1096 698 1278 736 tacente,
1300 692 1460 731 fincere
1477 691 1640 730 factum
1657 694 1732 731 esse
1749 693 1916 737 dixerit,
1938 693 2035 731 licet

391 747 541 782 omnia
558 745 632 782 diu
648 745 845 792 saepeqve
862 745 933 783 hic
950 758 1099 784 coram
1115 746 1350 794 inspexisset
1362 746 1608 784 Witichius.
1626 745 1797 784 Tamen
1812 748 1858 783 in
1874 746 2035 784 horum

386 798 496 846 justa
513 803 552 835 et
568 797 795 836 sufficienti
813 799 1102 844 ordinatione,
1121 811 1221 837 cum
1236 811 1287 837 ea
1301 800 1491 838 Cassellis
1503 799 1714 846 Principis
1730 799 1872 837 sumtu
1889 799 2033 838 elabo-
2075 811 2105 836 ιο

390 851 528 888 randa
540 851 782 898 suscepisset,
799 856 889 889 tam
904 852 1055 890 infelix
1068 855 1215 895 extitit,
1233 858 1279 891 ut
1290 853 1379 900 post
1391 853 1516 890 suum
1529 852 1746 890 discessum
1758 851 2033 891 CHRISTO-

390 904 594 942 PHORO
612 904 1013 943 ROTHMANNO
1031 908 1193 943 eximio
1211 906 1419 954 Principis
1437 906 1769 949 Mathematico,
1791 907 1863 953 qvi
1879 905 1942 943 illi
1958 905 2033 943 sta-

391 959 467 995 tim
483 957 738 1000 successerat,
760 969 851 996 non
871 970 1014 1006 pauca
1031 959 1283 1006 supplenda.
1306 959 1669 1006 emendandaqve
1690 959 1921 1006 reliqverit‚
1943 970 2035 997 non

391 1010 477 1048 fine
498 1013 619 1058 gravi
640 1011 992 1049 observationum
1013 1012 1152 1050 multo
1170 1018 1366 1060 tempore
1383 1012 1535 1050 frustra
1550 1012 1839 1050 institutarum
1851 1010 2034 1059 jactura,

391 1064 525 1101 veluti
540 1064 717 1111 ipsemet
731 1064 1038 1103 Rothmannus
1055 1065 1189 1103 literis
1205 1066 1465 1113 qvibusdam
1482 1065 1564 1104 hac
1582 1066 1634 1103 de
1650 1077 1696 1103 re
1712 1065 1830 1112 apud
1846 1077 1916 1103 me
1933 1077 2034 1103 con-
2076 1077 2105 1101 15

391 1117 558 1164 qvestus
580 1117 646 1155 est.
669 1117 719 1155 Et
740 1120 785 1155 in
805 1118 903 1165 alijs
925 1130 1057 1165 qvam
1077 1119 1343 1167 negligenter
1359 1125 1399 1157 et
1416 1130 1597 1157 erronee
1618 1118 1791 1166 eclipfin
1813 1119 2035 1165 qvandam
2072 1121 2092 1152 ”r

392 1170 613 1208 Lunarem
627 1172 759 1208 etiam
773 1183 850 1218 per
860 1171 1050 1210 restituta
1061 1184 1087 1210 a
1098 1172 1138 1210 se
1151 1173 1434 1210 instrumenta
1445 1172 1531 1210 illic
1544 1172 1778 1210 observarit
1787 1171 2034 1215 Witichius,

390 1223 608 1270 fignificat.
623 1224 751 1262 Unde
765 1226 896 1262 etiam
909 1225 1024 1272 qvod
1033 1230 1123 1263 tarn
1135 1228 1181 1263 in
1193 1225 1470 1269 Mechanica,
1484 1237 1615 1273 qvam
1627 1227 1672 1263 in
1683 1224 2036 1263 observationum

391 1277 518 1314 Praxi
523 1278 581 1325 jej
588 1289 675 1315 une
686 1277 723 1315 8(
733 1277 1024 1324 perfunctorie
1034 1290 1197 1316 munus
1207 1279 1372 1320 obierit,
1386 1291 1477 1316 non
1487 1279 1663 1317 obscure
1675 1278 1818 1325 liqvet.
1831 1278 1897 1316 Ac
1908 1278 2035 1326 longe

391 1329 559 1367 facilior
580 1330 634 1368 est
655 1331 830 1378 Eclipfis
851 1331 1049 1379 alicujus,
1072 1333 1215 1379 qvoad
1237 1331 1388 1371 exacta
1409 1338 1620 1380 tempora,
1644 1332 1879 1376 denotatio,
1904 1343 2035 1378 qvam
2074 1343 2107 1368 20

392 1382 679 1421 Cometarum
702 1396 780 1431 pro
803 1384 1105 1423 Parallaxibus
1129 1386 1413 1423 enucleandis
1436 1385 1658 1423 dimenfio.
1684 1385 1812 1423 Certe
1836 1385 1941 1422 dum
1964 1384 2036 1422 hic

391 1436 579 1483 praesens
600 1437 753 1474 adesset
769 1437 1017 1481 Witichius‚
1039 1438 1092 1476 ab
1114 1440 1238 1476 initio
1259 1444 1349 1476 tam
1370 1439 1520 1486 frigide
1542 1444 1582 1476 et
1603 1441 1959 1485 incompetenter,
1983 1438 2035 1476 de

392 1490 775 1528 instrumentorum
792 1490 956 1529 fabrica
972 1491 1010 1529 &
1026 1491 1105 1529 usu
1121 1492 1352 1536 disserebat,
1373 1503 1613 1539 eorumqve
1629 1490 1931 1530 tractationem
1946 1496 2037 1529 tam

391 1543 613 1590 pueriliter
630 1543 667 1580 8(
684 1543 829 1582 inscite
846 1544 1005 1588 obibat,
1027 1550 1073 1582 ut
1092 1547 1178 1582 mei
1196 1545 1448 1583 Mechanici
1464 1545 1668 1583 homines
1685 1547 1817 1582 etiam
1833 1544 2035 1589 illiterati,

393 1598 463 1643 qvi
484 1596 633 1634 saltem
654 1596 815 1634 horum
836 1596 1154 1636 confectionem
1172 1598 1209 1636 8(
1225 1598 1326 1636 usus
1342 1600 1436 1646 jam
1456 1598 1546 1646 ipsa
1563 1598 1862 1636 elaboratione
1879 1598 2035 1635 didice-
2074 1610 2106 1634 25

392 1654 501 1692 rant,
519 1661 545 1687 a
560 1649 645 1687 risu
661 1650 871 1688 abstinere
888 1653 1178 1698 neqviverint:
1201 1652 1308 1696 Imo,
1331 1652 1446 1699 qvod
1461 1651 1560 1699 plus
1577 1651 1643 1695 est,
1660 1650 1879 1689 stellarum
1896 1649 2036 1689 oc'tavi

393 1702 520 1747 orbis,
538 1704 681 1749 qvoad
699 1715 852 1741 earum
869 1706 1052 1742 nomina
1069 1704 1106 1742 8(
1123 1705 1454 1752 dispositionem,
1472 1706 1680 1742 noticiam
1696 1704 1766 1742 vel
1782 1704 1952 1742 nullam
1967 1703 2037 1742 vel

394 1767 524 1802 qvam
540 1758 772 1794 minimam
787 1757 951 1795 habuit.
970 1757 1150 1805 Ipsemet
1168 1760 1285 1796 enirn
1301 1758 1426 1796 fassus
1443 1758 1497 1795 est
1512 1758 1553 1795 se
1569 1763 1726 1806 praeter
1737 1757 1868 1795 solius
1880 1757 2036 1795 Cassio-

393 1820 488 1855 peae
509 1809 645 1847 sidera
666 1810 780 1856 (qvae
802 1810 857 1848 ob
878 1822 1008 1848 novae
1029 1811 1158 1849 stellae
1175 1817 1276 1849 ante
1293 1812 1458 1859 aliqvot
1474 1823 1616 1849 annos
1633 1809 1870 1857 conspeaae
1887 1812 2036 1848 vicini-

393 1867 525 1899 tatem
545 1862 607 1899 illi
628 1863 927 1909 innotuerant)
950 1864 1073 1902 nulla
1094 1864 1182 1902 fere
1204 1865 1292 1902 alia
1312 1866 1357 1902 in
1378 1870 1467 1902 toto
1489 1865 1602 1902 coelo
1622 1862 1841 1911 perspecta
1861 1863 2036 1907 habere,
2075 1875 2108 1900 30

394 1915 508 1961 qvod
525 1918 655 1953 etiam
672 1918 783 1954 inter
799 1916 1120 1955 observandum
1136 1918 1233 1956 satis
1249 1920 1399 1965 patuit.
1420 1918 1621 1965 Cumqve
1638 1917 1876 1964 aliqvando
1892 1929 1919 1955 a
1934 1928 2037 1964 qvo-

395 1968 496 2005 dam
518 1980 719 2006 meorum
742 1969 1026 2008 studiosorum
1050 1972 1104 2009 ob
1128 1971 1243 2009 hanc
1266 1973 1572 2019 ignorantiam,
1597 1982 1697 2008 eum
1717 1975 1863 2008 tantus
1886 1970 2038 2008 haberi

394 2021 522 2058 vellet
548 2021 846 2066 Astronomus,
878 2023 1138 2071 culparetur,
1168 2024 1453 2072 respondebat
1478 2036 1570 2062 non
1594 2026 1732 2072 magis
1757 2024 2037 2061 necessarium

396 2074 471 2111 esse
494 2074 756 2113 Astronomo
781 2075 917 2114 sidera
942 2077 1067 2119 nosse,
1094 2089 1225 2124 qvam
1252 2078 1438 2116 Medicis
1463 2077 1701 2116 herbarum
1726 2078 1931 2124 cognitio;
1957 2076 2037 2114 has

396 2129 513 2164 enim
534 2128 721 2165 aniculae
742 2131 885 2176 potius
908 2130 1056 2176 (pudet
1077 2130 1254 2177 referre)
1276 2143 1373 2178 qvae
1395 2142 1469 2169 eas
1488 2131 1842 2177 Pharmacopaeis
1858 2129 2037 2167 venales
2075 2141 2108 2166 35

396 2179 625 2226 asportant,
649 2181 894 2228 dignoscere
911 2184 1070 2220 necesse
1088 2183 1262 2227 habent,
1280 2184 1507 2222 Medicum
1524 2184 1743 2231 fiqvidem,
1762 2182 1925 2221 etiamsi
1941 2182 2036 2220 her-

395 2232 564 2275 barum.
588 2233 640 2270 de
664 2235 818 2280 qvibus
839 2235 914 2273 suo
938 2242 1110 2283 recepto
1134 2239 1230 2284 agit,
1255 2237 1379 2275 nulla
1401 2237 1594 2275 imbutus
1614 2236 1659 2274 fit
1682 2238 1855 2280 noticia,
1879 2235 2036 2273 nihilo-

395 2287 542 2323 minus
556 2287 926 2325 medicamentum
938 2289 1141 2327 ordinare
1155 2290 1192 2327 8(
1204 2290 1502 2328 administrare
1518 2291 1646 2337 posse;
1663 2301 1768 2327 nam
1784 2289 1933 2327 herbae
1949 2288 2037 2326 illae

396 2340 441 2376 in
458 2339 756 2386 Myrothecijs.
773 2341 843 2377 vel
858 2341 1154 2380 vilissimarum
1175 2344 1452 2381 anicularum
1469 2340 1484 2393 ΙΙ
1500 2355 1635 2391 opera
1654 2344 1700 2380 in
1720 2348 1926 2390 promptu
1946 2341 2036 2380 fint.
2061 2347 2125 2378 26v

397 2391 460 2429 Ita
481 2391 552 2429 ille
573 2392 687 2430 hanc
703 2392 825 2430 suam
842 2395 1015 2432 crassam
1036 2397 1329 2442 ignorantiam
1349 2396 1591 2440 excusabat,
1614 2408 1745 2443 qvam
1761 2395 1882 2444 juste,
1902 2406 2037 2442 penes
2075 2406 2108 2431 40

397 2444 507 2482 alios
526 2445 741 2492 judicium
766 2446 861 2484 esto.
886 2447 999 2485 Haee
1022 2453 1111 2486 tam
1133 2449 1301 2495 prolixe
1325 2450 1377 2487 de
1398 2449 1592 2497 Witichij
1618 2451 1664 2486 in
1685 2448 2038 2487 observationum

396 2496 650 2536 tractatione
667 2500 895 2546 imperitia,
913 2512 1004 2537 non
1020 2508 1251 2548 propterea
1267 2514 1579 2545 commemoro,
1597 2502 1711 2549 qvod
1728 2501 1857 2549 ipfius
1873 2501 2038 2538 famam

1910 2559 2038 2601 atqve
