2209 3213
150 829 180 854 10

148 1095 177 1120 15

142 1360 176 1385 20

140 1626 173 1651 25

122 1673 182 1705 371

140 1892 173 1917 30

141 2159 174 2184 35

140 2424 174 2449 40

542 230 1063 270 RECENTIORIBUS
1084 232 1542 270 PHAENOMENIS
1788 232 1864 271 297

223 338 521 375 Inclinationis
543 337 741 375 Cometae
762 338 817 375 ad
839 338 1104 385 Eclipticam‚
1126 350 1213 376 vna
1235 350 1334 376 cum
1354 337 1515 386 puncto
1537 337 1864 382 Intersectioni&

221 393 411 438 inquirit,
428 391 559 437 idque
576 402 629 428 ex
645 390 783 437 pofitu
799 393 893 428 eius
909 391 1147 429 secundum
1161 392 1499 439 Longitudinem
1515 391 1553 429 8(
1569 392 1864 430 Latitudinem

221 444 276 481 ad
291 444 353 481 XI
370 443 624 481 Decembris
641 443 679 480 &
695 443 712 480 I
729 444 920 492 Ianuarij
944 447 1064 491 prius
1085 445 1197 483 dato.
1221 445 1339 491 Quia
1354 456 1459 483 vero
1476 447 1521 483 in
1537 445 1634 483 loco
1651 445 1863 485 Cometae.

220 497 275 534 ad
299 508 374 534 eos
397 497 500 540 dies,
524 508 615 534 non
636 496 747 534 adeo
768 497 957 534 multum
973 509 1000 535 a
1014 510 1120 536 vero
1141 498 1328 543 deflexit,
1350 497 1388 535 8(
1407 498 1505 536 licet
1521 499 1766 546 Longitudo
1787 498 1863 537 ali-

220 550 484 597 quantulum
500 551 638 587 nimia
655 555 757 593 erat,
774 555 923 588 tamen
935 551 1138 589 Latitudo
1155 553 1287 589 etiam
1304 552 1529 595 excedens,
1547 564 1647 599 quae
1662 552 1771 590 alias
1785 553 1863 589 mi-

219 614 302 640 nus
318 602 429 641 recte
445 602 738 650 sequerentur,
756 604 816 640 ita
831 603 1062 647 resarciuit,
1079 609 1122 642 vt
1134 603 1424 642 nihilominus
1435 617 1589 643 verum
1601 603 1862 643 Intersefflo-

217 658 286 693 nis
297 656 492 700 limitem,
509 658 845 703 quamproxime
858 658 1052 704 attigerit,
1070 657 1201 704 idque
1214 660 1258 695 in
1271 657 1326 695 G.
1339 658 1392 695 21.
1407 658 1470 695 M.
1483 659 1506 696 7
1520 662 1558 701 i*
1573 670 1581 702 ;
1599 670 1700 705 quae
1715 663 1863 696 tamen

217 709 392 756 septena
413 711 597 753 minuta,
620 714 833 756 tanquam
855 709 1086 756 superflua,
1110 710 1297 755 abscidit,
1321 716 1364 748 vt
1387 711 1526 758 ipsum
1549 711 1863 750 Intersec’tionis

216 761 427 809 punctum
438 764 484 800 in
495 762 698 810 gradibus
710 763 751 800 21
769 766 808 805 ,Ἀ
827 762 1032 809 exquisite
1048 762 1267 801 formaret.
1286 763 1387 810 Qua
1403 766 1449 801 in
1464 769 1586 812 parte
1603 777 1703 802 cum
1715 764 1862 803 Moest-

216 816 308 853 lino
328 815 501 863 prorsus
522 815 746 859 consentit:
768 815 880 853 adeo
896 820 939 853 vt
956 816 1010 854 ob
1027 816 1070 853 id
1087 818 1218 854 etiam
1234 816 1486 855 Thaddaeus
1507 817 1628 856 haud
1644 820 1862 856 immerito

215 868 448 916 suspicatus
470 868 528 913 fit,
551 869 677 906 illum
700 868 818 906 hunc
840 867 1155 907 Interfectionis
1178 870 1326 907 locum
1347 870 1400 908 ab
1423 882 1475 908 eo
1498 876 1749 909 mutuatum
1772 872 1861 909 esse.

215 922 256 959 A
267 922 418 960 nostris
431 924 562 960 etiam
574 923 765 960 inuentis
776 921 1025 960 senfibiliter
1036 934 1128 960 non
1140 923 1311 960 recedit.
1329 924 1556 971 Angulum
1572 924 1862 962 nihilominus

215 975 516 1013 Inclinationis
531 975 764 1022 paululum
779 975 922 1013 debito
934 977 1149 1013 maiorem
1161 976 1385 1021 constituit,
1403 977 1595 1015 astruens
1607 977 1732 1015 illum
1743 978 1786 1016 P.
1798 978 1861 1016 29.

215 1028 278 1066 M.
296 1028 359 1072 36,
375 1028 447 1066 vbi
464 1030 597 1067 etiam
612 1028 715 1066 sena
730 1030 900 1066 minuta
917 1030 1064 1072 reiicit,
1082 1027 1319 1076 exacfteque
1335 1030 1452 1077 grad.
1470 1030 1543 1069 291}
1559 1030 1765 1075 reseruat;
1787 1033 1862 1078 qui

214 1086 362 1119 tamen
385 1082 439 1120 ab
463 1094 516 1120 eo
539 1093 672 1129 quem
697 1093 778 1119 nos
800 1093 822 1119 e
843 1081 1043 1129 plurimis
1065 1082 1455 1120 Obseruationibus
1478 1083 1861 1131 deprehendimus,

215 1140 371 1182 quarta
386 1140 507 1182 parte
523 1135 682 1183 gradus
696 1135 903 1179 abundat,
920 1147 947 1173 a
963 1135 1173 1173 Moestlini
1185 1147 1290 1173 vero
1303 1138 1560 1174 inuentione
1573 1137 1693 1184 quafi
1704 1137 1861 1175 semisse

213 1190 355 1232 vnius,
372 1190 432 1226 ita
441 1193 485 1226 vt
497 1188 639 1226 nostra
655 1189 849 1226 assumtio
865 1188 1038 1236 prorsus
1054 1189 1314 1227 intermedia
1330 1191 1583 1236 reperiatur.
1601 1190 1769 1228 Neuter
1784 1202 1859 1229 au-

213 1246 300 1279 tem
321 1253 475 1279 eorum
495 1240 729 1280 rectificata
749 1242 957 1279 Fixarum
978 1242 1087 1286 loca,
1112 1253 1212 1279 cum
1233 1241 1393 1281 exactis
1415 1243 1613 1281 Cometae
1633 1243 1688 1281 ab
1709 1243 1779 1281 his
1800 1244 1859 1281 di-

212 1294 385 1339 stantiis,
402 1297 448 1332 in
464 1294 691 1333 confilium
707 1294 922 1339 adhibuit;
944 1300 987 1332 vt
1003 1307 1095 1333 non
1110 1297 1272 1333 mirum
1289 1295 1346 1339 fit,
1364 1307 1440 1334 eos
1455 1308 1532 1344 per
1548 1302 1750 1344 quartam
1766 1308 1859 1345 gra—

213 1347 294 1386 dus
309 1353 477 1395 partem
494 1348 548 1386 ab
566 1348 776 1396 exquisita
791 1349 940 1386 amussi
956 1351 1158 1396 vtrinque
1175 1348 1399 1387 deflexisse.

264 1401 493 1449 Subiungit
508 1401 647 1439 statim
662 1401 976 1440 indicationem
991 1402 1169 1449 Anguh,
1191 1414 1323 1449 quem
1339 1402 1437 1440 fecit
1452 1405 1524 1441 via
1541 1402 1741 1441 Cometae
1758 1415 1859 1441 cum

210 1453 465 1502 AEquatore‚
487 1454 525 1492 &
545 1455 629 1492 loci
645 1457 691 1492 in
707 1467 796 1502 quo
813 1466 916 1492 eum
935 1455 1221 1502 pertranfiuit,
1243 1455 1544 1503 constituitque
1561 1457 1790 1504 Angulum
1810 1457 1857 1494 il-

210 1507 304 1545 lum
320 1507 375 1546 G.
392 1508 455 1546 34.
474 1508 537 1546 M.
554 1508 590 1551 Ο,
612 1508 683 1546 vbi
704 1510 836 1546 etiam
857 1514 1013 1556 quarta
1033 1513 1154 1556 parte
1175 1509 1333 1556 gradus
1350 1509 1448 1556 plus
1464 1509 1607 1554 habet,
1629 1522 1764 1557 quam
1780 1522 1857 1548 no-

210 1560 291 1599 stra
315 1563 543 1599 annotatio
569 1561 776 1599 exhibuit.
800 1561 1047 1600 Tranfitum
1072 1573 1177 1599 vero
1202 1574 1279 1609 per
1301 1562 1591 1609 AEquatorem
1616 1565 1787 1610 reponit
1813 1566 1858 1601 in

210 1614 394 1662 gradum
415 1616 508 1652 eius
528 1615 618 1653 299.
641 1616 746 1652 min.
768 1615 830 1659 34,
855 1626 988 1662 quem
1008 1626 1089 1652 nos
1111 1617 1157 1652 in
1180 1616 1359 1653 totidem
1382 1616 1599 1663 gradibus,
1624 1616 1662 1654 &
1684 1616 1858 1664 insuper

210 1668 262 1706 50
280 1670 460 1706 minutis
480 1668 805 1712 adinuenimus,
827 1668 868 1706 16
888 1668 1038 1706 saltem
1054 1665 1069 1718 ΙΙ
1085 1668 1295 1716 scrupulis
1310 1669 1572 1707 vlteriorem.
1594 1670 1740 1717 Atque
1762 1670 1857 1708 haec

210 1720 386 1759 Sculteti
406 1721 577 1768 placita,
599 1733 687 1769 quo
709 1721 764 1759 ad
784 1721 1012 1769 Angulum
1033 1721 1071 1759 &
1092 1721 1442 1760 Intersectionem
1463 1723 1628 1761 Circuli
1645 1723 1856 1767 Cometae‚

209 1779 302 1812 tum
326 1773 518 1822 respectu
543 1775 776 1822 Eclipticae‚
806 1780 900 1812 tum
925 1776 1057 1812 etiam
1081 1774 1349 1822 AEquatoris‚
1379 1776 1654 1814 mediocriter
1678 1777 1790 1814 bene
1816 1776 1856 1814 se

209 1827 384 1872 habent,
408 1839 488 1866 nec
511 1830 658 1876 magni
681 1828 888 1875 ponderis
910 1840 936 1866 a
957 1839 1062 1866 vero
1085 1828 1409 1866 aberrationem
1432 1831 1720 1867 committunt.
1745 1830 1788 1868 Si
1812 1832 1857 1867 in

211 1883 376 1919 caeteris
396 1886 487 1919 tam
502 1893 638 1929 prope
654 1881 710 1919 ad
726 1881 903 1928 scopum
920 1881 1178 1925 collimasset‚
1199 1884 1347 1929 vtique
1364 1894 1455 1920 non
1470 1887 1638 1921 tantam
1654 1895 1681 1921 a
1697 1885 1759 1921 rei
1774 1883 1856 1921 Ve-

211 1936 333 1972 ritate
355 1934 699 1982 discrepantiam,
720 1939 814 1972 tum
834 1936 879 1972 in
900 1939 1023 1972 motu
1040 1936 1146 1977 eius,
1167 1940 1260 1972 tum
1277 1937 1408 1973 etiam
1423 1937 1469 1973 in
1486 1936 1704 1974 Parallaxi
1721 1937 1856 1975 admi-

210 1987 322 2031 fisset,
340 1987 392 2025 de
409 1988 568 2035 quibus
584 1999 688 2026 mox
704 1988 962 2025 videbimus.

263 2040 357 2078 Post
372 2040 468 2078 haec
484 2041 653 2079 laborat
669 2043 870 2079 inuenire
886 2041 1261 2088 proportionalem
1276 2047 1459 2086 motum,
1477 2054 1610 2090 quem
1624 2043 1857 2081 Cometam

212 2093 447 2132 obseruasse
460 2096 728 2141 experientia
739 2093 972 2132 testaretur.
985 2094 1043 2131 At
1055 2106 1264 2141 quaenam
1276 2100 1367 2133 erat
1378 2095 1453 2133 illa
1463 2098 1743 2143 experientia,
1756 2108 1857 2144 quae

210 2152 332 2185 tanto
343 2147 587 2185 discrimine
600 2148 653 2185 ab
666 2147 763 2194 ipsis
774 2148 1056 2195 Apparentijs
1072 2147 1306 2186 dissideret'?
1322 2148 1427 2186 Non
1444 2151 1562 2186 enim
1578 2149 1745 2187 dubitat
1761 2150 1857 2187 asse-

211 2211 379 2245 uerare,
395 2202 641 2239 maximum
655 2203 749 2238 eius
763 2200 935 2238 cursum
947 2201 1156 2238 diurnum
1166 2200 1442 2240 solummodo
1454 2202 1570 2240 fuisse
1582 2203 1698 2250 grad.
1712 2204 1738 2241 l.
1751 2205 1856 2240 min.

210 2254 273 2297 47,
290 2253 468 2301 qualem
485 2255 617 2292 etiam
633 2254 694 2291 illi
711 2256 822 2291 inter
838 2253 898 2291 IX
911 2253 949 2291 8(
960 2253 1001 2291 Χ
1013 2254 1281 2292 Nouembris
1297 2255 1482 2303 assignat,
1500 2258 1575 2303 qui
1590 2261 1740 2294 tamen
1755 2261 1858 2294 tunc

211 2308 407 2354 quinque
422 2307 581 2355 gradus
597 2319 754 2345 reuera
770 2307 946 2352 excessit,
967 2312 1011 2344 vt
1031 2305 1142 2346 reete
1164 2309 1296 2346 etiam
1312 2320 1339 2346 a
1355 2308 1578 2347 Moestlino
1595 2314 1857 2347 annotatum

211 2359 282 2404 est;
299 2360 411 2398 adeo
426 2365 470 2398 vt
487 2360 722 2398 Cornelius
739 2360 932 2398 Gemma
948 2371 1138 2407 quoque,
1154 2362 1268 2399 intra
1284 2361 1326 2398 14
1342 2361 1380 2399 8(
1396 2362 1436 2400 15
1453 2364 1779 2409 promotionem
1795 2362 1856 2400 illi

210 2414 256 2450 in
275 2412 352 2451 suo
372 2412 504 2452 ductu
525 2416 720 2461 quinque
741 2415 943 2461 partium,
965 2413 1004 2451 8(
1024 2413 1093 2451 die
1113 2413 1330 2461 sequente,
1351 2414 1502 2453 saltem
1522 2416 1703 2453 dimidio
1719 2416 1856 2463 gradu

210 2467 429 2504 minorem
448 2468 664 2505 attribuat.
689 2467 811 2505 Citra
831 2478 1011 2504 omnem
1030 2468 1178 2514 itaque
1198 2472 1339 2505 ratam
1361 2468 1738 2512 Obseruationem,
1762 2480 1855 2507 cur-

210 2518 304 2557 sum
315 2521 409 2558 eius
420 2520 630 2559 diurnum
641 2522 687 2558 in
697 2522 911 2568 principio
923 2519 1219 2567 praesupponit
1230 2520 1445 2560 Scultetus
1457 2522 1574 2569 grad.
1587 2523 1613 2559 1.
1626 2524 1779 2560 minut.
1793 2522 1854 2564 47,

317 2581 351 2606 38
1756 2586 1856 2611 cum
