2209 3213
121 823 151 849 10

100 870 163 902 387

123 1089 152 1114 15

120 1355 154 1380 20

121 1621 154 1646 25

120 1886 154 1912 30

121 2153 154 2178 35

105 2412 169 2444 388

510 226 1032 265 RECENTIORIBUS
1052 226 1511 265 PHAENOMENIS
1756 226 1834 263 309

189 333 340 381 gulum
361 335 604 376 inuentum,
625 332 811 379 prodibit
828 344 932 370 vera
948 333 1141 371 Stellulae
1157 332 1359 370 Ascenfio
1376 330 1505 370 Recta
1523 332 1565 369 P.
1582 332 1672 370 349.
1690 331 1753 369 M.
1770 331 1833 374 23.

189 386 497 424 Declinatione
518 385 647 432 ipfiuS
668 397 691 423 e
712 386 1034 433 complemento
1055 389 1175 433 prius
1195 391 1300 424 nota
1317 385 1372 423 G.
1389 385 1451 423 40.
1470 385 1532 423 M.
1549 386 1604 429 51,
1626 396 1726 432 quae
1747 385 1835 422 duo

189 440 409 486 inquirere
425 438 744 486 proposuimus,
766 439 986 486 amboque
1002 451 1079 486 per
1094 451 1233 477 vnum
1247 438 1538 486 Triangulum
1554 440 1727 486 cognita
1742 438 1834 476 red-

189 492 390 536 didimus,
412 491 784 539 compendiofiore
805 491 914 529 forte
934 494 1018 536 via,
1041 504 1175 539 quam
1196 492 1250 530 ab
1271 492 1601 530 antecessoribus
1622 491 1774 529 nostris
1790 493 1835 528 in

189 545 314 583 fimili
329 547 503 592 negotio
519 544 754 592 praestitum
771 544 837 582 est.

242 598 322 636 Fui
334 603 482 636 autem
493 600 539 635 in
550 598 813 645 inquirenda
825 597 957 636 huius
968 597 1112 636 Stellae
1124 603 1217 636 tum
1227 597 1517 645 Longitudine
1528 597 1566 635 &
1576 597 1834 640 Latitudine‚

188 657 282 690 tum
303 653 434 689 etiam
454 651 715 689 Ascenfione
736 649 865 689 Recta
886 650 924 688 &
945 651 1265 695 Declinatione,
1289 663 1365 699 per
1384 650 1719 698 Triangularem
1742 650 1835 697 sup-

188 706 474 752 putationem,
496 704 551 742 ob
567 704 610 742 id
627 703 844 748 curiosior,
866 715 1001 751 quam
1018 703 1126 742 forte
1143 716 1254 751 opus
1270 704 1386 742 fuisse
1401 703 1584 747 videtur,
1606 704 1724 751 quod
1740 703 1836 741 haec

189 769 270 796 nos
286 769 378 795 non
393 769 472 805 pro
488 757 609 795 libito
625 757 842 795 assumfisse
859 757 1080 795 ostendere
1096 757 1230 801 volui,
1252 763 1384 804 vtque
1401 768 1465 801 ea,
1488 768 1588 804 quae
1609 757 1677 795 his
1693 756 1835 804 super-

188 810 390 849 struenda
404 812 599 855 veniunt,
618 822 670 848 eo
686 810 845 848 melius
860 810 993 848 fidem
1010 810 1300 848 indubitatam
1316 815 1580 848 mereantur.

241 862 468 902 Patefactis
477 875 582 901 vero
592 865 637 901 in
647 863 765 901 hunc
774 863 957 901 modum
966 864 1172 902 binarum
1179 863 1429 901 Affixarum
1439 860 1708 913 Stella-urum
1717 863 1835 906 locis,

188 918 244 955 ad
264 929 373 964 quas
394 916 609 955 Scultetus
630 916 762 954 huius
779 917 978 955 Cometae
999 917 1251 955 Parallaxes
1272 917 1487 964 expendit,
1508 918 1581 954 via
1601 918 1690 954 iam
1711 916 1836 954 strata

189 972 279 1015 erit,
296 970 349 1008 de
366 972 544 1014 caeteriS‚
561 981 620 1008 an
635 968 747 1008 rec'te
763 970 803 1007 se
820 969 1024 1014 habeant,
1042 972 1199 1008 certius
1214 970 1552 1017 pronunciandi.

242 1024 293 1061 Et
303 1023 333 1061 fi
344 1023 455 1061 nihil
466 1023 587 1061 aliud
603 1024 709 1067 esset‚
726 1024 844 1070 quod
860 1023 990 1070 ipfius
1002 1023 1265 1061 Dedomena
1281 1022 1543 1070 infringeret,
1561 1022 1645 1060 hoc
1658 1024 1836 1061 vnicum

189 1076 413 1121 sufficeret,
436 1076 554 1124 quod
569 1078 615 1114 in
631 1076 948 1115 Obseruatione
968 1079 1111 1124 prima
1131 1076 1375 1114 distantiam
1395 1081 1597 1113 mutuam
1613 1074 1836 1123 praedic'ta-

190 1142 289 1168 rum
305 1129 514 1168 Fixarum
529 1135 665 1177 ponat
681 1130 796 1177 grad.
814 1131 867 1168 17.
885 1132 989 1168 min.
1007 1130 1070 1173 45,
1092 1141 1227 1177 quam
1246 1135 1395 1167 tamen
1416 1140 1497 1167 nos
1517 1129 1645 1177 longe
1667 1131 1838 1167 certiori

191 1183 490 1227 Instrumento,
513 1195 648 1230 quam
664 1183 719 1221 est
736 1183 898 1221 Radius
914 1183 1256 1227 Astronom1cus,
1276 1187 1423 1230 vtpote
1442 1183 1560 1229 quod
1576 1194 1631 1220 ne
1648 1184 1693 1219 in
1709 1184 1837 1220 vnico

190 1238 374 1280 minuto,
392 1238 451 1274 cis
462 1236 531 1274 vel
542 1236 665 1280 vltra,
683 1237 1054 1283 intercapedinem
1066 1236 1212 1280 aliam,
1226 1248 1361 1283 quam
1372 1247 1529 1273 reuera
1541 1235 1607 1279 est,
1623 1235 1837 1278 exhibeat,

191 1289 411 1327 multoties
427 1289 808 1337 deprehendimus,
830 1290 872 1328 P.
890 1290 943 1328 16.
961 1289 1024 1328 M.
1042 1290 1127 1329 5922.
1148 1290 1390 1328 Abundant
1406 1291 1553 1336 itaque
1569 1295 1654 1326 tres
1670 1294 1838 1336 quartae

191 1345 320 1381 vnius
331 1343 502 1390 gradus.
516 1342 579 1380 Ex
592 1343 750 1390 quibus
759 1343 1029 1390 liquidissime
1038 1347 1167 1390 patet,
1179 1342 1518 1381 Obseruationes
1527 1342 1838 1385 distantiarum,

191 1407 301 1443 quas
318 1396 455 1434 Radio
472 1395 775 1434 Astronomico
792 1396 832 1434 se
849 1396 1020 1434 coelitus
1036 1397 1236 1443 accepisse
1258 1395 1398 1439 refert,
1420 1395 1684 1433 intolerabili
1703 1397 1838 1433 errori

190 1449 306 1487 fuisse
327 1449 554 1493 obnoxias,
576 1454 619 1487 vt
639 1448 741 1487 hinc
762 1461 816 1487 ne
838 1450 1016 1497 quidem
1035 1449 1160 1487 fitum
1176 1461 1330 1487 verum
1347 1449 1558 1492 Cometae,
1580 1448 1745 1486 nedum
1761 1448 1838 1486 Pa-

191 1502 380 1540 rallaxes
400 1504 506 1546 eius,
529 1514 629 1549 quae
649 1502 789 1540 multo
805 1502 1071 1541 subtiliorem
1090 1505 1317 1550 requirunt
1333 1501 1647 1546 tractationem,
1669 1501 1838 1539 inuesti-

191 1567 292 1604 gare
308 1555 397 1593 vllo
412 1556 546 1593 modo
563 1558 602 1593 ei
618 1556 858 1594 concessum
874 1555 1014 1594 fuerit.

245 1609 376 1647 Hanc
398 1620 504 1646 vero
529 1608 773 1647 distantiam
798 1610 1040 1647 earundem
1063 1609 1283 1653 Fixarum‚
1310 1620 1445 1655 quam
1470 1608 1603 1646 modo
1628 1608 1839 1646 indicaui-

191 1673 303 1706 mus,
320 1660 431 1700 recte
443 1661 483 1700 se
495 1661 669 1706 habere,
687 1664 973 1710 apprimeque
986 1662 1116 1701 Coelo
1128 1662 1475 1709 correspondere,
1489 1662 1668 1709 quilibet
1680 1661 1840 1700 harum

192 1726 339 1753 rerum
350 1717 525 1762 peritus,
538 1715 576 1753 &
589 1715 926 1753 Instrumentum
938 1718 1119 1753 minime
1131 1715 1265 1753 fallax
1278 1715 1333 1753 ad
1345 1726 1504 1753 manus
1516 1715 1696 1759 habens,
1713 1714 1839 1753 facile

192 1770 379 1816 experiri
394 1770 561 1815 poterit.
579 1768 684 1816 Ipsae
702 1771 833 1807 etiam
845 1769 1158 1817 Longitudines
1171 1768 1209 1806 8(
1220 1768 1503 1812 Latitudines,
1521 1780 1630 1815 quas
1642 1767 1723 1806 has
1735 1768 1840 1806 Stel-

191 1821 256 1860 las
273 1822 468 1860 obtinere
489 1823 609 1869 prius
629 1822 937 1866 iudicauimus,
958 1824 1273 1860 conuenienter
1293 1823 1526 1859 remotioni
1546 1833 1622 1869 per
1643 1821 1840 1859 crebram

192 1874 555 1913 Obseruationem
567 1887 593 1913 a
604 1875 730 1913 nobis
744 1875 958 1923 inquifitae
974 1875 1270 1923 astipulantur.

246 1927 514 1975 Intelligatur
541 1930 660 1966 enirn
687 1930 732 1966 in
759 1933 971 1966 annotata
996 1928 1165 1976 Figura,
1191 1928 1274 1965 AB
1610 1898 1663 1955 Α

192 1981 566 2028 complementum
583 1982 845 2019 Latitudinis
861 1981 1054 2020 Stellulae
1073 1983 1119 2019 in
1136 1993 1275 2019 manu

192 2034 505 2078 Andromedae,
530 2035 648 2081 quod
671 2036 925 2072 inuenimus
947 2035 990 2072 P.
1008 2035 1070 2072 49.
1095 2035 1158 2072 M.
1176 2035 1212 2078 3,
1237 2034 1274 2072 8(

193 2087 278 2126 CA
290 2087 662 2134 complementum
674 2087 934 2125 Latitudinis
947 2088 1091 2126 Stellae
1103 2090 1149 2125 in
1160 2099 1275 2135 genu

192 2140 348 2188 Pegasi,
362 2140 480 2187 quod
493 2140 547 2178 est
558 2141 675 2188 grad.
688 2141 751 2178 54.
763 2142 868 2178 min.
880 2141 944 2179 53.
957 2141 1159 2189 Angulus
1170 2152 1275 2178 vero

193 2193 319 2232 CAB
336 2193 405 2231 his
421 2193 594 2231 duobus
606 2194 834 2232 Lateribus
849 2193 1110 2238 interiectus,
1128 2206 1181 2232 ex
1198 2193 1274 2232 dif-

191 2246 376 2285 ferentia
385 2247 730 2295 Longitudinum
741 2246 901 2285 harum
911 2247 1145 2285 Stellarum
1155 2249 1275 2295 prius
1773 2259 1809 2300 B

192 2300 484 2338 iudicatarum
495 2301 641 2338 euadit
653 2300 770 2348 grad.
781 2301 843 2338 20.
854 2303 1007 2338 minut.
1018 2301 1072 2345 19,
1085 2312 1187 2348 ergo
1199 2312 1276 2347 per

191 2352 535 2401 Triangulorum
551 2353 880 2400 Sphaericorum
895 2354 1066 2401 placita,
1088 2354 1276 2401 prodibit
1332 2373 1366 2408 C

194 2408 369 2444 tertium
391 2406 524 2444 Latus
545 2406 625 2445 BC
645 2412 752 2454 part.
771 2407 823 2444 16.
843 2409 947 2444 min.
965 2407 1027 2451 59,
1049 2407 1167 2454 quod
1184 2403 1198 2457 ΙΙ
1215 2407 1275 2444 di-

193 2459 392 2497 stantiam
405 2459 624 2506 Vtriusque
637 2460 782 2498 Stellae
799 2471 852 2498 ex
869 2460 979 2498 datis
996 2471 1150 2498 earum
1162 2460 1274 2498 Lon-
1316 2487 1359 2521 D
1787 2479 1822 2520 E

193 2512 459 2560 gitudinibus
483 2512 521 2550 &
547 2512 870 2551 Latitudinibus
895 2513 1189 2561 repraesentat;
1214 2514 1275 2551 id-

1754 2576 1838 2612 que
