2209 3213
148 819 178 845 10

146 1087 175 1112 15

123 1187 188 1219 340

139 1353 172 1378 20

137 1620 171 1645 25

137 1886 171 1912 30

135 2153 169 2178 35

135 2419 168 2444 40

540 219 1060 259 RECENTIORIBUS
1081 221 1539 259 PHAENOMENIS
1786 224 1862 261 275

219 328 529 377 prehendetur:
551 327 716 364 nedum
736 329 781 364 in
801 327 869 365 his
891 327 1169 366 Secundariis
1187 328 1341 371 Stellis,
1363 340 1464 375 quae
1485 329 1861 375 quemadmodum

219 387 335 421 certo
350 388 545 429 tempore
561 384 787 429 incipiunt,
803 381 856 419 fic
873 384 1005 420 etiam
1021 382 1280 420 dissolutioni
1291 382 1425 429 paulo
1437 382 1525 429 post
1537 382 1742 420 obnoxiae
1753 383 1860 427 sunt,

218 436 293 474 ista
316 436 462 474 fallaci
486 437 570 479 via,
596 437 641 472 in
666 447 820 473 earum
845 435 1155 473 Phaenomenis
1180 436 1495 482 perquirendis,
1523 436 1690 483 aliquid
1714 439 1862 474 minus

218 501 461 537 congruum
482 491 693 527 committi
713 490 847 536 possit;
870 488 1106 536 praesertim
1128 501 1227 526 curn
1250 489 1410 527 harum
1432 491 1634 527 circuitus
1658 501 1749 527 non
1771 495 1861 528 tam

217 542 328 581 bene
351 545 483 590 prius,
506 547 550 580 vt
572 542 854 580 Planetarum
879 544 1134 586 innotuerit;
1161 542 1199 580 8(
1223 545 1313 580 iam
1338 548 1645 590 praeoccupata
1669 543 1861 581 habeant

216 596 413 644 plerique
429 596 482 634 de
502 595 570 633 his
589 595 762 640 iudicia,
785 607 859 633 eas
875 596 1179 633 Meteororum
1195 607 1318 633 more
1334 595 1421 633 fine
1438 601 1554 633 certa
1570 596 1682 643 Lege
1698 599 1860 644 vagari.

270 649 445 687 Fatetur
464 648 754 687 nihilominus
774 648 1039 692 Thaddaeus,
1062 649 1295 687 Cometam
1322 648 1440 686 hunc
1465 649 1712 696 descripfisse
1737 655 1861 688 motu

215 703 291 740 suo
316 703 483 740 Arcum
508 702 730 749 quendam
757 702 921 740 Circuli
948 704 993 739 in
1019 702 1202 749 Sphaera
1227 702 1393 749 Magni.
1425 703 1593 740 Notum
1619 708 1765 740 autem
1793 703 1859 747 est,

216 756 428 794 duntaxat
449 767 524 793 eos
544 755 597 793 fic
618 756 843 803 appellari,
865 757 940 802 qui
961 755 1191 802 Sphaeram
1211 755 1413 793 bifariam
1434 756 1649 799 diuidunt,
1672 756 1709 793 8(
1730 756 1860 794 Polos

215 808 378 847 habent
398 821 475 856 per
495 809 774 846 Diametrum
794 808 1023 856 oppositos.
1048 809 1105 846 At
1126 811 1200 855 qui
1221 808 1315 846 fieri
1335 810 1486 855 potuit,
1507 814 1551 846 vt
1572 809 1860 847 Elementaris

215 864 399 900 extiterit
419 862 488 900 hic
510 862 709 906 Cometa,
730 861 958 908 Terrisque
980 867 1071 899 tam
1093 864 1379 908 propinquus,
1404 867 1447 899 vt
1469 864 1541 899 vix
1562 863 1586 900 9
1607 863 1660 900 ab
1684 862 1773 909 ipsa
1796 875 1858 900 re-

213 920 466 953 moueretur
478 915 832 959 Semidiametris,
849 914 878 952 fi
894 920 984 952 toto
998 915 1085 952 suae
1098 915 1341 953 durationis
1352 920 1560 962 tempore,
1577 921 1700 953 motu
1711 916 1858 963 Appa-

213 971 324 1007 renti
339 971 587 1016 portionem
599 968 764 1006 Circuli
780 970 962 1006 maximi
979 967 1242 1015 defignauit?
1258 969 1331 1005 An
1345 968 1388 1006 id
1403 968 1751 1006 Elementaribus
1767 981 1857 1007 ma—

213 1024 342 1070 terijs‚
368 1027 489 1060 tanto
512 1027 720 1069 ternpore,
743 1024 789 1059 in
812 1027 901 1059 tam
925 1022 1184 1068 rapidissima
1206 1026 1352 1059 motus
1375 1022 1520 1059 diurni
1544 1022 1857 1060 conuolutione

213 1081 471 1122 competere,
502 1075 717 1122 quispiam
746 1087 838 1113 rem
868 1086 1048 1113 omnem
1077 1077 1266 1121 penitius
1295 1074 1594 1122 introspiciens
1624 1075 1858 1113 concedet?

212 1129 351 1172 Adde,
377 1129 496 1176 quod
519 1129 609 1176 ipsa
631 1128 912 1166 Parallaxeos
935 1127 1169 1174 Quantitas
1195 1127 1400 1172 effecisset,
1426 1133 1469 1165 vt
1492 1127 1645 1166 duc‘tus
1670 1128 1742 1165 ille
1768 1141 1859 1166 non

212 1187 440 1230 appareret
456 1184 597 1230 portio
613 1184 761 1229 magni
774 1181 951 1225 Circuli‚
969 1181 1133 1219 etiamsi
1149 1193 1305 1219 reuera
1321 1178 1547 1231 respe-netu
1564 1184 1697 1219 centri
1709 1181 1857 1220 Terrae

210 1235 343 1274 talem
365 1235 448 1273 sese
469 1235 731 1273 exhibuisset.
753 1235 911 1282 Neque
933 1237 1051 1273 enim
1072 1235 1231 1282 vbique
1253 1237 1298 1272 in
1319 1235 1474 1273 eadem
1495 1234 1750 1279 Altitudine,
1773 1235 1857 1273 Co-

210 1294 339 1327 metae
360 1288 558 1327 distantia
577 1301 604 1327 a
624 1290 778 1326 vicinis
799 1289 915 1326 Fixis
936 1288 1106 1326 coelitus
1128 1293 1254 1335 capta
1275 1288 1342 1326 est.
1367 1288 1498 1335 Igitur
1518 1288 1547 1325 fi
1568 1288 1792 1326 sublimior
1812 1291 1857 1326 in

209 1342 293 1381 hoc
309 1342 372 1380 sui
383 1342 524 1380 Arcus
540 1340 672 1380 duc'tu
685 1342 1012 1386 Obseruaretur,
1029 1353 1315 1389 nequaquam
1332 1343 1376 1379 in
1393 1342 1549 1379 eodem
1561 1341 1739 1380 Circulo
1756 1354 1856 1379 con—

209 1395 374 1440 sisteret,
397 1396 576 1443 quando
597 1395 809 1434 decliuior
829 1400 1067 1442 caperetur.
1090 1395 1206 1433 Cum
1230 1397 1349 1433 enim
1371 1400 1461 1432 tam
1484 1406 1692 1442 magnam
1712 1395 1856 1433 Paral-

208 1449 342 1493 laxin,
364 1461 464 1496 quae
485 1451 680 1496 quinque
701 1449 860 1496 gradus
880 1448 1071 1492 excedat,
1094 1448 1168 1493 illi,
1190 1450 1265 1496 qui
1282 1460 1384 1486 eum
1401 1448 1725 1486 Elementarem
1740 1448 1855 1486 fuisse

208 1502 374 1545 volunt,
396 1502 643 1546 attribuant,
665 1503 824 1540 necesse
843 1501 964 1546 foret,
986 1514 1090 1540 eum
1106 1502 1288 1540 euidens
1305 1501 1343 1539 8(
1359 1501 1550 1539 sensibile
1567 1501 1795 1539 discrimen
1810 1504 1856 1540 in

208 1555 284 1594 suo
304 1556 437 1599 Arcu,
462 1558 594 1593 etiam
616 1561 739 1593 motu
761 1557 891 1602 primi
913 1555 1100 1599 mobilis,
1124 1567 1225 1593 cum
1248 1555 1375 1593 altior
1395 1555 1465 1592 vel
1488 1554 1698 1592 humilior
1720 1554 1854 1599 fieret,

208 1609 432 1653 induxisse;
457 1609 586 1656 quale
609 1614 758 1647 tamen
780 1608 891 1646 nihil
911 1621 938 1647 a
958 1609 1084 1647 nobis
1105 1608 1462 1647 animaduersum
1484 1608 1550 1652 est,
1575 1620 1655 1646 nec
1676 1610 1808 1646 etiam
1829 1621 1855 1647 a

208 1662 444 1706 Moestlino,
461 1664 537 1710 qui
549 1662 774 1710 diligenter
786 1664 880 1700 eius
891 1663 1184 1709 Apparentias
1200 1661 1480 1700 scrutabatur.
1499 1661 1733 1699 Cornelius
1748 1674 1854 1709 quo-

208 1728 293 1763 que
311 1716 515 1761 Gemma,
533 1716 689 1754 eodem
704 1716 837 1753 modo
854 1727 942 1763 quo
958 1715 1223 1760 Thaddaeus,
1242 1717 1335 1753 eius
1351 1717 1676 1762 promotionem
1693 1715 1730 1752 8(
1746 1715 1852 1762 posi-

206 1775 276 1807 tus
286 1772 556 1817 perquirens,
568 1769 679 1807 nihil
691 1769 952 1807 eiuscemodi
964 1769 1165 1816 colligere
1177 1770 1332 1816 potuit:
1349 1774 1393 1806 vt
1404 1768 1459 1806 ob
1471 1768 1513 1805 id
1526 1768 1698 1815 prorsus
1705 1768 1853 1806 AEthe-

207 1834 332 1861 reum
357 1822 476 1860 hunc
500 1823 733 1861 Cometam
758 1834 850 1860 non
874 1822 1090 1866 dubitarit,
1116 1833 1260 1869 neque
1285 1822 1328 1860 id
1353 1824 1459 1860 citra
1480 1822 1729 1865 Veritatem,
1756 1833 1852 1869 pro-

208 1888 431 1914 nunciare.

260 1929 379 1975 Quia
389 1941 494 1967 vero
506 1929 702 1976 superius
714 1941 741 1967 a
752 1929 878 1967 nobis
890 1928 1045 1976 Capite
1058 1928 1189 1967 Sexto
1201 1928 1558 1966 Demonstratum
1570 1927 1636 1972 est,
1654 1927 1853 1966 Cometae

207 1982 339 2021 huius
355 1982 526 2021 cursum
542 1987 632 2020 toto
649 1982 736 2020 suae
753 1983 996 2020 durationis
1012 1987 1207 2029 tempore
1228 1981 1344 2020 fuisse
1365 1983 1563 2028 apprime
1580 1982 1853 2019 ordinarium

207 2035 245 2073 8(
265 2035 523 2084 regularem,
544 2047 625 2074 nec
646 2048 672 2074 a
692 2036 881 2074 tardiore
901 2038 946 2073 in
964 2035 1231 2078 celeriorem,
1247 2034 1317 2073 vel
1333 2034 1479 2072 rursus
1495 2034 1550 2072 ab
1566 2034 1650 2072 hoc
1666 2036 1712 2072 in
1728 2035 1854 2073 illum

206 2089 463 2127 difformiter
478 2089 721 2133 tranfiliisse,
739 2088 843 2127 nolo
860 2088 928 2126 his
944 2089 1258 2127 conuincendis
1274 2088 1437 2126 diutius
1453 2090 1691 2126 immorari.

259 2142 309 2180 In
325 2142 618 2181 Conclufione
634 2142 785 2180 vltima
808 2142 940 2180 huius
961 2142 1092 2180 Primi
1114 2141 1282 2189 Capitis
1302 2142 1449 2185 asserit,
1471 2141 1588 2188 quod
1609 2141 1751 2179 cauda
1768 2141 1851 2180 Co-

206 2200 334 2234 metae
355 2201 566 2243 perpetuo
587 2195 846 2234 cernebatur
862 2207 888 2234 a
904 2195 1004 2233 Sole
1025 2195 1189 2233 auersa.
1212 2195 1329 2233 Licet
1344 2206 1449 2232 vero
1470 2195 1614 2233 latiori
1634 2195 1768 2233 modo
1789 2196 1851 2232 in-

205 2251 356 2293 tuenti,
377 2249 419 2287 id
435 2251 495 2287 ita
510 2249 551 2287 se
567 2249 729 2287 habere
745 2249 883 2286 visum
901 2248 967 2292 est,
985 2248 1096 2286 adeo
1112 2254 1155 2286 vt
1173 2248 1408 2287 Cornelius
1424 2248 1618 2286 Gemma
1634 2250 1679 2286 in
1696 2248 1850 2286 eadem

205 2301 415 2340 sententia
430 2302 570 2347 fuerit,
586 2308 736 2340 tamen
753 2314 806 2340 ex
821 2307 1129 2349 praeoccupata
1141 2302 1363 2349 Opinione
1378 2301 1571 2349 quadam
1585 2303 1742 2348 potius,
1759 2306 1852 2338 tum

204 2354 469 2400 Thaddaeus‚
486 2361 579 2394 tum
596 2357 727 2394 etiam
744 2355 828 2399 ille,
845 2367 938 2393 rem
953 2357 1013 2393 ita
1023 2355 1063 2393 se
1076 2355 1237 2393 habere
1249 2355 1400 2393 frustra
1412 2354 1698 2397 crediderunt,
1717 2366 1850 2401 quam

206 2409 324 2455 quod
350 2409 606 2456 exquisitam
631 2408 1059 2447 animaduersionem
1084 2410 1130 2446 in
1154 2408 1381 2446 confilium
1410 2407 1701 2446 adhibuerint.
1734 2407 1851 2445 Cum

206 2463 324 2499 enim
344 2462 398 2500 ab
414 2463 578 2510 Apiani
600 2462 637 2500 8(
659 2462 864 2500 Gemmae
881 2461 1011 2508 Frifij,
1032 2464 1078 2499 in
1098 2461 1265 2509 aliquot
1282 2461 1477 2500 Cometis
1497 2461 1729 2508 superioris
1750 2462 1849 2503 aeui‚

207 2514 596 2554 obseruationibus
611 2515 797 2562 persuasi
809 2516 946 2559 essent,
964 2514 1142 2553 Caudas
1155 2526 1309 2553 eorum
1321 2517 1366 2552 in
1378 2514 1467 2553 Soli
1480 2513 1696 2561 Oppofitas
1708 2519 1850 2603 parfes

311 2576 361 2601 35*
1654 2572 1781 2604 exten
1801 2578 1849 2603 as
