<?xml version="1.0" encoding="UTF-8"?>
<!DOCTYPE html PUBLIC "-//W3C//DTD XHTML 1.0 Transitional//EN"
    "http://www.w3.org/TR/xhtml1/DTD/xhtml1-transitional.dtd">
<html xmlns="http://www.w3.org/1999/xhtml" xml:lang="en" lang="en">
 <head>
  <title>
</title>
<meta http-equiv="Content-Type" content="text/html;charset=utf-8" />
  <meta name='ocr-system' content='tesseract 3.04.00' />
  <meta name='ocr-capabilities' content='ocr_page ocr_carea ocr_par ocr_line ocrx_word'/>
</head>
<body>
  <div class='ocr_page' id='page_1' title='image "./operaomniaedidit04brahuoft_0391.png"; bbox 0 0 2209 3213; ppageno 0'>
   <div class='ocr_carea' id='block_1_1' title="bbox 136 798 166 823">
    <p class='ocr_par' dir='ltr' id='par_1_1' title="bbox 136 798 166 823">
     <span class='ocr_line' id='line_1_1' title="bbox 136 798 166 823; baseline 0.033 -1"><span class='ocrx_word' id='word_1_1' title='bbox 136 798 166 823; x_wconf 85' lang='lat'>10</span> 
     </span>
    </p>
   </div>
   <div class='ocr_carea' id='block_1_2' title="bbox 135 1064 164 1089">
    <p class='ocr_par' dir='ltr' id='par_1_2' title="bbox 135 1064 164 1089">
     <span class='ocr_line' id='line_1_2' title="bbox 135 1064 164 1089; baseline 0.034 -1"><span class='ocrx_word' id='word_1_2' title='bbox 135 1064 164 1089; x_wconf 89' lang='lat'>15</span> 
     </span>
    </p>
   </div>
   <div class='ocr_carea' id='block_1_3' title="bbox 130 1331 163 1355">
    <p class='ocr_par' dir='ltr' id='par_1_3' title="bbox 130 1331 163 1355">
     <span class='ocr_line' id='line_1_3' title="bbox 130 1331 163 1355; baseline 0 0"><span class='ocrx_word' id='word_1_3' title='bbox 130 1331 163 1355; x_wconf 86' lang='lat'>20</span> 
     </span>
    </p>
   </div>
   <div class='ocr_carea' id='block_1_4' title="bbox 129 1598 161 1622">
    <p class='ocr_par' dir='ltr' id='par_1_4' title="bbox 129 1598 161 1622">
     <span class='ocr_line' id='line_1_4' title="bbox 129 1598 161 1622; baseline 0 0"><span class='ocrx_word' id='word_1_4' title='bbox 129 1598 161 1622; x_wconf 84' lang='lat'>25</span> 
     </span>
    </p>
   </div>
   <div class='ocr_carea' id='block_1_5' title="bbox 126 1863 159 1888">
    <p class='ocr_par' dir='ltr' id='par_1_5' title="bbox 126 1863 159 1888">
     <span class='ocr_line' id='line_1_5' title="bbox 126 1863 159 1888; baseline 0 0"><span class='ocrx_word' id='word_1_5' title='bbox 126 1863 159 1888; x_wconf 85' lang='lat'>30</span> 
     </span>
    </p>
   </div>
   <div class='ocr_carea' id='block_1_6' title="bbox 125 2130 158 2155">
    <p class='ocr_par' dir='ltr' id='par_1_6' title="bbox 125 2130 158 2155">
     <span class='ocr_line' id='line_1_6' title="bbox 125 2130 158 2155; baseline -0.03 0"><span class='ocrx_word' id='word_1_6' title='bbox 125 2130 158 2155; x_wconf 89' lang='grc'>35</span> 
     </span>
    </p>
   </div>
   <div class='ocr_carea' id='block_1_7' title="bbox 125 2395 158 2420">
    <p class='ocr_par' dir='ltr' id='par_1_7' title="bbox 125 2395 158 2420">
     <span class='ocr_line' id='line_1_7' title="bbox 125 2395 158 2420; baseline 0 0"><span class='ocrx_word' id='word_1_7' title='bbox 125 2395 158 2420; x_wconf 77' lang='lat'>40</span> 
     </span>
    </p>
   </div>
   <div class='ocr_carea' id='block_1_8' title="bbox 525 200 1849 239">
    <p class='ocr_par' dir='ltr' id='par_1_8' title="bbox 525 200 1849 239">
     <span class='ocr_line' id='line_1_8' title="bbox 525 200 1849 239; baseline 0 -1"><span class='ocrx_word' id='word_1_8' title='bbox 525 200 1046 239; x_wconf 88' lang='lat' dir='ltr'>RECENTIORIBUS</span> <span class='ocrx_word' id='word_1_9' title='bbox 1068 200 1526 239; x_wconf 90' lang='lat' dir='ltr'>PHAENOMENIS</span> <span class='ocrx_word' id='word_1_10' title='bbox 1773 200 1849 238; x_wconf 87' lang='grc'>373</span> 
     </span>
    </p>
   </div>
   <div class='ocr_carea' id='block_1_9' title="bbox 195 306 1849 2486">
    <p class='ocr_par' dir='ltr' id='par_1_9' title="bbox 203 306 1849 832">
     <span class='ocr_line' id='line_1_9' title="bbox 205 306 1848 355; baseline -0.001 -10"><span class='ocrx_word' id='word_1_11' title='bbox 205 309 416 355; x_wconf 91' lang='lat' dir='ltr'>portionis</span> <span class='ocrx_word' id='word_1_12' title='bbox 439 307 713 344; x_wconf 90' lang='lat' dir='ltr'>commodius</span> <span class='ocrx_word' id='word_1_13' title='bbox 736 307 873 344; x_wconf 92' lang='lat' dir='ltr'>attolli</span> <span class='ocrx_word' id='word_1_14' title='bbox 899 308 1171 354; x_wconf 89' lang='lat' dir='ltr'>deprimique</span> <span class='ocrx_word' id='word_1_15' title='bbox 1197 312 1339 354; x_wconf 84' lang='lat' dir='ltr'><strong>queat.</strong></span> <span class='ocrx_word' id='word_1_16' title='bbox 1365 307 1621 344; x_wconf 91' lang='lat' dir='ltr'>Pinnacidia</span> <span class='ocrx_word' id='word_1_17' title='bbox 1645 317 1753 344; x_wconf 93' lang='lat' dir='ltr'>uero</span> <span class='ocrx_word' id='word_1_18' title='bbox 1780 306 1848 352; x_wconf 90' lang='lat' dir='ltr'>(de</span> 
     </span>
     <span class='ocr_line' id='line_1_10' title="bbox 205 359 1849 408; baseline 0 -11"><span class='ocrx_word' id='word_1_19' title='bbox 205 361 363 408; x_wconf 90' lang='lat' dir='ltr'>quibus</span> <span class='ocrx_word' id='word_1_20' title='bbox 379 359 484 406; x_wconf 84' lang='lat' dir='ltr'>dixi)</span> <span class='ocrx_word' id='word_1_21' title='bbox 502 359 713 407; x_wconf 88' lang='lat' dir='ltr'>peculiari</span> <span class='ocrx_word' id='word_1_22' title='bbox 728 372 755 397; x_wconf 94' lang='lat' dir='ltr'>a</span> <span class='ocrx_word' id='word_1_23' title='bbox 771 360 897 398; x_wconf 91' lang='lat' dir='ltr'>nobis</span> <span class='ocrx_word' id='word_1_24' title='bbox 914 362 1155 408; x_wconf 84' lang='lat' dir='ltr'>excogitata</span> <span class='ocrx_word' id='word_1_25' title='bbox 1171 363 1340 398; x_wconf 91' lang='lat' dir='ltr'>ratione</span> <span class='ocrx_word' id='word_1_26' title='bbox 1357 360 1614 403; x_wconf 84' lang='lat' dir='ltr'><strong>formantur,</strong></span> <span class='ocrx_word' id='word_1_27' title='bbox 1636 362 1695 397; x_wconf 91' lang='lat' dir='ltr'>ita</span> <span class='ocrx_word' id='word_1_28' title='bbox 1712 365 1757 397; x_wconf 91' lang='lat' dir='ltr'>ut</span> <span class='ocrx_word' id='word_1_29' title='bbox 1773 371 1849 406; x_wconf 91' lang='lat' dir='ltr'>per</span> 
     </span>
     <span class='ocr_line' id='line_1_11' title="bbox 205 412 1849 461; baseline -0.001 -10"><span class='ocrx_word' id='word_1_30' title='bbox 205 413 386 451; x_wconf 91' lang='lat' dir='ltr'>rimulas</span> <span class='ocrx_word' id='word_1_31' title='bbox 406 414 636 450; x_wconf 88' lang='lat' dir='ltr'>anterioris</span> <span class='ocrx_word' id='word_1_32' title='bbox 657 413 893 460; x_wconf 87' lang='lat' dir='ltr'>pinnaeidij</span> <span class='ocrx_word' id='word_1_33' title='bbox 912 414 967 451; x_wconf 93' lang='lat' dir='ltr'>ad</span> <span class='ocrx_word' id='word_1_34' title='bbox 985 414 1018 451; x_wconf 93' lang='lat' dir='ltr'>E</span> <span class='ocrx_word' id='word_1_35' title='bbox 1034 413 1168 461; x_wconf 85' lang='lat' dir='ltr'>positi,</span> <span class='ocrx_word' id='word_1_36' title='bbox 1190 413 1265 460; x_wconf 89' lang='lat' dir='ltr'>ipfi</span> <span class='ocrx_word' id='word_1_37' title='bbox 1284 414 1401 460; x_wconf 91' lang='lat' dir='ltr'>quod</span> <span class='ocrx_word' id='word_1_38' title='bbox 1422 415 1631 451; x_wconf 89' lang='lat' dir='ltr'>remotius</span> <span class='ocrx_word' id='word_1_39' title='bbox 1652 412 1707 450; x_wconf 91' lang='lat' dir='ltr'>est</span> <span class='ocrx_word' id='word_1_40' title='bbox 1728 415 1849 450; x_wconf 88' lang='lat' dir='ltr'>iuxta</span> 
     </span>
     <span class='ocr_line' id='line_1_12' title="bbox 205 466 1848 513; baseline 0 -10"><span class='ocrx_word' id='word_1_41' title='bbox 205 467 246 504; x_wconf 93' lang='lat' dir='ltr'>D</span> <span class='ocrx_word' id='word_1_42' title='bbox 259 468 380 504; x_wconf 92' lang='lat' dir='ltr'>omni</span> <span class='ocrx_word' id='word_1_43' title='bbox 393 478 446 503; x_wconf 88' lang='lat' dir='ltr'>ex</span> <span class='ocrx_word' id='word_1_44' title='bbox 457 466 611 503; x_wconf 86' lang='lat' dir='ltr'><strong>Latere</strong></span> <span class='ocrx_word' id='word_1_45' title='bbox 622 466 868 512; x_wconf 89' lang='lat' dir='ltr'>parallelas,</span> <span class='ocrx_word' id='word_1_46' title='bbox 884 466 1117 504; x_wconf 85' lang='lat' dir='ltr'>Stellarum</span> <span class='ocrx_word' id='word_1_47' title='bbox 1130 467 1201 504; x_wconf 94' lang='lat' dir='ltr'>uel</span> <span class='ocrx_word' id='word_1_48' title='bbox 1212 467 1589 504; x_wconf 87' lang='lat' dir='ltr'>minutissimarum</span> <span class='ocrx_word' id='word_1_49' title='bbox 1602 466 1848 513; x_wconf 84' lang='lat' dir='ltr'>expeditam</span> 
     </span>
     <span class='ocr_line' id='line_1_13' title="bbox 205 519 1848 566; baseline 0 -9"><span class='ocrx_word' id='word_1_50' title='bbox 205 520 243 558; x_wconf 86' lang='lat'>&amp;</span> <span class='ocrx_word' id='word_1_51' title='bbox 259 519 495 557; x_wconf 90' lang='lat' dir='ltr'>centralem</span> <span class='ocrx_word' id='word_1_52' title='bbox 513 519 875 557; x_wconf 89' lang='lat' dir='ltr'>Obseruationem</span> <span class='ocrx_word' id='word_1_53' title='bbox 891 519 1173 566; x_wconf 84' lang='lat' dir='ltr'>suppeditent,</span> <span class='ocrx_word' id='word_1_54' title='bbox 1196 531 1295 566; x_wconf 86' lang='lat' dir='ltr'>quae</span> <span class='ocrx_word' id='word_1_55' title='bbox 1317 520 1426 557; x_wconf 89' lang='lat' dir='ltr'>alias</span> <span class='ocrx_word' id='word_1_56' title='bbox 1447 531 1523 566; x_wconf 89' lang='lat' dir='ltr'>per</span> <span class='ocrx_word' id='word_1_57' title='bbox 1538 519 1757 557; x_wconf 85' lang='lat' dir='ltr'>foramina</span> <span class='ocrx_word' id='word_1_58' title='bbox 1773 519 1848 557; x_wconf 91' lang='lat' dir='ltr'>Di-</span> 
     </span>
     <span class='ocr_line' id='line_1_14' title="bbox 204 570 1848 620; baseline 0 -10"><span class='ocrx_word' id='word_1_59' title='bbox 204 577 353 620; x_wconf 86' lang='lat' dir='ltr'>optrae,</span> <span class='ocrx_word' id='word_1_60' title='bbox 377 578 423 610; x_wconf 91' lang='lat' dir='ltr'>ut</span> <span class='ocrx_word' id='word_1_61' title='bbox 446 570 657 609; x_wconf 66' lang='lat' dir='ltr'>hactenus</span> <span class='ocrx_word' id='word_1_62' title='bbox 679 571 920 610; x_wconf 75' lang='lat' dir='ltr'>factitatum</span> <span class='ocrx_word' id='word_1_63' title='bbox 943 573 1010 615; x_wconf 90' lang='lat' dir='ltr'>est,</span> <span class='ocrx_word' id='word_1_64' title='bbox 1034 584 1125 610; x_wconf 96' lang='lat' dir='ltr'>non</span> <span class='ocrx_word' id='word_1_65' title='bbox 1146 573 1223 610; x_wconf 89' lang='lat' dir='ltr'>nifi</span> <span class='ocrx_word' id='word_1_66' title='bbox 1244 575 1438 610; x_wconf 89' lang='lat' dir='ltr'>maxima</span> <span class='ocrx_word' id='word_1_67' title='bbox 1462 584 1561 610; x_wconf 92' lang='lat' dir='ltr'>cum</span> <span class='ocrx_word' id='word_1_68' title='bbox 1583 572 1848 615; x_wconf 80' lang='lat' dir='ltr'>difficultate,</span> 
     </span>
     <span class='ocr_line' id='line_1_15' title="bbox 203 624 1848 673; baseline 0 -10"><span class='ocrx_word' id='word_1_69' title='bbox 203 628 298 673; x_wconf 91' lang='lat' dir='ltr'>pari</span> <span class='ocrx_word' id='word_1_70' title='bbox 314 626 581 663; x_wconf 86' lang='lat' dir='ltr'>certitudinis</span> <span class='ocrx_word' id='word_1_71' title='bbox 598 624 763 663; x_wconf 69' lang='lat' dir='ltr'>iactura</span> <span class='ocrx_word' id='word_1_72' title='bbox 778 625 1074 672; x_wconf 90' lang='lat' dir='ltr'>perficiuntur.</span> <span class='ocrx_word' id='word_1_73' title='bbox 1098 625 1323 671; x_wconf 92' lang='lat' dir='ltr'>Quoniam</span> <span class='ocrx_word' id='word_1_74' title='bbox 1340 637 1447 663; x_wconf 92' lang='lat' dir='ltr'>uero</span> <span class='ocrx_word' id='word_1_75' title='bbox 1464 626 1559 663; x_wconf 87' lang='lat' dir='ltr'>haec</span> <span class='ocrx_word' id='word_1_76' title='bbox 1579 626 1848 672; x_wconf 87' lang='lat' dir='ltr'>pinnaeidio-</span> 
     </span>
     <span class='ocr_line' id='line_1_16' title="bbox 204 678 1849 717; baseline 0 -1"><span class='ocrx_word' id='word_1_77' title='bbox 204 690 301 716; x_wconf 92' lang='lat' dir='ltr'>rum</span> <span class='ocrx_word' id='word_1_78' title='bbox 318 680 590 716; x_wconf 90' lang='lat' dir='ltr'>continuatio</span> <span class='ocrx_word' id='word_1_79' title='bbox 607 678 997 716; x_wconf 89' lang='lat' dir='ltr'>Obseruationibus</span> <span class='ocrx_word' id='word_1_80' title='bbox 1014 679 1326 716; x_wconf 84' lang='lat' dir='ltr'>Astronomicis</span> <span class='ocrx_word' id='word_1_81' title='bbox 1343 679 1576 717; x_wconf 87' lang='lat' dir='ltr'>Stellarum</span> <span class='ocrx_word' id='word_1_82' title='bbox 1595 681 1672 717; x_wconf 91' lang='lat' dir='ltr'>rite</span> <span class='ocrx_word' id='word_1_83' title='bbox 1690 679 1727 716; x_wconf 87' lang='lat'>&amp;</span> <span class='ocrx_word' id='word_1_84' title='bbox 1745 681 1849 717; x_wconf 90' lang='lat' dir='ltr'>citra</span> 
     </span>
     <span class='ocr_line' id='line_1_17' title="bbox 203 731 1847 780; baseline 0.001 -11"><span class='ocrx_word' id='word_1_85' title='bbox 203 731 444 770; x_wconf 82' lang='lat' dir='ltr'>molestiam</span> <span class='ocrx_word' id='word_1_86' title='bbox 464 731 740 770; x_wconf 88' lang='lat' dir='ltr'>absoluendis</span> <span class='ocrx_word' id='word_1_87' title='bbox 761 732 975 769; x_wconf 88' lang='lat' dir='ltr'>utilissima</span> <span class='ocrx_word' id='word_1_88' title='bbox 996 732 1062 776; x_wconf 91' lang='lat' dir='ltr'>est,</span> <span class='ocrx_word' id='word_1_89' title='bbox 1084 732 1201 770; x_wconf 89' lang='lat' dir='ltr'>lubet</span> <span class='ocrx_word' id='word_1_90' title='bbox 1222 744 1321 769; x_wconf 90' lang='lat' dir='ltr'>eam</span> <span class='ocrx_word' id='word_1_91' title='bbox 1337 744 1413 779; x_wconf 90' lang='lat' dir='ltr'>per</span> <span class='ocrx_word' id='word_1_92' title='bbox 1430 731 1642 770; x_wconf 69' lang='lat' dir='ltr'>adiectam</span> <span class='ocrx_word' id='word_1_93' title='bbox 1660 732 1847 780; x_wconf 87' lang='lat' dir='ltr'>defigna-</span> 
     </span>
     <span class='ocr_line' id='line_1_18' title="bbox 203 785 1788 832; baseline 0.001 -10"><span class='ocrx_word' id='word_1_94' title='bbox 203 787 369 823; x_wconf 91' lang='lat' dir='ltr'>tionem</span> <span class='ocrx_word' id='word_1_95' title='bbox 384 785 615 832; x_wconf 89' lang='lat' dir='ltr'>separatim</span> <span class='ocrx_word' id='word_1_96' title='bbox 632 785 865 829; x_wconf 82' lang='lat' dir='ltr'>ostendere,</span> <span class='ocrx_word' id='word_1_97' title='bbox 882 785 1103 832; x_wconf 88' lang='lat' dir='ltr'>huiusque</span> <span class='ocrx_word' id='word_1_98' title='bbox 1121 788 1223 823; x_wconf 90' lang='lat' dir='ltr'>artis</span> <span class='ocrx_word' id='word_1_99' title='bbox 1241 785 1432 823; x_wconf 90' lang='lat' dir='ltr'>alumnis</span> <span class='ocrx_word' id='word_1_100' title='bbox 1449 788 1788 823; x_wconf 86' lang='lat' dir='ltr'>communicare.</span> 
     </span>
    </p>

    <p class='ocr_par' dir='ltr' id='par_1_10' title="bbox 195 838 1848 2166">
     <span class='ocr_line' id='line_1_19' title="bbox 256 838 1848 886; baseline 0.001 -10"><span class='ocrx_word' id='word_1_101' title='bbox 256 838 380 876; x_wconf 89' lang='lat' dir='ltr'>Prius</span> <span class='ocrx_word' id='word_1_102' title='bbox 399 838 702 886; x_wconf 90' lang='lat' dir='ltr'>pinnaeidium</span> <span class='ocrx_word' id='word_1_103' title='bbox 718 838 756 876; x_wconf 87' lang='lat'>&amp;</span> <span class='ocrx_word' id='word_1_104' title='bbox 773 838 902 876; x_wconf 92' lang='lat' dir='ltr'>oculo</span> <span class='ocrx_word' id='word_1_105' title='bbox 922 838 1225 876; x_wconf 88' lang='lat' dir='ltr'>Obseruatoris</span> <span class='ocrx_word' id='word_1_106' title='bbox 1245 840 1496 886; x_wconf 87' lang='lat' dir='ltr'>proximum</span> <span class='ocrx_word' id='word_1_107' title='bbox 1518 839 1848 886; x_wconf 83' lang='lat' dir='ltr'>repraesentatur</span> 
     </span>
     <span class='ocr_line' id='line_1_20' title="bbox 203 892 1343 939; baseline 0 -10"><span class='ocrx_word' id='word_1_108' title='bbox 203 903 279 939; x_wconf 91' lang='lat' dir='ltr'>per</span> <span class='ocrx_word' id='word_1_109' title='bbox 299 892 490 936; x_wconf 87' lang='lat' dir='ltr'>ABCD,</span> <span class='ocrx_word' id='word_1_110' title='bbox 510 893 708 930; x_wconf 87' lang='lat' dir='ltr'>anterius</span> <span class='ocrx_word' id='word_1_111' title='bbox 731 903 839 929; x_wconf 90' lang='lat' dir='ltr'>uero</span> <span class='ocrx_word' id='word_1_112' title='bbox 862 894 983 930; x_wconf 86' lang='lat' dir='ltr'>iuxta</span> <span class='ocrx_word' id='word_1_113' title='bbox 1007 892 1343 929; x_wconf 87' lang='lat' dir='ltr'>circumferenti-</span> 
     </span>
     <span class='ocr_line' id='line_1_21' title="bbox 203 944 1342 993; baseline -0.001 -10"><span class='ocrx_word' id='word_1_114' title='bbox 203 957 276 983; x_wconf 88' lang='lat' dir='ltr'>am</span> <span class='ocrx_word' id='word_1_115' title='bbox 291 944 560 991; x_wconf 81' lang='lat' dir='ltr'>Quadrantis</span> <span class='ocrx_word' id='word_1_116' title='bbox 575 957 652 992; x_wconf 90' lang='lat' dir='ltr'>per</span> <span class='ocrx_word' id='word_1_117' title='bbox 669 945 858 988; x_wconf 90' lang='lat' dir='ltr'>EFGH,</span> <span class='ocrx_word' id='word_1_118' title='bbox 876 945 1041 993; x_wconf 86' lang='lat' dir='ltr'>Regula</span> <span class='ocrx_word' id='word_1_119' title='bbox 1057 944 1124 982; x_wconf 92' lang='lat' dir='ltr'>his</span> <span class='ocrx_word' id='word_1_120' title='bbox 1142 947 1342 983; x_wconf 89' lang='lat' dir='ltr'>interme—</span> 
     </span>
     <span class='ocr_line' id='line_1_22' title="bbox 203 998 1568 1046; baseline 0 -10"><span class='ocrx_word' id='word_1_121' title='bbox 203 998 275 1036; x_wconf 92' lang='lat' dir='ltr'>dia</span> <span class='ocrx_word' id='word_1_122' title='bbox 290 1009 366 1045; x_wconf 91' lang='lat' dir='ltr'>per</span> <span class='ocrx_word' id='word_1_123' title='bbox 382 999 412 1043; x_wconf 88' lang='grc' dir='ltr'>Ι,</span> <span class='ocrx_word' id='word_1_124' title='bbox 430 1001 554 1036; x_wconf 92' lang='lat' dir='ltr'>cuius</span> <span class='ocrx_word' id='word_1_125' title='bbox 571 998 914 1036; x_wconf 85' lang='lat' dir='ltr'>extremitatibus</span> <span class='ocrx_word' id='word_1_126' title='bbox 931 999 1061 1036; x_wconf 87' lang='lat' dir='ltr'>ambo</span> <span class='ocrx_word' id='word_1_127' title='bbox 1077 998 1131 1036; x_wconf 91' lang='lat' dir='ltr'>ad</span> <span class='ocrx_word' id='word_1_128' title='bbox 1144 998 1343 1046; x_wconf 87' lang='lat' dir='ltr'>Angulos</span> <span class='ocrx_word' id='word_1_129' title='bbox 1561 1029 1568 1045; x_wconf 81' lang='lat'>,</span> 
     </span>
     <span class='ocr_line' id='line_1_23' title="bbox 203 1050 1569 1101; baseline 0 -12"><span class='ocrx_word' id='word_1_130' title='bbox 203 1050 355 1090; x_wconf 72' lang='lat' dir='ltr'>Rectos</span> <span class='ocrx_word' id='word_1_131' title='bbox 377 1052 512 1090; x_wconf 87' lang='lat' dir='ltr'>affixa</span> <span class='ocrx_word' id='word_1_132' title='bbox 534 1051 640 1090; x_wconf 91' lang='lat' dir='ltr'>sunt.</span> <span class='ocrx_word' id='word_1_133' title='bbox 668 1052 850 1099; x_wconf 89' lang='lat' dir='ltr'>Oportet</span> <span class='ocrx_word' id='word_1_134' title='bbox 873 1054 1004 1090; x_wconf 89' lang='lat' dir='ltr'>etiam</span> <span class='ocrx_word' id='word_1_135' title='bbox 1028 1058 1213 1098; x_wconf 89' lang='lat' dir='ltr'>utraque</span> <span class='ocrx_word' id='word_1_136' title='bbox 1237 1052 1342 1089; x_wconf 84' lang='lat' dir='ltr'>eius—</span> <span class='ocrx_word' id='word_1_137' title='bbox 1389 1068 1412 1095; x_wconf 77' lang='lat' dir='ltr'><strong>F</strong></span> <span class='ocrx_word' id='word_1_138' title='bbox 1435 1083 1493 1101; x_wconf 63' lang='grc' dir='ltr'>Μ“</span> <span class='ocrx_word' id='word_1_139' title='bbox 1561 1064 1569 1094; x_wconf 69' lang='grc' dir='ltr'>ς</span> 
     </span>
     <span class='ocr_line' id='line_1_24' title="bbox 201 1103 1489 1153; baseline -0.001 -10"><span class='ocrx_word' id='word_1_140' title='bbox 201 1105 301 1143; x_wconf 87' lang='lat' dir='ltr'>dem</span> <span class='ocrx_word' id='word_1_141' title='bbox 328 1105 501 1152; x_wconf 91' lang='lat' dir='ltr'>prorsus</span> <span class='ocrx_word' id='word_1_142' title='bbox 526 1106 602 1143; x_wconf 88' lang='lat' dir='ltr'>esse</span> <span class='ocrx_word' id='word_1_143' title='bbox 627 1105 952 1153; x_wconf 82' lang='lat' dir='ltr'>magnitudinis,</span> <span class='ocrx_word' id='word_1_144' title='bbox 981 1105 1019 1143; x_wconf 91' lang='grc'>8(</span> <span class='ocrx_word' id='word_1_145' title='bbox 1048 1105 1343 1152; x_wconf 89' lang='lat' dir='ltr'>quadrilatera</span> <span class='ocrx_word' id='word_1_146' title='bbox 1480 1103 1489 1116; x_wconf 77' lang='lat'>⁷</span> 
     </span>
     <span class='ocr_line' id='line_1_25' title="bbox 201 1157 1342 1207; baseline -0.001 -11"><span class='ocrx_word' id='word_1_147' title='bbox 201 1157 552 1207; x_wconf 66' lang='lat' dir='ltr'>rediangulaque,</span> <span class='ocrx_word' id='word_1_148' title='bbox 573 1164 704 1206; x_wconf 89' lang='lat' dir='ltr'>atque</span> <span class='ocrx_word' id='word_1_149' title='bbox 721 1161 780 1196; x_wconf 89' lang='lat' dir='ltr'>ita</span> <span class='ocrx_word' id='word_1_150' title='bbox 796 1159 1014 1206; x_wconf 88' lang='lat' dir='ltr'>adaptata,</span> <span class='ocrx_word' id='word_1_151' title='bbox 1032 1164 1078 1196; x_wconf 92' lang='lat' dir='ltr'>ut</span> <span class='ocrx_word' id='word_1_152' title='bbox 1094 1158 1224 1196; x_wconf 86' lang='lat' dir='ltr'>lineae</span> <span class='ocrx_word' id='word_1_153' title='bbox 1242 1170 1342 1205; x_wconf 87' lang='lat' dir='ltr'>quae</span> 
     </span>
     <span class='ocr_line' id='line_1_26' title="bbox 201 1211 1341 1259; baseline -0.001 -9"><span class='ocrx_word' id='word_1_154' title='bbox 201 1223 277 1259; x_wconf 88' lang='lat' dir='ltr'>per</span> <span class='ocrx_word' id='word_1_155' title='bbox 292 1218 489 1250; x_wconf 88' lang='lat' dir='ltr'>centrum</span> <span class='ocrx_word' id='word_1_156' title='bbox 507 1211 544 1249; x_wconf 91' lang='grc'>8(</span> <span class='ocrx_word' id='word_1_157' title='bbox 560 1212 824 1250; x_wconf 88' lang='lat' dir='ltr'>diuifionum</span> <span class='ocrx_word' id='word_1_158' title='bbox 843 1212 1134 1250; x_wconf 87' lang='lat' dir='ltr'>abscissionem</span> <span class='ocrx_word' id='word_1_159' title='bbox 1151 1212 1341 1249; x_wconf 89' lang='lat' dir='ltr'>educun-</span> 
     </span>
     <span class='ocr_line' id='line_1_27' title="bbox 200 1265 1341 1312; baseline 0 -10"><span class='ocrx_word' id='word_1_160' title='bbox 200 1269 280 1309; x_wconf 89' lang='lat' dir='ltr'>tur,</span> <span class='ocrx_word' id='word_1_161' title='bbox 292 1266 479 1303; x_wconf 88' lang='lat' dir='ltr'>totaliter</span> <span class='ocrx_word' id='word_1_162' title='bbox 491 1265 807 1312; x_wconf 87' lang='lat' dir='ltr'>aequidistantia</span> <span class='ocrx_word' id='word_1_163' title='bbox 817 1265 905 1303; x_wconf 87' lang='lat' dir='ltr'>fint.</span> <span class='ocrx_word' id='word_1_164' title='bbox 920 1266 969 1303; x_wconf 93' lang='lat' dir='ltr'>In</span> <span class='ocrx_word' id='word_1_165' title='bbox 979 1265 1184 1303; x_wconf 88' lang='lat' dir='ltr'>inferiore</span> <span class='ocrx_word' id='word_1_166' title='bbox 1194 1270 1341 1302; x_wconf 92' lang='lat' dir='ltr'>autem</span> 
     </span>
     <span class='ocr_line' id='line_1_28' title="bbox 201 1317 1342 1366; baseline 0 -10"><span class='ocrx_word' id='word_1_167' title='bbox 201 1317 238 1356; x_wconf 94' lang='grc'>8(</span> <span class='ocrx_word' id='word_1_168' title='bbox 259 1319 388 1357; x_wconf 94' lang='lat' dir='ltr'>oculo</span> <span class='ocrx_word' id='word_1_169' title='bbox 408 1321 610 1366; x_wconf 89' lang='lat' dir='ltr'>proximo</span> <span class='ocrx_word' id='word_1_170' title='bbox 631 1319 896 1366; x_wconf 83' lang='lat' dir='ltr'>pinnaeidio,</span> <span class='ocrx_word' id='word_1_171' title='bbox 917 1331 943 1357; x_wconf 95' lang='lat' dir='ltr'>a</span> <span class='ocrx_word' id='word_1_172' title='bbox 963 1318 1100 1356; x_wconf 90' lang='lat' dir='ltr'>tribus</span> <span class='ocrx_word' id='word_1_173' title='bbox 1116 1318 1342 1356; x_wconf 90' lang='lat' dir='ltr'>Lateribus</span> 
     </span>
     <span class='ocr_line' id='line_1_29' title="bbox 200 1372 1343 1420; baseline -0.001 -10"><span class='ocrx_word' id='word_1_174' title='bbox 200 1372 475 1419; x_wconf 90' lang='lat' dir='ltr'>applicantur</span> <span class='ocrx_word' id='word_1_175' title='bbox 501 1372 700 1420; x_wconf 85' lang='lat' dir='ltr'>pinnulae</span> <span class='ocrx_word' id='word_1_176' title='bbox 728 1372 934 1419; x_wconf 89' lang='lat' dir='ltr'>quaedam</span> <span class='ocrx_word' id='word_1_177' title='bbox 963 1372 1262 1413; x_wconf 85' lang='lat' dir='ltr'>Orichalcicae,</span> <span class='ocrx_word' id='word_1_178' title='bbox 1291 1383 1343 1409; x_wconf 86' lang='lat' dir='ltr'>ea</span> 
     </span>
     <span class='ocr_line' id='line_1_30' title="bbox 200 1423 1342 1473; baseline -0.001 -10"><span class='ocrx_word' id='word_1_179' title='bbox 200 1423 1342 1473; x_wconf 67' lang='lat' dir='ltr'>partequapinnacidijSproximaesunt,reclilineae,ita</span> 
     </span>
     <span class='ocr_line' id='line_1_31' title="bbox 200 1479 1341 1527; baseline -0.001 -11"><span class='ocrx_word' id='word_1_180' title='bbox 200 1484 245 1516; x_wconf 91' lang='lat' dir='ltr'>ut</span> <span class='ocrx_word' id='word_1_181' title='bbox 256 1491 333 1527; x_wconf 90' lang='lat' dir='ltr'>per</span> <span class='ocrx_word' id='word_1_182' title='bbox 344 1479 501 1517; x_wconf 89' lang='lat' dir='ltr'>fibulas</span> <span class='ocrx_word' id='word_1_183' title='bbox 514 1479 723 1526; x_wconf 90' lang='lat' dir='ltr'>quasdam</span> <span class='ocrx_word' id='word_1_184' title='bbox 733 1480 788 1517; x_wconf 94' lang='lat' dir='ltr'>ad</span> <span class='ocrx_word' id='word_1_185' title='bbox 798 1479 887 1526; x_wconf 91' lang='lat' dir='ltr'>ipsa</span> <span class='ocrx_word' id='word_1_186' title='bbox 896 1479 1148 1526; x_wconf 91' lang='lat' dir='ltr'>pinnacidia</span> <span class='ocrx_word' id='word_1_187' title='bbox 1159 1481 1341 1525; x_wconf 90' lang='lat' dir='ltr'>compri-</span> 
     </span>
     <span class='ocr_line' id='line_1_32' title="bbox 199 1531 1341 1579; baseline -0.001 -9"><span class='ocrx_word' id='word_1_188' title='bbox 199 1534 271 1577; x_wconf 87' lang='lat' dir='ltr'>mi,</span> <span class='ocrx_word' id='word_1_189' title='bbox 294 1532 331 1570; x_wconf 91' lang='grc'>8(</span> <span class='ocrx_word' id='word_1_190' title='bbox 352 1533 406 1570; x_wconf 93' lang='lat' dir='ltr'>ab</span> <span class='ocrx_word' id='word_1_191' title='bbox 427 1532 495 1570; x_wconf 93' lang='lat' dir='ltr'>his</span> <span class='ocrx_word' id='word_1_192' title='bbox 516 1532 703 1570; x_wconf 88' lang='lat' dir='ltr'>relaxari</span> <span class='ocrx_word' id='word_1_193' title='bbox 722 1535 800 1570; x_wconf 91' lang='lat' dir='ltr'>rite</span> <span class='ocrx_word' id='word_1_194' title='bbox 816 1533 978 1579; x_wconf 90' lang='lat' dir='ltr'>possint‚</span> <span class='ocrx_word' id='word_1_195' title='bbox 1000 1531 1238 1570; x_wconf 87' lang='lat' dir='ltr'>efficientes</span> <span class='ocrx_word' id='word_1_196' title='bbox 1258 1532 1341 1569; x_wconf 93' lang='lat' dir='ltr'>hoc</span> 
     </span>
     <span class='ocr_line' id='line_1_33' title="bbox 199 1585 1340 1633; baseline -0.001 -10"><span class='ocrx_word' id='word_1_197' title='bbox 199 1586 332 1624; x_wconf 94' lang='lat' dir='ltr'>modo</span> <span class='ocrx_word' id='word_1_198' title='bbox 354 1586 536 1624; x_wconf 90' lang='lat' dir='ltr'>rimulas</span> <span class='ocrx_word' id='word_1_199' title='bbox 558 1586 768 1633; x_wconf 90' lang='lat' dir='ltr'>quasdam</span> <span class='ocrx_word' id='word_1_200' title='bbox 787 1587 909 1624; x_wconf 91' lang='lat' dir='ltr'>omni</span> <span class='ocrx_word' id='word_1_201' title='bbox 926 1598 978 1624; x_wconf 91' lang='lat' dir='ltr'>ex</span> <span class='ocrx_word' id='word_1_202' title='bbox 994 1591 1116 1633; x_wconf 91' lang='lat' dir='ltr'>parte</span> <span class='ocrx_word' id='word_1_203' title='bbox 1133 1585 1340 1632; x_wconf 81' lang='lat' dir='ltr'>aequales,</span> 
     </span>
     <span class='ocr_line' id='line_1_34' title="bbox 200 1638 1340 1687; baseline -0.001 -10"><span class='ocrx_word' id='word_1_204' title='bbox 200 1639 238 1677; x_wconf 95' lang='grc'>8(</span> <span class='ocrx_word' id='word_1_205' title='bbox 257 1641 447 1677; x_wconf 88' lang='lat' dir='ltr'>maiores</span> <span class='ocrx_word' id='word_1_206' title='bbox 469 1639 541 1677; x_wconf 89' lang='lat' dir='ltr'>uel</span> <span class='ocrx_word' id='word_1_207' title='bbox 561 1642 766 1683; x_wconf 86' lang='lat' dir='ltr'>minores,</span> <span class='ocrx_word' id='word_1_208' title='bbox 788 1645 916 1687; x_wconf 93' lang='lat' dir='ltr'>prout</span> <span class='ocrx_word' id='word_1_209' title='bbox 937 1639 1171 1677; x_wconf 89' lang='lat' dir='ltr'>Stellarum</span> <span class='ocrx_word' id='word_1_210' title='bbox 1189 1638 1340 1677; x_wconf 89' lang='lat' dir='ltr'>Obser—</span> 
     </span>
     <span class='ocr_line' id='line_1_35' title="bbox 198 1692 1340 1740; baseline -0.001 -10"><span class='ocrx_word' id='word_1_211' title='bbox 198 1693 449 1730; x_wconf 92' lang='lat' dir='ltr'>uandarum</span> <span class='ocrx_word' id='word_1_212' title='bbox 465 1693 616 1730; x_wconf 92' lang='lat' dir='ltr'>lumen</span> <span class='ocrx_word' id='word_1_213' title='bbox 633 1695 772 1740; x_wconf 85' lang='lat' dir='ltr'>exigit.</span> <span class='ocrx_word' id='word_1_214' title='bbox 790 1694 936 1740; x_wconf 89' lang='lat' dir='ltr'>Atque</span> <span class='ocrx_word' id='word_1_215' title='bbox 952 1692 1036 1730; x_wconf 92' lang='lat' dir='ltr'>hoc</span> <span class='ocrx_word' id='word_1_216' title='bbox 1052 1692 1186 1730; x_wconf 91' lang='lat' dir='ltr'>modo</span> <span class='ocrx_word' id='word_1_217' title='bbox 1200 1704 1276 1739; x_wconf 92' lang='lat' dir='ltr'>per</span> <span class='ocrx_word' id='word_1_218' title='bbox 1288 1694 1340 1729; x_wconf 87' lang='lat' dir='ltr'>ri-</span> 
     </span>
     <span class='ocr_line' id='line_1_36' title="bbox 198 1745 1340 1793; baseline -0.001 -10"><span class='ocrx_word' id='word_1_219' title='bbox 198 1746 368 1784; x_wconf 92' lang='lat' dir='ltr'>mulam</span> <span class='ocrx_word' id='word_1_220' title='bbox 383 1746 487 1790; x_wconf 87' lang='lat' dir='ltr'>AD,</span> <span class='ocrx_word' id='word_1_221' title='bbox 509 1746 642 1784; x_wconf 92' lang='lat' dir='ltr'>Stella</span> <span class='ocrx_word' id='word_1_222' title='bbox 661 1746 866 1793; x_wconf 84' lang='lat' dir='ltr'>quaedam</span> <span class='ocrx_word' id='word_1_223' title='bbox 882 1746 1049 1784; x_wconf 90' lang='lat' dir='ltr'>sublata</span> <span class='ocrx_word' id='word_1_224' title='bbox 1065 1745 1137 1783; x_wconf 89' lang='lat' dir='ltr'>uel</span> <span class='ocrx_word' id='word_1_225' title='bbox 1154 1746 1340 1792; x_wconf 91' lang='lat' dir='ltr'>depressa</span> 
     </span>
     <span class='ocr_line' id='line_1_37' title="bbox 199 1799 1340 1847; baseline 0 -11"><span class='ocrx_word' id='word_1_226' title='bbox 199 1799 381 1846; x_wconf 88' lang='lat' dir='ltr'>dioptra‚</span> <span class='ocrx_word' id='word_1_227' title='bbox 401 1799 540 1837; x_wconf 90' lang='lat' dir='ltr'>donec</span> <span class='ocrx_word' id='word_1_228' title='bbox 557 1801 602 1837; x_wconf 93' lang='lat' dir='ltr'>in</span> <span class='ocrx_word' id='word_1_229' title='bbox 618 1801 848 1837; x_wconf 91' lang='lat' dir='ltr'>anterioris</span> <span class='ocrx_word' id='word_1_230' title='bbox 864 1799 1101 1847; x_wconf 88' lang='lat' dir='ltr'>pinnaeidij</span> <span class='ocrx_word' id='word_1_231' title='bbox 1120 1799 1340 1846; x_wconf 85' lang='lat' dir='ltr'>superiore</span> 
     </span>
     <span class='ocr_line' id='line_1_38' title="bbox 197 1852 1339 1899; baseline -0.001 -9"><span class='ocrx_word' id='word_1_232' title='bbox 197 1852 314 1890; x_wconf 89' lang='lat' dir='ltr'>linea</span> <span class='ocrx_word' id='word_1_233' title='bbox 333 1852 420 1890; x_wconf 92' lang='lat' dir='ltr'>HE</span> <span class='ocrx_word' id='word_1_234' title='bbox 441 1864 517 1899; x_wconf 89' lang='lat' dir='ltr'>per</span> <span class='ocrx_word' id='word_1_235' title='bbox 537 1853 816 1891; x_wconf 89' lang='lat' dir='ltr'>medietatem</span> <span class='ocrx_word' id='word_1_236' title='bbox 836 1853 959 1890; x_wconf 93' lang='lat' dir='ltr'>suam</span> <span class='ocrx_word' id='word_1_237' title='bbox 980 1852 1170 1890; x_wconf 87' lang='lat' dir='ltr'>abscindi</span> <span class='ocrx_word' id='word_1_238' title='bbox 1192 1852 1339 1890; x_wconf 85' lang='lat' dir='ltr'>uidea-</span> 
     </span>
     <span class='ocr_line' id='line_1_39' title="bbox 196 1905 1339 1953; baseline -0.001 -10"><span class='ocrx_word' id='word_1_239' title='bbox 196 1911 276 1949; x_wconf 92' lang='lat' dir='ltr'>tur,</span> <span class='ocrx_word' id='word_1_240' title='bbox 299 1905 489 1953; x_wconf 89' lang='lat' dir='ltr'>quaefita,</span> <span class='ocrx_word' id='word_1_241' title='bbox 512 1906 647 1953; x_wconf 92' lang='lat' dir='ltr'>(quod</span> <span class='ocrx_word' id='word_1_242' title='bbox 668 1912 761 1944; x_wconf 90' lang='lat' dir='ltr'>tum</span> <span class='ocrx_word' id='word_1_243' title='bbox 782 1906 840 1950; x_wconf 90' lang='lat' dir='ltr'>fit,</span> <span class='ocrx_word' id='word_1_244' title='bbox 863 1907 1042 1953; x_wconf 90' lang='lat' dir='ltr'>quando</span> <span class='ocrx_word' id='word_1_245' title='bbox 1063 1917 1139 1953; x_wconf 90' lang='lat' dir='ltr'>per</span> <span class='ocrx_word' id='word_1_246' title='bbox 1156 1905 1339 1943; x_wconf 86' lang='lat' dir='ltr'>alteram</span> 
     </span>
     <span class='ocr_line' id='line_1_40' title="bbox 198 1956 1843 2006; baseline -0.001 -10"><span class='ocrx_word' id='word_1_247' title='bbox 198 1959 405 1997; x_wconf 88' lang='lat' dir='ltr'>rimulam</span> <span class='ocrx_word' id='word_1_248' title='bbox 422 1959 502 1997; x_wconf 92' lang='lat' dir='ltr'>BC</span> <span class='ocrx_word' id='word_1_249' title='bbox 519 1960 571 1997; x_wconf 89' lang='lat' dir='ltr'>de</span> <span class='ocrx_word' id='word_1_250' title='bbox 587 1959 677 2006; x_wconf 92' lang='lat' dir='ltr'>ipsa</span> <span class='ocrx_word' id='word_1_251' title='bbox 694 1959 827 1998; x_wconf 91' lang='lat' dir='ltr'>Stella</span> <span class='ocrx_word' id='word_1_252' title='bbox 843 1959 999 1997; x_wconf 90' lang='lat' dir='ltr'>eodem</span> <span class='ocrx_word' id='word_1_253' title='bbox 1015 1959 1199 2002; x_wconf 89' lang='lat' dir='ltr'>instanti,</span> <span class='ocrx_word' id='word_1_254' title='bbox 1221 1957 1479 1996; x_wconf 89' lang='lat' dir='ltr'>tantundem</span> <span class='ocrx_word' id='word_1_255' title='bbox 1496 1959 1542 1994; x_wconf 92' lang='lat' dir='ltr'>in</span> <span class='ocrx_word' id='word_1_256' title='bbox 1559 1956 1752 1994; x_wconf 87' lang='lat' dir='ltr'>inferiori</span> <span class='ocrx_word' id='word_1_257' title='bbox 1769 1969 1843 1995; x_wconf 91' lang='lat' dir='ltr'>an-</span> 
     </span>
     <span class='ocr_line' id='line_1_41' title="bbox 196 2010 1843 2060; baseline -0.002 -10"><span class='ocrx_word' id='word_1_258' title='bbox 196 2014 365 2050; x_wconf 90' lang='lat' dir='ltr'>terioris</span> <span class='ocrx_word' id='word_1_259' title='bbox 385 2013 621 2060; x_wconf 89' lang='lat' dir='ltr'>pinnaeidij</span> <span class='ocrx_word' id='word_1_260' title='bbox 645 2018 766 2060; x_wconf 90' lang='lat' dir='ltr'>parte</span> <span class='ocrx_word' id='word_1_261' title='bbox 788 2013 973 2056; x_wconf 89' lang='lat' dir='ltr'>uidetur,</span> <span class='ocrx_word' id='word_1_262' title='bbox 995 2018 1211 2059; x_wconf 90' lang='lat' dir='ltr'>quantum</span> <span class='ocrx_word' id='word_1_263' title='bbox 1232 2010 1444 2059; x_wconf 89' lang='lat' dir='ltr'>superius)</span> <span class='ocrx_word' id='word_1_264' title='bbox 1467 2010 1631 2058; x_wconf 85' lang='lat' dir='ltr'>Regula</span> <span class='ocrx_word' id='word_1_265' title='bbox 1647 2010 1736 2057; x_wconf 92' lang='lat' dir='ltr'>ipsa</span> <span class='ocrx_word' id='word_1_266' title='bbox 1752 2022 1843 2058; x_wconf 87' lang='lat' dir='ltr'>gra-</span> 
     </span>
     <span class='ocr_line' id='line_1_42' title="bbox 196 2063 1843 2111; baseline -0.001 -8"><span class='ocrx_word' id='word_1_267' title='bbox 196 2065 301 2103; x_wconf 92' lang='lat' dir='ltr'>dum</span> <span class='ocrx_word' id='word_1_268' title='bbox 318 2065 356 2103; x_wconf 85' lang='lat'>&amp;</span> <span class='ocrx_word' id='word_1_269' title='bbox 372 2067 593 2103; x_wconf 91' lang='lat' dir='ltr'>minutum</span> <span class='ocrx_word' id='word_1_270' title='bbox 605 2066 860 2104; x_wconf 88' lang='lat' dir='ltr'>Altitudinis</span> <span class='ocrx_word' id='word_1_271' title='bbox 876 2068 922 2103; x_wconf 92' lang='lat' dir='ltr'>in</span> <span class='ocrx_word' id='word_1_272' title='bbox 939 2065 1287 2103; x_wconf 88' lang='lat' dir='ltr'>circumferentia</span> <span class='ocrx_word' id='word_1_273' title='bbox 1300 2064 1569 2111; x_wconf 89' lang='lat' dir='ltr'>Quadrantis</span> <span class='ocrx_word' id='word_1_274' title='bbox 1583 2063 1843 2107; x_wconf 84' lang='lat' dir='ltr'>ostendente,</span> 
     </span>
     <span class='ocr_line' id='line_1_43' title="bbox 195 2118 1400 2166; baseline -0.002 -10"><span class='ocrx_word' id='word_1_275' title='bbox 195 2120 380 2156; x_wconf 90' lang='lat' dir='ltr'>minimo</span> <span class='ocrx_word' id='word_1_276' title='bbox 397 2120 571 2166; x_wconf 90' lang='lat' dir='ltr'>negotio</span> <span class='ocrx_word' id='word_1_277' title='bbox 588 2119 842 2157; x_wconf 90' lang='lat' dir='ltr'>adamussim</span> <span class='ocrx_word' id='word_1_278' title='bbox 859 2119 1104 2157; x_wconf 89' lang='lat' dir='ltr'>centraliter</span> <span class='ocrx_word' id='word_1_279' title='bbox 1122 2118 1400 2157; x_wconf 89' lang='lat' dir='ltr'>Obseruatur.</span> 
     </span>
    </p>

    <p class='ocr_par' dir='ltr' id='par_1_11' title="bbox 195 2170 1844 2486">
     <span class='ocr_line' id='line_1_44' title="bbox 249 2170 1844 2219; baseline -0.001 -10"><span class='ocrx_word' id='word_1_280' title='bbox 249 2172 347 2209; x_wconf 89' lang='lat' dir='ltr'>Pari</span> <span class='ocrx_word' id='word_1_281' title='bbox 368 2174 537 2210; x_wconf 91' lang='lat' dir='ltr'>ratione</span> <span class='ocrx_word' id='word_1_282' title='bbox 558 2172 587 2210; x_wconf 86' lang='lat' dir='ltr'>fi</span> <span class='ocrx_word' id='word_1_283' title='bbox 608 2184 634 2210; x_wconf 91' lang='lat' dir='ltr'>a</span> <span class='ocrx_word' id='word_1_284' title='bbox 655 2173 808 2210; x_wconf 90' lang='lat' dir='ltr'>Latere</span> <span class='ocrx_word' id='word_1_285' title='bbox 829 2184 906 2219; x_wconf 94' lang='lat' dir='ltr'>per</span> <span class='ocrx_word' id='word_1_286' title='bbox 926 2172 1133 2210; x_wconf 91' lang='lat' dir='ltr'>rimulam</span> <span class='ocrx_word' id='word_1_287' title='bbox 1154 2174 1419 2209; x_wconf 89' lang='lat' dir='ltr'>anteriorem</span> <span class='ocrx_word' id='word_1_288' title='bbox 1436 2170 1523 2208; x_wconf 86' lang='lat' dir='ltr'>DC</span> <span class='ocrx_word' id='word_1_289' title='bbox 1541 2170 1695 2208; x_wconf 88' lang='lat' dir='ltr'>eadem</span> <span class='ocrx_word' id='word_1_290' title='bbox 1712 2170 1844 2208; x_wconf 91' lang='lat' dir='ltr'>Stella</span> 
     </span>
     <span class='ocr_line' id='line_1_45' title="bbox 197 2223 1844 2272; baseline -0.001 -10"><span class='ocrx_word' id='word_1_291' title='bbox 197 2227 242 2262; x_wconf 91' lang='lat' dir='ltr'>in</span> <span class='ocrx_word' id='word_1_292' title='bbox 257 2224 467 2272; x_wconf 88' lang='lat' dir='ltr'>superiori</span> <span class='ocrx_word' id='word_1_293' title='bbox 482 2226 735 2272; x_wconf 90' lang='lat' dir='ltr'>pinnaeidio</span> <span class='ocrx_word' id='word_1_294' title='bbox 751 2228 873 2263; x_wconf 91' lang='lat' dir='ltr'>iuxta</span> <span class='ocrx_word' id='word_1_295' title='bbox 890 2226 986 2264; x_wconf 92' lang='lat' dir='ltr'>GH</span> <span class='ocrx_word' id='word_1_296' title='bbox 1003 2228 1063 2263; x_wconf 89' lang='lat' dir='ltr'>ita</span> <span class='ocrx_word' id='word_1_297' title='bbox 1079 2230 1293 2269; x_wconf 90' lang='lat' dir='ltr'>cernatur,</span> <span class='ocrx_word' id='word_1_298' title='bbox 1315 2230 1361 2262; x_wconf 89' lang='lat' dir='ltr'>ut</span> <span class='ocrx_word' id='word_1_299' title='bbox 1379 2224 1515 2262; x_wconf 91' lang='lat' dir='ltr'>altera</span> <span class='ocrx_word' id='word_1_300' title='bbox 1532 2223 1634 2261; x_wconf 90' lang='lat' dir='ltr'>huic</span> <span class='ocrx_word' id='word_1_301' title='bbox 1651 2223 1844 2270; x_wconf 82' lang='lat' dir='ltr'>opposita</span> 
     </span>
     <span class='ocr_line' id='line_1_46' title="bbox 195 2277 1842 2326; baseline -0.001 -11"><span class='ocrx_word' id='word_1_302' title='bbox 195 2278 355 2316; x_wconf 91' lang='lat' dir='ltr'>rimula</span> <span class='ocrx_word' id='word_1_303' title='bbox 371 2279 453 2316; x_wconf 92' lang='lat' dir='ltr'>AB</span> <span class='ocrx_word' id='word_1_304' title='bbox 472 2279 589 2325; x_wconf 86' lang='lat' dir='ltr'>(quae</span> <span class='ocrx_word' id='word_1_305' title='bbox 607 2281 652 2316; x_wconf 94' lang='lat' dir='ltr'>in</span> <span class='ocrx_word' id='word_1_306' title='bbox 668 2279 758 2326; x_wconf 92' lang='lat' dir='ltr'>ipso</span> <span class='ocrx_word' id='word_1_307' title='bbox 775 2279 1027 2326; x_wconf 89' lang='lat' dir='ltr'>pinnaeidio</span> <span class='ocrx_word' id='word_1_308' title='bbox 1045 2279 1320 2316; x_wconf 91' lang='lat' dir='ltr'>commodius</span> <span class='ocrx_word' id='word_1_309' title='bbox 1336 2277 1556 2322; x_wconf 91' lang='lat' dir='ltr'>inciditur)</span> <span class='ocrx_word' id='word_1_310' title='bbox 1574 2279 1694 2314; x_wconf 87' lang='lat' dir='ltr'>iuxta</span> <span class='ocrx_word' id='word_1_311' title='bbox 1711 2279 1842 2314; x_wconf 91' lang='lat' dir='ltr'>rimu-</span> 
     </span>
     <span class='ocr_line' id='line_1_47' title="bbox 195 2330 1843 2379; baseline -0.002 -10"><span class='ocrx_word' id='word_1_312' title='bbox 195 2331 285 2369; x_wconf 90' lang='lat' dir='ltr'>lam</span> <span class='ocrx_word' id='word_1_313' title='bbox 305 2333 350 2369; x_wconf 94' lang='lat' dir='ltr'>in</span> <span class='ocrx_word' id='word_1_314' title='bbox 371 2334 579 2369; x_wconf 91' lang='lat' dir='ltr'>anteriori</span> <span class='ocrx_word' id='word_1_315' title='bbox 599 2332 852 2379; x_wconf 90' lang='lat' dir='ltr'>pinnaeidio</span> <span class='ocrx_word' id='word_1_316' title='bbox 873 2332 935 2369; x_wconf 93' lang='lat' dir='ltr'>illi</span> <span class='ocrx_word' id='word_1_317' title='bbox 956 2332 1378 2379; x_wconf 86' lang='lat' dir='ltr'>correspondentem,</span> <span class='ocrx_word' id='word_1_318' title='bbox 1402 2330 1660 2368; x_wconf 90' lang='lat' dir='ltr'>tantundem</span> <span class='ocrx_word' id='word_1_319' title='bbox 1681 2330 1733 2367; x_wconf 87' lang='lat' dir='ltr'>de</span> <span class='ocrx_word' id='word_1_320' title='bbox 1754 2330 1843 2377; x_wconf 87' lang='lat' dir='ltr'>ipsa</span> 
     </span>
     <span class='ocr_line' id='line_1_48' title="bbox 196 2383 1842 2432; baseline -0.002 -10"><span class='ocrx_word' id='word_1_321' title='bbox 196 2384 410 2428; x_wconf 84' lang='lat' dir='ltr'>exhibeat,</span> <span class='ocrx_word' id='word_1_322' title='bbox 427 2397 507 2432; x_wconf 90' lang='lat' dir='ltr'>pro</span> <span class='ocrx_word' id='word_1_323' title='bbox 519 2385 747 2423; x_wconf 90' lang='lat' dir='ltr'>Azimuthi</span> <span class='ocrx_word' id='word_1_324' title='bbox 759 2387 1005 2432; x_wconf 89' lang='lat' dir='ltr'>cognitione</span> <span class='ocrx_word' id='word_1_325' title='bbox 1023 2385 1236 2423; x_wconf 88' lang='lat' dir='ltr'>conducit.</span> <span class='ocrx_word' id='word_1_326' title='bbox 1255 2385 1473 2422; x_wconf 89' lang='lat' dir='ltr'>Foramen</span> <span class='ocrx_word' id='word_1_327' title='bbox 1485 2395 1592 2420; x_wconf 91' lang='lat' dir='ltr'>uero</span> <span class='ocrx_word' id='word_1_328' title='bbox 1604 2383 1842 2420; x_wconf 91' lang='lat' dir='ltr'>rotundum</span> 
     </span>
     <span class='ocr_line' id='line_1_49' title="bbox 195 2436 1842 2486; baseline -0.002 -11"><span class='ocrx_word' id='word_1_329' title='bbox 195 2439 424 2475; x_wconf 88' lang='lat' dir='ltr'>anterioris</span> <span class='ocrx_word' id='word_1_330' title='bbox 440 2439 691 2486; x_wconf 88' lang='lat' dir='ltr'>pinnaeidij,</span> <span class='ocrx_word' id='word_1_331' title='bbox 713 2450 804 2476; x_wconf 93' lang='lat' dir='ltr'>non</span> <span class='ocrx_word' id='word_1_332' title='bbox 821 2438 975 2481; x_wconf 88' lang='lat' dir='ltr'>Stellis,</span> <span class='ocrx_word' id='word_1_333' title='bbox 997 2438 1066 2476; x_wconf 85' lang='lat' dir='ltr'>sed</span> <span class='ocrx_word' id='word_1_334' title='bbox 1082 2438 1390 2476; x_wconf 90' lang='lat' dir='ltr'>tantummodo</span> <span class='ocrx_word' id='word_1_335' title='bbox 1407 2436 1519 2475; x_wconf 91' lang='lat' dir='ltr'>Solis</span> <span class='ocrx_word' id='word_1_336' title='bbox 1537 2436 1842 2474; x_wconf 85' lang='lat' dir='ltr'>Obseruationi</span> 
     </span>
    </p>
   </div>
   <div class='ocr_carea' id='block_1_10' title="bbox 194 2488 1841 2580">
    <p class='ocr_par' dir='ltr' id='par_1_12' title="bbox 194 2488 1841 2580">
     <span class='ocr_line' id='line_1_50' title="bbox 194 2488 1841 2539; baseline -0.002 -11"><span class='ocrx_word' id='word_1_337' title='bbox 194 2490 382 2529; x_wconf 91' lang='lat' dir='ltr'>inseruit.</span> <span class='ocrx_word' id='word_1_338' title='bbox 405 2491 486 2529; x_wconf 88' lang='lat' dir='ltr'>Per</span> <span class='ocrx_word' id='word_1_339' title='bbox 508 2491 591 2530; x_wconf 93' lang='lat' dir='ltr'>hoc</span> <span class='ocrx_word' id='word_1_340' title='bbox 615 2494 733 2530; x_wconf 89' lang='lat' dir='ltr'>enim</span> <span class='ocrx_word' id='word_1_341' title='bbox 756 2492 924 2530; x_wconf 88' lang='lat' dir='ltr'>decenti</span> <span class='ocrx_word' id='word_1_342' title='bbox 946 2491 1200 2539; x_wconf 90' lang='lat' dir='ltr'>Quantitate</span> <span class='ocrx_word' id='word_1_343' title='bbox 1221 2491 1471 2534; x_wconf 87' lang='lat' dir='ltr'>formatum,</span> <span class='ocrx_word' id='word_1_344' title='bbox 1496 2490 1643 2526; x_wconf 88' lang='lat' dir='ltr'>radius</span> <span class='ocrx_word' id='word_1_345' title='bbox 1665 2488 1776 2526; x_wconf 90' lang='lat' dir='ltr'>Solis</span> <span class='ocrx_word' id='word_1_346' title='bbox 1797 2490 1841 2525; x_wconf 94' lang='lat' dir='ltr'>in</span> 
     </span>
     <span class='ocr_line' id='line_1_51' title="bbox 1590 2544 1841 2580; baseline 0 -1"><span class='ocrx_word' id='word_1_347' title='bbox 1590 2544 1841 2580; x_wconf 90' lang='lat' dir='ltr'>interiorem</span> 
     </span>
    </p>
   </div>
   <div class='ocr_carea' id='block_1_11' title="bbox 1417 924 1849 1913">
    <p class='ocr_par' dir='ltr' id='par_1_13' title="bbox 1417 924 1849 1913">
     <span class='ocr_line' id='line_1_52' title="bbox 1417 924 1849 1913; baseline 0 0"><span class='ocrx_word' id='word_1_348' title='bbox 1417 924 1849 1913; x_wconf 95' lang='lat' dir='ltr'> </span> 
     </span>
    </p>
   </div>
  </div>
 </body>
</html>
