2209 3213
117 797 148 823 10

114 1064 145 1090 15

113 1330 148 1356 20

96 1591 157 1623 167

109 1863 143 1905 30

510 200 1032 239 RECENTIORIBUS
1053 200 1511 239 PHAENOMENIS
1776 202 1833 239 141

189 312 339 345 autem
354 307 497 344 Borea
513 306 623 351 HK;
645 307 742 344 dico
759 307 877 354 quod
894 307 1036 345 cauda
1052 307 1250 345 Cometae
1266 307 1395 345 fuerit
1411 319 1511 345 cum
1528 310 1665 355 capite
1686 307 1775 351 suo,
1796 308 1834 345 8(

189 360 373 405 Venere,
395 362 441 397 in
456 371 544 398 vno
562 360 740 398 Circulo
756 371 917 408 magno
933 360 1080 404 HCB,
1098 360 1136 397 &
1151 372 1437 407 nequaquam
1452 361 1752 408 porrigebatur
1768 373 1834 399 ra-

188 415 307 451 tione
324 413 488 451 Circuli
505 425 531 451 a
546 412 647 451 Sole
663 425 740 460 per
756 418 885 460 caput
901 412 1029 456 ducti,
1051 425 1183 460 quem
1199 414 1477 461 repraesentat
1493 413 1623 458 ICG;
1645 414 1763 461 quod
1779 415 1835 452 ad

188 466 304 504 diem
316 464 478 504 dic‘tum
490 466 897 504 Demonstrabimus
909 468 955 503 in
966 466 1084 504 hunc
1096 467 1291 504 modum.
1305 467 1369 504 Ex
1381 467 1670 515 Longitudine
1684 469 1834 515 capitis

187 521 233 557 in
249 519 293 563 F,
311 531 363 557 eo
380 519 448 557 die
464 521 510 556 in
526 519 569 557 P.
586 520 622 558 7.
640 520 703 557 M.
716 520 757 558 15
778 525 802 559 z
815 550 823 563 ,
841 519 1017 566 eiusque
1034 519 1282 558 Latitudine
1299 520 1389 564 CF,
1406 520 1448 558 P.
1461 520 1497 558 8.
1511 520 1574 558 M.
1586 521 1649 565 59,
1667 520 1704 558 &
1721 521 1833 558 Lon-

186 572 379 620 gitudine
395 572 480 610 loci
495 574 541 610 in
557 584 689 620 quem
703 573 906 620 vergebat
918 573 1070 617 cauda,
1088 575 1134 610 in
1149 573 1192 610 P.
1205 573 1267 611 28.
1282 573 1345 611 Μ.
1357 573 1382 611 8
1402 579 1426 613 z
1439 604 1447 618 ‚
1464 579 1677 620 tanquam
1689 573 1833 612 Stellae

184 627 230 663 in
246 625 442 663 inferiori
458 637 595 663 cornu
608 625 879 673 Capricorni,
893 625 931 663 &
943 626 1190 664 Latitudine
1203 626 1394 664 eiusdem
1405 627 1448 664 P.
1461 627 1497 665 7.
1510 627 1573 664 M.
1585 627 1639 671 41,
1657 625 1834 665 adiec‘tis

184 678 383 716 videlicet
394 679 530 716 tribus
542 679 746 727 gradibus
758 679 813 717 ad
826 678 970 717 Stellae
983 679 1290 723 Latitudinem,
1307 685 1483 727 propter
1497 680 1672 718 causam
1688 680 1833 727 supra-

185 730 356 776 dic'tam,
380 743 512 779 quem
531 732 808 779 repraesentat
825 732 871 776 B,
894 732 1021 770 datur
1037 743 1090 769 ex
1107 731 1352 770 differentia
1368 733 1725 780 Longitudinum,
1742 734 1833 771 An-

184 785 312 833 gulus
332 785 365 822 F
367 785 407 822 A
416 785 462 829 E,
483 785 527 823 P.
543 785 606 823 20.
629 785 692 823 Μ.
710 785 773 829 53,
795 787 871 832 qui
891 785 1144 832 aequipollet
1165 786 1342 833 Angulo
1365 786 1504 830 CAB,
1527 788 1572 823 in
1592 786 1833 834 Triangulo

184 837 330 883 CAB;
351 838 485 876 Latus
501 838 595 882 AC,
617 838 990 886 complementum
1011 838 1270 876 Latitudinis
1291 839 1490 877 Cometae
1512 839 1567 877 est
1587 840 1630 877 P.
1647 840 1701 878 81.
1723 840 1786 878 M.
1804 840 1831 884 1,

181 891 265 929 AB
287 903 392 929 vero
413 891 456 929 P.
478 892 542 930 82.
564 892 627 930 M.
650 892 704 937 19,
728 891 1102 939 complementum
1124 892 1384 930 Latitudinis
1409 892 1506 936 loci,
1529 892 1676 930 versus
1699 905 1833 940 quem

182 944 385 992 vergebat
401 945 544 983 cauda
559 945 772 983 Cometae.
794 945 907 992 Ergo
924 956 977 982 ex
993 944 1166 983 duobus
1182 945 1409 983 Lateribus
1426 947 1607 993 cognitis
1624 957 1724 984 cum
1740 946 1831 984 An-

181 997 284 1046 gulo
308 997 635 1046 comprehenso,
661 999 788 1036 datur
810 1010 887 1046 per
909 997 1250 1046 Triangulorum
1274 998 1601 1045 Sphaericorum
1626 1001 1830 1043 rationes,

183 1051 317 1089 Latus
340 1051 432 1095 BC,
458 1051 501 1089 P.
517 1051 581 1090 20.
605 1051 668 1089 M.
686 1051 749 1095 42,
773 1051 811 1089 &
834 1063 888 1089 ex
911 1052 1116 1089 omnibus
1138 1051 1275 1089 tribus
1298 1052 1525 1090 Lateribus
1548 1054 1674 1095 notis,
1699 1054 1831 1090 etiarn

184 1104 390 1143 constabit
405 1104 607 1152 Angulus
623 1104 765 1149 ABC,
782 1104 825 1142 Ρ.
842 1104 904 1143 84.
923 1104 986 1142 M.
1004 1105 1066 1143 55.
1089 1104 1239 1151 Quare
1255 1107 1301 1143 in
1316 1105 1557 1153 Triangulo
1574 1105 1712 1149 BDE‚
1734 1118 1830 1153 pro-

184 1155 313 1196 ducla
321 1157 520 1196 videlicet
529 1157 604 1196 BC
616 1159 662 1195 in
673 1158 988 1201 antecedentia,
1001 1157 1133 1205 idque
1145 1158 1412 1205 respiciendo
1424 1161 1651 1206 proprium
1662 1159 1830 1203 Polum,

184 1211 324 1249 donec
336 1210 555 1258 Eclipticae
572 1216 770 1249 occurrat
785 1213 831 1249 in
847 1211 902 1255 D,
920 1223 973 1249 ex
989 1213 1161 1259 cognito
1173 1212 1351 1259 Angulo
1364 1211 1491 1250 CBA
1508 1211 1680 1250 dabitur
1692 1212 1830 1255 DBE,

184 1266 341 1311 prioris
356 1264 556 1302 videlicet
571 1264 944 1312 complementum
959 1265 1015 1302 ad
1029 1264 1374 1303 Semicirculum.
1393 1265 1597 1312 Cumque
1610 1265 1743 1303 Latus
1755 1266 1788 1303 B
1798 1265 1832 1303 E

185 1317 355 1361 constet,
377 1317 415 1355 &
436 1319 472 1355 is
493 1320 568 1365 qui
584 1318 640 1356 ad
656 1318 690 1356 E
706 1317 752 1356 fit
768 1317 934 1362 Rectus,
956 1329 1047 1355 non
1067 1317 1215 1356 latebit
1230 1318 1572 1366 Triangulorum
1589 1318 1831 1366 Sphaerico-

183 1382 283 1408 rum
298 1382 485 1419 gnarum
500 1371 703 1419 Angulus
719 1371 858 1415 BDE‚
875 1371 918 1409 P.
931 1371 967 1409 9.
981 1371 1044 1409 M.
1057 1371 1120 1415 35,
1138 1374 1213 1418 qui
1229 1371 1327 1409 satis
1344 1373 1540 1419 congruit
1557 1383 1657 1409 cum
1674 1383 1738 1416 eo,
1756 1374 1831 1419 qui

183 1435 210 1462 a
226 1423 263 1462 C
279 1435 357 1471 per
373 1424 419 1462 H
436 1424 615 1463 Stellam
631 1425 815 1462 Veneris
836 1424 1087 1469 ducebatur,
1109 1424 1188 1462 fuit
1209 1427 1328 1463 enim
1348 1425 1403 1463 ad
1424 1430 1596 1472 tempus
1617 1425 1830 1463 Obserua-

182 1478 326 1521 tionis‚
351 1479 474 1516 iuxta
497 1489 707 1515 numeros
733 1477 1051 1516 COPERNICI
1077 1478 1146 1526 (ijs
1172 1480 1290 1515 enim
1315 1480 1459 1525 potius
1484 1480 1543 1516 vti
1568 1478 1699 1522 lubet,
1725 1490 1830 1516 nam

183 1529 428 1569 differentia
450 1542 551 1578 quae
575 1531 629 1569 est
652 1533 763 1569 inter
778 1530 1104 1578 Alphonfinum
1124 1531 1343 1569 calculum
1367 1531 1405 1569 &
1427 1531 1557 1576 hunc,
1582 1543 1675 1569 rem
1695 1543 1830 1579 quam

182 1584 450 1622 intendimus
472 1581 806 1634 insenfi-Hbiliter
827 1583 984 1630 variat)
1009 1587 1035 1627 Q
1059 1586 1104 1622 in
1127 1584 1169 1622 P.
1189 1585 1243 1622 19.
1265 1585 1328 1622 M.
1345 1585 1397 1623 46
1421 1589 1462 1627 22
1488 1585 1540 1627 K,
1565 1585 1602 1622 8(
1626 1585 1828 1623 Latitudo

182 1638 288 1680 eius,
312 1637 355 1675 P.
371 1637 408 1675 2.
426 1637 489 1675 M.
507 1637 548 1675 12
569 1637 668 1675 Bor.
686 1637 791 1675 KH.
816 1637 965 1683 Quare
989 1649 1042 1675 ex
1065 1637 1162 1675 loco
1186 1637 1385 1676 Cometae
1408 1640 1529 1685 prius
1552 1639 1766 1685 assignato,
1792 1638 1829 1676 &

181 1701 299 1728 nunc
322 1690 377 1728 ad
398 1690 616 1728 Venerem
637 1696 891 1738 comparato
914 1690 1174 1728 habebimus
1197 1693 1243 1728 in
1263 1691 1502 1739 Triangulo
1523 1691 1671 1735 HAC,
1696 1692 1828 1729 Latus

181 1743 288 1788 HA,
305 1743 348 1781 P.
365 1743 428 1782 87.
446 1743 509 1781 M.
526 1744 589 1788 48,
607 1744 979 1791 complementum
995 1744 1256 1782 Latitudinis
1272 1745 1467 1787 Veneris,
1485 1744 1578 1788 AC,
1596 1745 1638 1782 P.
1651 1745 1705 1783 81.
1724 1744 1786 1782 M.
1800 1745 1827 1789 l,

180 1801 224 1834 vt
244 1798 376 1844 prius,
399 1797 771 1844 complementum
789 1797 1049 1835 Latitudinis
1067 1797 1277 1841 Cometae,
1300 1798 1487 1845 ideoque
1509 1809 1609 1835 curn
1625 1798 1828 1846 Angulus

181 1861 234 1887 ex
246 1849 492 1888 differentia
504 1850 849 1898 Longitudinum
860 1850 1199 1897 comprehensus
1211 1851 1380 1894 constet,
1394 1850 1542 1895 HAG,
1554 1851 1597 1889 P.
1610 1852 1673 1889 77.
1687 1851 1750 1889 M.
1763 1851 1826 1895 29,

106 1914 110 1922 ¹
180 1903 353 1941 dabitur
365 1903 469 1948 HC,
486 1904 528 1941 P.
541 1904 604 1942 77.
617 1904 681 1941 M.
695 1904 748 1947 18,
766 1903 1081 1951 repraesentans
1092 1916 1180 1942 vna
1196 1904 1568 1951 intercapedinem
1583 1908 1610 1948 Q
1626 1904 1663 1942 8(
1675 1906 1827 1952 capitis

109 2129 142 2155 35

107 2395 141 2420 40

180 1956 396 2000 Cometae;
413 1957 616 2005 Angulus
632 1959 780 2004 itaque
797 1968 850 1994 ex
866 1957 1000 1995 tribus
1017 1959 1198 2005 cognitis
1209 1958 1437 1996 Lateribus
1451 1969 1542 1995 non
1557 1957 1827 2005 ignorabitur

179 2009 332 2054 AHC,
349 2010 392 2048 P.
404 2010 458 2048 81.
472 2010 535 2048 M.
549 2011 602 2048 17.
620 2010 770 2056 Quare
787 2012 832 2048 in
843 2010 1083 2058 Triangulo
1096 2011 1251 2055 DHK,
1268 2011 1471 2058 Angulus
1483 2011 1524 2048 D
1534 2011 1627 2049 HK
1641 2011 1825 2058 aequalis

179 2063 319 2101 AHC
336 2063 554 2107 constabit,
576 2063 709 2101 Latus
724 2075 829 2101 vero
846 2063 940 2101 HK
961 2064 1015 2101 est
1036 2063 1125 2111 ipsa
1141 2064 1343 2102 Latitudo
1360 2064 1554 2108 Veneris,
1576 2065 1619 2102 P.
1636 2064 1672 2102 2.
1690 2065 1753 2102 M.
1771 2065 1824 2102 12.

181 2116 385 2163 Cumque
401 2118 437 2154 is
453 2118 528 2164 qui
544 2116 599 2155 ad
616 2117 655 2154 K
671 2116 717 2154 fit
734 2116 900 2159 Rectus,
916 2122 1062 2164 vtpote
1079 2128 1131 2155 ex
1147 2117 1254 2155 Polo
1270 2117 1332 2155 sui
1350 2117 1527 2162 Circuli,
1546 2129 1637 2155 non
1654 2119 1824 2165 ignora-

178 2169 293 2207 bitur
303 2169 507 2217 Angulus
519 2170 614 2207 HD
623 2170 675 2213 K,
692 2172 883 2217 partium
894 2172 1093 2217 proxime
1105 2171 1141 2214 9,
1155 2170 1192 2208 8(
1204 2173 1309 2218 quia
1320 2171 1523 2218 Angulus
1535 2171 1581 2208 H
1590 2171 1630 2208 D
1639 2171 1690 2215 K,
1707 2171 1824 2209 idem

179 2222 234 2260 est
256 2234 357 2260 cum
377 2223 555 2271 Angulo
572 2223 714 2267 CDE,
738 2225 815 2261 erit
836 2223 1066 2261 Inclinatio
1085 2223 1250 2261 Circuli
1272 2226 1432 2272 magni,
1457 2226 1531 2271 qui
1555 2225 1726 2262 ducitur
1748 2236 1825 2271 per

179 2281 307 2323 caput
330 2276 529 2314 Cometae
552 2276 590 2314 8(
614 2276 832 2314 Venerem
855 2276 910 2314 ad
934 2276 1200 2324 Eclipticam,
1224 2279 1414 2324 partium
1436 2280 1635 2324 proxime
1659 2277 1694 2319 9,
1719 2280 1823 2324 quia

178 2340 283 2366 vero
303 2331 339 2367 is
360 2331 435 2377 qui
454 2329 708 2368 trahebatur
730 2332 850 2377 prius
873 2341 899 2367 a
923 2330 1063 2368 cauda
1086 2341 1162 2377 per
1185 2336 1314 2378 caput
1334 2333 1380 2368 in
1401 2330 1666 2378 Eclipticam,
1691 2332 1823 2368 etiam

178 2387 269 2420 erat
291 2384 481 2430 partium
503 2383 550 2422 93
572 2385 784 2430 proxime,
808 2382 1084 2421 manifestum
1107 2384 1265 2428 euadit,
1289 2384 1477 2422 caudam
1499 2389 1715 2432 caputque
1737 2383 1821 2422 Co—

176 2440 319 2480 metae,
340 2436 531 2474 eandem
547 2436 636 2474 fere
654 2437 710 2474 ad
727 2436 980 2484 Eclipticam
1001 2436 1134 2474 fecisse
1151 2437 1498 2481 Inclinationem,
1521 2449 1656 2485 quam
1672 2437 1822 2475 Venus

178 2487 216 2526 &
240 2494 369 2537 caput
388 2489 605 2528 -Cometae.
635 2489 913 2537 Quapropter
937 2490 1167 2528 necessario
1193 2490 1395 2538 sequitur,
1422 2491 1605 2529 Veneris
1631 2490 1820 2534 Stellam,

1692 2549 1821 2591 caput
