2209 3213
153 807 183 832 10

131 854 196 885 356

152 1073 181 1098 15

147 1339 181 1364 20

147 1606 180 1630 25

146 1871 180 1896 30

146 2137 179 2163 35

147 2403 181 2428 40

130 2451 193 2482 357

542 211 1064 252 RECENTIORIBUS
1084 213 1544 253 PHAENOMENIS
1789 213 1865 253 287

223 318 403 365 dignum
418 317 509 361 fuit,
526 329 684 365 nempe
698 318 896 356 Cometae
908 320 1158 358 Parallaxin
1174 332 1264 358 non
1281 326 1447 359 tantam
1463 322 1709 368 prouenire,
1727 321 1796 358 vel
1813 332 1865 358 ex

222 370 319 418 ipsis
339 370 551 408 Authoris
572 370 974 417 obseruationibus,
997 378 1040 411 vt
1062 373 1342 411 sublunarem
1363 374 1451 411 vllo
1474 374 1607 412 modo
1628 374 1743 412 fuisse
1765 386 1864 411 con-

222 425 435 462 uincatur.

275 476 406 514 Nunc
426 488 531 514 vero
551 477 607 515 ad
627 477 817 514 aliorum
836 477 1081 525 Opiniones
1101 479 1344 523 diluendas,
1366 482 1441 527 qui
1462 481 1578 518 idem
1598 481 1863 518 asseueraue—

221 534 334 573 runt,
354 529 667 567 transeundum
683 529 808 568 foret:
831 530 908 568 nisi
925 531 962 569 8(
978 531 1091 570 alius
1107 533 1288 579 quidam
1305 533 1444 576 Liber,
1464 545 1596 580 quem
1611 533 1864 571 Thaddaeus

221 583 273 621 de
294 582 377 620 hac
397 582 486 630 ipsa
506 585 690 621 materia
710 583 854 630 postea
872 583 1124 631 publicauit,
1145 587 1190 622 in
1207 597 1295 632 quo
1312 586 1499 624 eandem
1515 586 1660 624 adhuc
1676 588 1787 624 tueri
1803 588 1863 624 vi-

221 636 345 674 detur
361 635 643 679 Sententiam,
665 638 778 674 circa
798 636 928 683 ipsius
947 637 1106 684 placita
1122 638 1372 676 vlteriorem
1393 651 1474 677 nos
1489 651 1662 677 moram
1678 639 1862 682 trahere,

220 691 437 727 inuitaret.
454 689 518 727 Ea
533 691 661 736 igitur
676 701 777 736 quae
789 689 872 727 hoc
885 692 1017 728 etiam
1029 690 1207 734 Libello,
1225 697 1441 738 quantum
1453 693 1507 730 ad
1520 692 1652 730 huius
1665 692 1862 730 Cometae

220 741 610 845 conficlllerationem
626 744 788 785 attinet,
810 745 1026 790 proponit,
1044 755 1132 791 qua
1148 743 1242 781 fieri
1259 744 1390 791 potest
1406 745 1630 788 breuitate,
1648 746 1862 793 expende-

220 807 330 833 mus.

274 848 434 896 Prodijt
450 848 533 886 hoc
549 848 737 886 alterum
753 849 823 895 (de
836 861 924 896 quo
935 849 1110 896 loquor)
1128 849 1357 897 Scriptum,
1374 850 1448 889 sub
1460 851 1585 889 titulo
1598 851 1796 899 Epistolae
1808 852 1864 890 ad

221 901 466 940 Martinum
484 902 687 950 Mylium,
710 904 755 940 in
776 914 864 949 qua
880 902 1115 940 Michaelis
1132 903 1354 948 Moestlini,
1376 903 1413 941 8(
1432 904 1612 942 Helisaei
1628 905 1795 943 Roeslin
1811 905 1864 943 de

220 955 406 993 Cometa
431 954 515 993 hoc
538 955 774 993 Sententiae
797 957 1119 994 examinantur.
1146 956 1347 995 Conatur
1371 962 1520 995 autem
1542 957 1794 996 Thaddaeus
1819 960 1864 996 in

219 1007 303 1046 hoc
318 1008 466 1046 multis
482 1008 725 1046 rationibus
737 1008 946 1046 Moestlini
963 1009 1122 1056 placita
1137 1011 1183 1047 in
1198 1010 1382 1047 dubium
1398 1022 1568 1054 vocare,
1586 1009 1864 1049 labefactare-

219 1073 317 1108 que.
328 1061 378 1099 Et
388 1061 485 1099 licet
494 1073 820 1109 nonnunquam
827 1062 1109 1110 Argumentis
1120 1068 1262 1100 vtatur
1271 1062 1369 1101 satis
1378 1063 1561 1107 idoneis,
1571 1069 1719 1102 tamen
1730 1064 1865 1111 (quod

218 1126 325 1162 pace
346 1117 499 1162 optimi
518 1116 606 1153 mei
626 1115 771 1153 Amici
792 1115 994 1162 dixerim)
1016 1127 1108 1153 non
1127 1118 1254 1153 toties
1274 1118 1418 1160 vincit,
1440 1118 1610 1164 quoties
1630 1117 1670 1155 se
1691 1119 1865 1155 vincere

219 1168 363 1206 credit.

272 1220 635 1260 obseruationem
651 1221 834 1266 filarem,
851 1233 939 1268 qua
955 1221 1053 1260 vsus
1070 1222 1124 1259 est
1137 1221 1397 1266 Moestlinus,
1415 1222 1486 1260 6111
1502 1234 1593 1260 11011
1610 1224 1864 1261 omnimode

217 1274 551 1321 approbandam
571 1274 696 1312 facile
712 1274 775 1312 illi
791 1275 1044 1319 concedam,
1065 1287 1209 1323 neque
1231 1274 1536 1314 exactissimam
1552 1276 1863 1323 praecifionem,

218 1328 273 1365 ob
299 1327 449 1366 causas
474 1332 616 1372 antea,
642 1328 747 1366 dum
773 1327 983 1366 Moestlini
1009 1328 1225 1376 Scriptum
1250 1335 1512 1373 excuterem,
1538 1330 1763 1373 indicatas,
1789 1342 1865 1377 per

217 1381 332 1419 hanc
349 1381 534 1428 praeberi
549 1381 647 1419 satis
662 1380 931 1429 perspectum
947 1381 1149 1425 habeam,
1169 1381 1460 1420 nihilominus
1477 1384 1580 1430 quia
1597 1383 1768 1421 idoneis
1785 1383 1864 1421 Or-

216 1436 340 1482 ganis
357 1434 662 1472 destituebatur
679 1434 939 1479 Moestlinus,
960 1446 1037 1482 per
1055 1435 1170 1473 hanc
1186 1435 1456 1473 adminiculo
1472 1435 1534 1473 fili
1551 1435 1709 1474 factam
1725 1438 1863 1474 anim-

217 1487 521 1525 aduerfionem
537 1487 778 1534 explorare,
796 1499 896 1526 cum
913 1487 1071 1535 quibus
1083 1488 1116 1526 F
1118 1490 1199 1526 ixis
1212 1488 1399 1527 Cometa
1415 1489 1508 1527 esset
1524 1491 1570 1526 in
1586 1501 1673 1527 vno
1686 1489 1864 1528 Circulo

217 1552 391 1588 magno,
415 1546 546 1588 atque
569 1540 671 1579 hinc
695 1543 789 1579 eius
811 1541 958 1579 locum
981 1541 1270 1580 Arithmetico
1293 1542 1462 1580 calculo
1485 1544 1706 1590 inquirere
1730 1555 1864 1590 quam

217 1596 428 1641 proxime,
450 1594 512 1631 illi
533 1594 863 1632 concedebatur.
886 1594 1018 1641 Quod
1034 1595 1105 1632 vbi
1122 1595 1177 1633 ad
1193 1595 1298 1633 bina
1314 1595 1484 1633 diuersa
1503 1601 1714 1643 tempora,
1736 1598 1863 1634 inter-

217 1647 344 1694 lapfis
365 1647 532 1694 aliquot
549 1647 698 1691 Horis,
720 1647 996 1695 exploratum
1018 1647 1209 1692 haberet,
1230 1651 1377 1696 vtique
1394 1650 1439 1686 in
1456 1649 1736 1687 Parallaxeos
1757 1652 1863 1693 eius,

217 1700 246 1738 11
266 1712 358 1738 11011
379 1699 589 1744 6113613111,
610 1700 760 1738 saltem
780 1701 1020 1748 aliqualem
1036 1701 1074 1739 &
1090 1713 1194 1739 vero
1215 1704 1464 1749 proximam
1483 1704 1777 1750 cognitionem
1793 1703 1863 1741 de-

217 1756 369 1792 uenire
392 1756 543 1801 potuit,
568 1754 834 1792 conferendo
854 1754 1053 1792 videlicet
1073 1754 1245 1792 cursum
1268 1757 1435 1793 interea
1457 1761 1742 1803 apparentem
1763 1767 1864 1794 cum

216 1812 340 1845 motu
349 1807 508 1845 diurno
518 1819 634 1845 vero.
648 1807 699 1845 Et
710 1807 739 1844 fi
751 1812 918 1845 tantam
927 1807 1148 1846 admifisset
1159 1808 1345 1846 Cometa
1355 1807 1549 1855 aspectus
1559 1808 1862 1853 diuerfitatem,

217 1864 261 1898 vt
276 1860 390 1898 infra
406 1861 580 1898 Lunam
596 1872 699 1898 eum
715 1860 911 1898 constitui
927 1861 1087 1899 necesse
1104 1860 1225 1905 foret,
1245 1866 1357 1899 certe
1375 1873 1428 1899 ex
1444 1861 1526 1900 hac
1543 1861 1632 1900 sola
1647 1874 1724 1910 per
1740 1862 1865 1900 filum

217 1912 479 1961 inspectione
500 1913 598 1952 satis
618 1914 661 1952 id
683 1914 909 1952 euidenter
932 1914 1283 1953 animaduertere
1307 1914 1438 1953 licuit.
1463 1915 1556 1953 Imo
1579 1917 1710 1954 etiam
1732 1927 1754 1953 e
1776 1915 1866 1953 solo

217 1966 385 2005 oculari
400 1969 572 2011 intuitu,
589 1966 720 2005 ficubi
731 1969 806 2004 vni
817 1967 887 2004 vel
902 1967 1026 2005 alteri
1042 1967 1277 2006 affixarum
1289 1968 1523 2006 Stellarum
1539 1970 1865 2016 appropinqua—

217 2025 291 2064 ret,
308 2020 424 2058 idem
441 2020 634 2068 diligenti
650 2020 845 2058 adhibita
861 2019 1136 2067 inspectione,
1153 2021 1478 2069 peruestigabile
1496 2027 1599 2060 erat.

270 2073 426 2111 Fateor
442 2074 632 2121 quidem,
650 2073 923 2111 Moestlinum
935 2076 980 2111 in
991 2075 1274 2122 Apparentijs
1286 2074 1419 2112 huius
1432 2074 1631 2113 Cometae
1644 2075 1865 2114 ostenden-

218 2126 294 2170 dis,
312 2138 404 2164 non
414 2127 538 2165 vsum
553 2126 669 2165 fuisse
686 2125 885 2165 correctis
902 2126 1137 2165 affixarum
1153 2127 1272 2172 locis,
1290 2139 1378 2175 qua
1394 2130 1440 2166 in
1456 2133 1589 2175 parte,
1607 2130 1739 2167 etiam
1755 2129 1865 2177 plus,

218 2191 352 2226 quam
377 2179 630 2218 Thaddaeus
654 2180 717 2217 illi
742 2182 938 2227 imputat,
965 2180 1182 2227 deliquisse
1207 2181 1389 2219 videtur.
1419 2181 1501 2219 Etfi
1525 2193 1631 2220 vero
1656 2181 1750 2220 fieri
1775 2194 1866 2220 non

217 2235 367 2280 potuit,
389 2238 431 2271 vt
447 2235 541 2271 eius
558 2233 860 2271 Phaenomena
876 2232 1024 2271 exac‘te
1041 2235 1100 2271 ita
1115 2234 1443 2278 innotescerent,
1467 2247 1555 2282 quo
1571 2235 1866 2283 vndequaque

217 2286 291 2324 fibi
308 2286 562 2331 constarent,
579 2286 657 2324 nifi
673 2286 711 2324 8(
727 2286 961 2325 Stellarum
977 2286 1149 2334 positus,
1167 2287 1281 2325 vnde
1297 2288 1373 2326 illa
1389 2288 1715 2333 deriuabantur‚
1736 2294 1867 2327 antea

218 2339 273 2377 ad
289 2340 485 2377 amussim
501 2340 676 2377 restituti
697 2339 873 2383 fuissent,
896 2339 1186 2378 nihilominus
1203 2346 1419 2388 quantum
1435 2342 1490 2379 ad
1507 2341 1757 2380 Parallaxin
1774 2344 1866 2380 3111-

219 2398 303 2437 net,
321 2404 343 2430 6
360 2393 593 2431 Stellarum
609 2393 715 2431 locis
733 2395 864 2431 etiam
881 2405 973 2431 non
988 2393 1086 2431 satis
1103 2393 1310 2441 exquisite
1326 2396 1520 2442 cognitis,
1541 2406 1600 2432 an
1616 2395 1867 2433 euidentem

219 2446 415 2493 aliquam
432 2443 692 2496 obn-flueret,
710 2447 979 2494 indagationi
995 2448 1133 2494 patuit
1148 2446 1284 2485 locus.
1303 2447 1419 2485 Cum
1433 2450 1551 2485 enim
1563 2448 1713 2495 ijsdem
1725 2448 1868 2486 Stellis

218 2505 420 2544 meretur,
436 2505 526 2538 tam
543 2502 587 2538 in
604 2500 761 2543 altiori,
778 2511 914 2547 quam
931 2499 1158 2538 decliuiori
1172 2500 1371 2540 Cornetae
1383 2500 1473 2544 11111,
1490 2501 1528 2538 8(
1545 2501 1699 2541 fimilia
1711 2513 1865 2540 earun-

1765 2555 1864 2592 dem
