2209 3213
356 226 432 264 320
848 222 931 261 DE
953 220 1177 261 MUNDI
1198 219 1499 260 AETHEREI

358 333 598 369 Horizonte
616 330 742 367 Hora
758 329 792 366 4.
811 328 873 365 M.
890 328 926 371 3,
948 327 1061 365 vnde
1082 327 1271 374 sequitur
1291 325 1598 365 tantummodo
1619 326 1763 374 elapsa
1781 327 1804 365 7
1822 329 1993 365 minuta

356 386 559 430 temporis
585 382 673 429 post
695 382 806 419 Solis
830 380 1088 424 descensum,
1115 380 1294 427 quando
1316 379 1542 417 verticales
1565 378 1764 418 Cometae
1787 379 1825 417 8(
1848 380 1993 418 Stellae

356 436 740 482 coniungebantur.
762 435 897 481 Atqui
917 438 1007 471 tam
1027 433 1164 470 subito
1184 433 1274 480 post
1295 434 1388 470 eius
1408 432 1733 470 absconfionem
1753 433 1898 471 nullas
1919 445 1992 481 ap-

356 500 505 535 parere
532 488 697 531 Stellas,
727 498 782 524 ne
808 487 985 534 quidem
1010 485 1262 533 insigniores
1288 486 1475 533 (excipio
1501 485 1674 523 Lunam
1700 485 1738 523 8(
1762 486 1992 530 Venerem,

356 552 676 587 nonnunquam
693 542 823 577 etiam
840 540 992 577 Iouem
1009 539 1046 576 8(
1063 539 1255 577 Martem
1275 539 1454 586 quando
1474 538 1569 576 sunt
1585 538 1840 585 Acronichi)
1861 550 1993 577 nemo

355 595 409 631 est
430 596 503 641 qui
524 596 700 640 ignoret.
724 593 961 639 Quomodo
981 594 1128 639 itaque
1146 592 1216 629 vel
1233 592 1418 630 Cometa
1438 591 1679 629 admodum
1699 591 1935 630 rarefadius
1956 591 1995 630 8(

355 647 488 689 exilis,
510 647 578 683 vel
600 648 731 683 etiam
747 646 879 683 Stella
895 645 969 683 illa
985 645 1141 692 Pegasi,
1163 656 1263 692 quae
1279 644 1429 683 saltem
1444 646 1580 682 tertiae
1598 644 1652 682 est
1667 645 1993 692 magnitudinis,

354 707 454 737 tunc
476 700 586 736 adeo
606 697 844 746 speciabilis
865 697 981 736 erat?
1001 698 1146 736 Taceo
1168 709 1297 742 nunc,
1319 698 1438 745 quod
1454 697 1509 735 ob
1525 696 1830 735 refractionem
1845 698 1995 746 aliqua

354 753 496 790 adhuc
521 752 733 799 particula
758 752 869 789 Solis
894 751 1022 798 supra
1045 750 1266 789 finitorem
1291 752 1456 789 extarit.
1483 751 1602 788 Nam
1625 752 1770 797 quinis
1792 751 1862 789 vel
1883 750 1995 789 senis

353 806 561 852 scrupulis
579 811 775 842 centrum
791 804 903 842 Solis
918 804 1084 842 tardius
1100 804 1393 842 Horizontem
1409 804 1518 841 subit
1535 803 1792 848 occiduum,
1812 803 1850 841 8(
1869 806 1994 842 citius

353 861 398 896 in
411 858 566 896 Ortiuo
579 869 797 906 emergere
810 858 991 901 videtur,
1009 869 1144 904 quam
1159 869 1316 895 reuera
1327 859 1433 895 citra
1445 855 1764 895 Refradtionem
1776 859 1994 905 contingit,

354 918 396 949 vt
408 923 487 948 nos
499 911 729 958 aliquoties
742 911 870 949 Coelo
886 911 1117 958 purissimo,
1134 910 1305 949 idoneis
1321 910 1525 949 adhibitis
1541 910 1831 955 adminiculis,
1849 911 1995 958 explo-

355 966 562 1002 rauimus.
580 964 711 1010 Quod
727 964 756 1001 fi
773 964 810 1001 8(
826 964 897 1001 hic
913 964 1060 1002 locum
1072 964 1270 1002 Cometae
1282 976 1309 1002 a
1320 963 1510 1002 Sculteto
1521 962 1891 1011 praesuppofitum‚
1907 975 1996 1002 vna

356 1029 455 1055 cum
466 1017 595 1064 ipfius
604 1017 862 1055 Ascenfione
875 1016 1004 1055 Redta
1014 1017 1052 1055 8(
1061 1017 1380 1061 Declinatione‚
1393 1016 1693 1055 adhibendum
1705 1018 1849 1064 potius
1861 1028 1996 1064 quam

355 1071 557 1114 nostrum,
584 1070 824 1119 obijciatur,
850 1070 1139 1108 nihilominus
1164 1070 1202 1108 8(
1227 1070 1311 1108 hoc
1336 1071 1539 1115 concesso‚
1567 1072 1856 1108 intentionem
1881 1069 1996 1108 hanc

2036 819 2066 844 10

2037 1085 2067 1110 15

355 1125 410 1161 ad
433 1120 447 1173 ΙΙ
470 1124 585 1162 idem
608 1124 797 1162 recidere
820 1124 1056 1171 apparebit.
1080 1124 1274 1162 Assumta
1297 1125 1416 1161 enim
1435 1123 1566 1171 ipfius
1585 1122 1845 1161 Ascenfione
1866 1122 1997 1161 Recta
2020 1132 2085 1163 402

356 1177 398 1214 P.
415 1177 503 1214 330.
525 1177 587 1215 M.
605 1177 667 1221 58,
689 1177 727 1214 8(
747 1177 1066 1221 Declinatione,
1087 1177 1130 1215 P.
1152 1177 1205 1215 19.
1228 1177 1291 1215 M.
1310 1177 1373 1221 22,
1395 1177 1448 1215 de
1469 1176 1628 1224 quibus
1647 1176 1776 1224 supra
1795 1176 1896 1220 dixi,
1918 1179 1997 1214 erit

356 1232 546 1277 primum
557 1232 602 1267 in
613 1230 852 1278 Triangulo
864 1230 1003 1275 DAC,
1020 1231 1153 1268 Latus
1164 1230 1259 1275 AC,
1275 1230 1318 1268 P.
1331 1230 1383 1268 61.
1397 1230 1460 1268 M.
1473 1231 1536 1273 57,
1552 1235 1596 1267 vt
1607 1232 1740 1277 prius,
1756 1230 1860 1274 AD,
1876 1230 1919 1268 P.
1932 1230 1994 1268 70.

357 1283 418 1320 M.
436 1283 498 1325 38,
519 1283 720 1331 Angulus
736 1283 875 1327 DAC,
897 1283 939 1321 P.
956 1284 992 1321 4.
1010 1283 1073 1321 M.
1090 1284 1153 1327 49,
1171 1283 1209 1321 8(
1225 1284 1280 1322 ob
1296 1284 1339 1322 id
1355 1284 1489 1322 Latus
1505 1282 1605 1328 DC,
1627 1283 1670 1321 P.
1687 1283 1723 1321 9.
1740 1283 1803 1321 M.
1820 1283 1884 1327 44,
1904 1284 1995 1321 An-

355 1336 563 1384 gulusque
584 1336 731 1381 ADC,
754 1336 808 1375 G.
829 1337 892 1375 25.
914 1337 977 1374 Μ.
998 1338 1083 1381 57ὲ,
1108 1336 1146 1374 8(
1168 1337 1325 1375 deinde
1347 1336 1721 1384 perpendicularis
1740 1336 1833 1380 AF,
1858 1336 1913 1375 G.
1932 1336 1994 1374 24.

356 1389 418 1427 M.
436 1389 520 1433 233⁷,
542 1390 634 1434 FD,
656 1390 698 1428 P.
715 1390 777 1428 68.
796 1390 858 1428 M.
876 1390 938 1433 39,
958 1395 1088 1437 atque
1104 1390 1306 1438 Angulus
1322 1390 1460 1435 FAD,
1478 1390 1520 1428 P.
1537 1390 1600 1428 80.
1617 1389 1680 1427 M.
1697 1389 1760 1428 50.
1782 1389 1997 1428 Praeterea

356 1442 441 1487 FB,
462 1443 504 1480 P.
522 1442 575 1480 31.
593 1443 656 1480 Μ.
673 1443 736 1487 52,
754 1442 791 1480 8(
806 1443 1009 1491 Angulus
1026 1443 1100 1481 FA
1109 1444 1155 1488 Β,
1174 1444 1228 1482 G.
1245 1444 1308 1482 56.
1326 1444 1389 1482 M.
1406 1443 1470 1488 25,
1492 1445 1567 1491 qui
1582 1441 1820 1481 subtractus
1837 1454 1890 1481 ex
1905 1443 1996 1481 An-

355 1496 456 1543 gulo
473 1496 547 1533 FA
556 1496 609 1540 D,
626 1496 830 1543 relinquit
846 1496 1073 1544 Angulum
1090 1496 1217 1534 DAB
1235 1499 1468 1545 cognitum,
1487 1497 1541 1534 G.
1554 1496 1616 1534 24.
1630 1496 1693 1534 M.
1706 1496 1769 1541 25,
1786 1498 1862 1544 qui
1878 1507 1995 1544 quae-

355 1549 544 1592 rebatur;
561 1549 679 1596 isque
696 1549 938 1587 distantiam
953 1550 1151 1588 Cometae
1165 1562 1192 1588 a
1206 1550 1472 1594 Meridiano,
1488 1549 1804 1598 praesuppofitis
1821 1549 1997 1588 Sculteti

355 1602 472 1646 locis,
493 1604 678 1645 metitur.
700 1602 928 1650 differtque
949 1615 976 1641 a
995 1605 1139 1651 priore
1159 1605 1282 1642 iuxta
1299 1603 1463 1642 nostras
1479 1605 1671 1641 rationes
1687 1605 1882 1647 inuento,
1903 1608 1996 1641 tan-

355 1656 582 1693 tummodo
603 1656 643 1694 17
664 1655 885 1703 scrupulis.
907 1656 1039 1703 Sique
1060 1657 1116 1695 ad
1131 1656 1440 1695 Ascenfionem
1461 1655 1638 1694 Rectam
1656 1656 1855 1694 Cometae
1875 1658 1997 1694 iuxta

356 1708 493 1755 ipsum
516 1709 558 1746 P.
579 1708 668 1747 330.
691 1709 753 1747 M.
775 1709 838 1753 58,
861 1709 1058 1754 addatur,
1081 1712 1312 1757 proueniet
1333 1710 1536 1748 Ascenfio
1560 1708 1690 1747 Red'ta
1711 1709 1842 1757 medij
1868 1709 1996 1754 Coeli,

357 1761 411 1799 G.
430 1761 518 1799 355.
541 1762 603 1800 M.
622 1762 684 1806 23,
705 1762 840 1800 ferme
862 1774 962 1800 cum
982 1765 1116 1810 priori
1136 1763 1279 1802 nostra
1300 1765 1582 1808 conuenienS,
1604 1765 1829 1810 quaternis
1848 1762 1997 1801 saltem

355 1814 563 1861 scrupulis
584 1826 637 1853 ea
656 1817 812 1860 minor,
834 1827 934 1863 quae
954 1818 1000 1853 in
1020 1822 1215 1864 tempore
1235 1816 1347 1854 nihil
1366 1819 1614 1864 important.
1639 1816 1827 1854 Nullum
1849 1818 1996 1863 itaque

355 1867 487 1905 subest
508 1869 701 1912 dubium,
723 1871 829 1916 quin
846 1869 974 1907 Hora
988 1870 1025 1907 4.
1042 1870 1105 1907 M.
1123 1869 1176 1914 10,
1198 1870 1385 1908 Cometa
1400 1870 1528 1908 fuerit
1545 1881 1646 1908 cum
1661 1869 1795 1908 Stella
1810 1869 1866 1907 ad
1881 1880 1996 1917 genu

355 1920 498 1968 Pegasi
514 1923 559 1958 in
576 1922 730 1959 eodem
746 1922 951 1967 verticali‚
972 1922 1060 1960 fiue
1080 1923 1227 1961 locum
1247 1923 1377 1971 ipfius
1393 1923 1582 1968 Sculteti,
1603 1923 1691 1960 flue
1711 1922 1903 1961 nostrum
1923 1922 1996 1960 ad-

355 1973 643 2018 hibuerimus;
661 1976 790 2022 idque
802 1976 991 2013 accidisse
1003 1976 1152 2014 saltem
1164 1977 1187 2015 7
1199 1978 1378 2015 minutis
1390 1979 1520 2015 vnius
1531 1977 1671 2014 Horae
1683 1975 1772 2023 post
1784 1975 1997 2014 Occasum

357 2026 479 2070 Solis,
496 2027 566 2064 vel
582 2030 724 2075 potius
737 2040 801 2072 eo,
814 2028 842 2066 fi
854 2027 1172 2067 Refraffionem
1183 2028 1434 2077 spectemus,
1450 2032 1524 2068 vix
1540 2029 1801 2068 abscondito.
1819 2029 1996 2076 Nequa-

357 2090 491 2126 quam
506 2082 633 2127 igitur
646 2081 832 2119 Cometa
847 2094 947 2119 cum
964 2082 1095 2120 Stella
1111 2082 1194 2121 hac
1210 2088 1313 2121 tunc
1329 2089 1420 2122 erat
1435 2083 1622 2121 visibilis.
1639 2083 1745 2120 Non
1761 2084 1879 2120 enim
1895 2087 1995 2120 ante

356 2132 528 2170 finitum
540 2134 838 2181 crepusculum
849 2135 1141 2182 vespertinum
1156 2136 1297 2183 (cuius
1308 2138 1450 2175 Arcus
1462 2148 1515 2175 eo
1527 2136 1596 2174 die
1607 2138 1653 2174 in
1661 2136 1737 2173 illo
1749 2135 1994 2173 Horizonte

356 2185 407 2223 26
422 2187 580 2233 gradus
596 2187 873 2234 adaequabat)
890 2188 978 2225 vllo
994 2189 1127 2227 modo
1144 2189 1497 2237 conspiciebatur.

410 2239 686 2287 Quapropter
703 2251 755 2278 ex
771 2240 839 2278 his
855 2242 1059 2279 omnibus
1074 2242 1172 2280 satis
1183 2242 1396 2291 superque
1409 2243 1741 2291 comprobatum
1754 2241 1820 2285 est,
1838 2241 1996 2280 Come-

357 2296 446 2329 tam
462 2304 604 2339 neque
621 2305 720 2330 eum
738 2305 801 2338 ea,
824 2306 957 2340 quam
975 2293 1191 2333 oeiauam
1207 2296 1352 2344 Pegasi
1366 2302 1505 2341 vocat,
1527 2307 1670 2343 neque
1687 2306 1787 2333 cum
1804 2295 1997 2342 Septima

357 2345 666 2390 Andromedae,
688 2348 732 2383 in
752 2357 890 2384 vnum
910 2347 948 2384 &
970 2349 1159 2386 eundem
1178 2349 1254 2387 illo
1275 2350 1360 2387 Die
1381 2350 1619 2388 coincidisse
1635 2348 1886 2386 verticalem
1902 2347 1996 2386 Cir-

358 2398 517 2442 culum,
548 2401 606 2436 ita
631 2405 674 2437 vt
703 2399 804 2437 hinc
831 2400 1087 2438 Obseruatio
1112 2402 1262 2449 aliqua
1286 2403 1584 2441 Parallaxium
1608 2401 1766 2439 institui
1789 2402 1994 2448 potuerit;

358 2451 476 2489 Nam
487 2454 606 2499 prius
619 2453 848 2490 eueniebat
859 2453 958 2491 Sole
970 2454 1151 2491 vixdum
1162 2455 1275 2494 infra
1285 2456 1577 2494 Horizontem
1593 2454 1780 2502 delapso,
1796 2454 1995 2498 alterum,

1896 2518 1996 2545 cum

2034 1350 2068 1376 20

2034 1617 2068 1642 25

2033 1883 2068 1908 30

2033 2149 2066 2174 35

2033 2413 2067 2440 40
