2209 3213
77 720 141 752 30v

94 832 124 858 10

94 1098 124 1124 15

92 1364 125 1390 20

93 1632 126 1657 25

96 1899 129 1925 30

97 2167 129 2192 35

413 234 503 272 AD
525 234 835 273 CRAIGUM
857 234 1129 274 SCOTUM
1151 235 1234 273 DE
1256 233 1546 273 COMETIS
1733 232 1801 269 461

161 339 372 380 hactenus
392 340 503 379 alios
522 340 660 385 latuit,
683 346 729 379 ut
751 347 982 389 propterea
1002 342 1055 380 de
1076 341 1418 379 Azimuthorum
1438 342 1484 377 in
1504 340 1685 377 minutis
1705 337 1802 386 ipfis

161 395 492 432 enumeratione
505 394 728 442 qvidpiam
739 394 1022 433 afferentibus
1035 407 1125 433 non
1137 395 1235 433 satis
1246 399 1338 432 tuto
1350 393 1483 431 fidere
1500 393 1638 430 liceat.
1655 392 1803 439 Longe

160 449 288 496 igitur
300 447 399 494 plus
409 446 511 485 fidei
523 448 849 485 attribuendum
861 448 916 485 est
928 448 1274 496 Landgravianis
1286 446 1659 485 observationibus
1672 455 1803 492 qvam

161 499 344 548 Nolthij,
362 511 414 538 eo
431 500 546 548 qvod
562 500 691 548 ipslus
707 500 926 538 Celfitudo
942 500 1269 548 perfectioribus
1284 512 1306 538 e
1321 500 1456 538 solido
1473 498 1651 537 metallo
1667 498 1743 536 usa
1759 497 1804 535 fit

161 553 468 597 Instrumentis,
486 554 641 601 qvibus
655 559 695 591 et
706 554 948 592 Azimutha
965 560 1005 592 et
1021 554 1271 592 altitudines
1288 553 1551 591 collimatius
1567 551 1805 600 perspicere

160 608 311 655 potuit,
336 611 430 644 tum
455 608 587 645 etiam
609 609 656 644 in
677 609 886 654 temporis
908 608 1195 645 minutissimis
1216 608 1451 644 momentis
1474 607 1632 644 certius
1655 604 1804 643 discer-

160 660 329 704 nendis,
350 659 380 697 fi
400 662 494 707 qvis
513 660 638 705 alius,
660 659 929 708 diligentiam
948 663 1219 708 praecipuam
1239 660 1428 698 adhibet.
1450 659 1567 697 Cum
1587 661 1730 705 itaqve
1752 669 1805 695 ex

160 713 293 762 hujus
308 713 518 760 Principis
535 713 985 752 animadversionibus
998 710 1012 764 ΙΙ
1024 715 1137 752 circa
1154 714 1344 751 eundem
1360 713 1451 751 otum
1468 712 1584 750 diem
1596 711 1804 749 Decemb.

160 768 206 805 in
221 765 472 804 Azimuthis
488 771 615 814 atqve
631 766 933 805 altitudinibus
952 778 1052 804 cum
1072 772 1268 814 tempore
1288 765 1520 813 interlapso
1541 766 1699 813 majori
1717 776 1804 802 cer-

160 819 356 863 titudine,
384 831 516 867 qvam
541 831 568 858 a
593 819 777 858 Nolthio
802 820 993 867 praestari
1018 822 1168 867 potuit,
1198 819 1455 866 conqvifitis‚
1485 818 1608 856 nulla
1633 817 1805 865 prorsus

161 872 388 921 colligatur
403 873 656 916 Parallaxis,
679 875 810 911 etiam
826 875 872 911 in
888 873 1109 911 interstitio
1127 873 1263 911 ferme
1279 873 1322 912 Ζὲ
1341 872 1566 915 horarum,
1588 876 1716 918 atqve
1731 882 1804 908 va-

161 928 272 964 riata
293 927 460 964 interea
482 926 710 966 altitudine
733 926 831 974 plus
854 927 886 964 ll
911 926 1047 965 Grad.
1071 926 1445 973 qvemadmodum
1467 936 1562 972 pag.
1585 924 1663 962 242
1686 924 1724 962 &
1747 923 1804 961 se-

161 981 308 1027 qventi
322 980 449 1027 Juxta
464 979 583 1018 hunc
599 979 738 1027 ipsum
755 980 1091 1028 Regiomontani
1107 980 1355 1027 processum‚
1378 990 1463 1026 qvo
1480 977 1689 1016 Nolthius
1705 976 1806 1015 usus

161 1033 228 1078 est,
246 1032 649 1077 demonstravimus,
666 1033 767 1071 sane
784 1033 868 1071 istis
879 1035 1024 1080 potius
1036 1044 1168 1080 qvam
1180 1032 1435 1071 Nolthianis
1446 1031 1554 1069 fides
1565 1032 1720 1069 merito
1732 1030 1805 1068 ad-

160 1086 353 1125 hibenda
367 1087 498 1124 venit.
520 1086 565 1125 Si
581 1088 700 1124 enim
714 1091 886 1134 tempus
903 1086 1228 1129 observationis,
1251 1085 1426 1133 qvando
1444 1085 1642 1123 Cometae
1661 1088 1806 1121 motus

160 1140 363 1188 proprius
387 1140 592 1177 remissior
618 1144 721 1183 erat,
752 1139 920 1188 Nolthij
953 1138 1196 1178 inductioni
1220 1139 1508 1177 stabilimento
1534 1138 1610 1176 esse
1637 1138 1806 1184 poterit,

161 1198 273 1231 certe
290 1192 329 1230 8(
344 1192 428 1236 hic,
448 1192 657 1240 fiqvidem
678 1192 747 1231 die
767 1195 966 1241 proxime
986 1193 1269 1231 antecedente
1286 1192 1545 1239 Landgravij
1565 1190 1806 1229 observatio

160 1244 273 1285 facta
293 1245 360 1290 est,
382 1257 462 1284 nec
482 1247 574 1284 una
590 1247 659 1285 die
674 1246 879 1284 sensibilis
899 1248 1084 1285 mutatio
1101 1249 1146 1284 in
1162 1252 1286 1284 motu
1303 1245 1502 1284 Cometae
1519 1243 1806 1291 contingebat,

162 1304 202 1338 et
217 1299 247 1337 fi
263 1311 317 1337 ex
332 1301 465 1338 unius
481 1299 604 1338 horae
624 1300 855 1338 intervallo
872 1300 1113 1338 Parallaxis
1129 1305 1219 1338 tam
1235 1299 1414 1337 evidens
1430 1297 1614 1336 Nolthio
1631 1298 1807 1344 conqvi-

161 1353 237 1391 fita
253 1352 319 1397 est,
341 1358 505 1400 qvanto
521 1355 659 1401 magis
675 1353 718 1391 id
735 1353 996 1401 Landgravij
1015 1353 1332 1396 denotationes,
1353 1363 1450 1399 qvae
1467 1363 1542 1399 per
1558 1351 1604 1390 2³
1621 1350 1684 1397 (ut
1701 1348 1806 1396 dixi)

161 1406 294 1445 horas
310 1405 474 1450 distant,
491 1406 677 1454 idipsum
693 1406 954 1454 praestarent,
972 1407 1001 1444 fi
1016 1407 1149 1445 modo
1166 1406 1313 1454 aliqva
1328 1404 1617 1453 perceptibilis
1633 1404 1809 1442 daretur

162 1457 357 1507 aspedtus
373 1459 620 1498 diversitas?
637 1460 756 1498 Nam
773 1460 870 1498 licet
883 1462 1028 1509 majus
1039 1462 1247 1507 temporis
1259 1458 1540 1497 intervallum
1551 1456 1686 1505 paulo
1697 1456 1807 1504 plus,

163 1513 218 1552 ob
234 1518 405 1551 motum
420 1515 648 1561 proprium
664 1519 767 1551 tunc
784 1513 1111 1557 evidentiorem,
1128 1516 1295 1561 ingerat
1311 1511 1531 1551 obstaculi:
1549 1516 1695 1549 tamen
1709 1521 1809 1548 cum

162 1569 208 1605 in
225 1577 277 1605 ea
293 1566 493 1605 Cometae
508 1567 720 1611 tarditate,
743 1579 828 1614 qva
848 1579 940 1605 una
960 1567 1071 1605 hora
1091 1567 1137 1607 Ze}
1153 1566 1303 1605 saltem
1323 1568 1494 1603 minuta
1514 1563 1710 1607 confecit,
1732 1563 1809 1601 Pa-

163 1619 352 1659 rallaxes
368 1620 423 1658 ob
440 1619 722 1659 altitudinum
737 1622 825 1669 maj
831 1632 953 1658 orem
967 1622 1257 1659 mutationem
1269 1619 1510 1667 plurimum
1521 1619 1808 1658 variarentur.

163 1673 279 1712 hanc
300 1678 446 1711 motus
470 1675 632 1722 proprij
658 1685 879 1712 remoram
901 1673 1041 1712 multo
1065 1674 1323 1711 evidentiori
1346 1673 1584 1719 qvantitate
1607 1670 1810 1718 superare

164 1726 506 1765 consentaneum
523 1732 625 1765 erat.
643 1727 775 1765 Vides
792 1729 948 1775 itaqve,
966 1727 995 1765 fi
1011 1727 1269 1765 Nolthianae
1285 1725 1500 1764 senfiones
1512 1730 1722 1771 tanqvam
1734 1735 1809 1761 au-

163 1779 367 1818 thenticae
379 1780 597 1819 habendae
609 1783 821 1825 venirent,
835 1781 1195 1829 Landgravianas
1207 1779 1428 1818 consistere
1441 1789 1532 1816 non
1543 1778 1670 1825 posse:
1688 1782 1731 1815 at
1742 1776 1810 1814 his

165 1835 310 1882 potius
327 1845 459 1881 qvam
474 1834 559 1872 illis
575 1833 774 1872 standum
791 1834 867 1872 esse
884 1836 978 1881 qvis
999 1835 1177 1882 negarit,
1199 1835 1272 1881 qvi
1292 1832 1438 1870 media
1456 1830 1811 1870 observationum

166 1889 368 1934 utrinqve
387 1887 614 1935 explorata
633 1886 791 1925 habet?
812 1888 967 1934 Neqve
984 1889 1103 1925 enim
1118 1893 1158 1925 te
1176 1886 1522 1934 Landgravianis
1539 1884 1811 1922 documentis

165 1942 312 1979 minus
328 1940 431 1979 fidei
447 1952 579 1988 qvam
596 1941 764 1988 Nolthij
784 1940 992 1979 adhibere
1009 1941 1279 1984 crediderim,
1298 1939 1375 1977 nifi
1392 1951 1419 1977 a
1433 1944 1473 1977 te
1490 1937 1580 1986 ipso
1597 1937 1811 1975 discedere

165 1993 284 2038 velis,
302 2005 403 2032 cum
415 1994 675 2042 Landgravij
690 1993 1013 2032 observationes
1024 1994 1099 2032 tibi
1110 1994 1238 2032 valde
1250 1993 1422 2041 placere
1433 1994 1554 2040 prius
1565 1990 1812 2034 affirmaris,

166 2059 246 2086 nec
262 2047 444 2092 dubites,
466 2049 570 2095 qvin
587 2059 640 2086 ex
660 2047 745 2085 illis
765 2048 883 2095 possit
899 2047 1145 2095 qvaestionis
1160 2049 1320 2085 veritas
1337 2046 1445 2084 elici.
1468 2044 1597 2092 Qvod
1613 2044 1642 2082 fi
1658 2043 1812 2082 nostrae

166 2100 566 2139 animadverfiones
582 2101 730 2148 aliqvo
746 2101 843 2139 loco
860 2100 978 2148 apud
994 2106 1034 2139 te
1051 2101 1127 2139 esse
1144 2101 1315 2148 possent‚
1333 2111 1440 2147 qvas
1455 2098 1539 2137 scio
1557 2099 1679 2136 omni
1695 2097 1812 2145 possi-

166 2154 242 2193 bili
267 2154 489 2202 diligentia
512 2154 550 2192 8(
574 2154 867 2192 instrumentis
892 2156 1074 2192 minime
1100 2154 1242 2202 dubijs
1268 2152 1526 2200 conqvifitas
1551 2152 1640 2195 esse,
1666 2152 1813 2198 utiqve

167 2219 258 2246 non
274 2213 364 2246 tam
380 2219 434 2246 ex
450 2208 499 2246 70
515 2207 723 2246 Decemb.
741 2219 874 2255 qvam
890 2209 1021 2246 etiam
1038 2207 1193 2245 ultima
1209 2207 1407 2255 ejusdem
1423 2205 1580 2243 menfis
1596 2205 1665 2243 die
1686 2209 1814 2251 atqve

166 2261 301 2300 biduo
322 2260 536 2309 seqvente,
560 2261 736 2309 qvando
758 2260 903 2299 adhuc
924 2260 1059 2308 duplo
1079 2261 1243 2299 tardior
1264 2265 1355 2298 erat
1377 2259 1575 2298 Cometae
1596 2259 1814 2306 genuinus

167 2319 326 2359 motus,
348 2320 388 2353 et
408 2314 463 2353 ob
483 2315 527 2353 id
547 2316 610 2353 rei
630 2314 841 2362 reqvifitae
863 2314 1166 2353 certitudinem
1187 2316 1335 2352 minus
1355 2312 1672 2355 interturbaret,
1694 2309 1814 2349 factis

168 2367 396 2416 utrobiqve
417 2368 699 2406 altitudinum
720 2367 758 2406 &
778 2367 1133 2412 Azimuthorum,
1155 2379 1255 2405 cum
1276 2366 1494 2413 interlapfi
1514 2366 1722 2412 temporis
1744 2376 1813 2402 ex-

99 2434 133 2459 40
170 2420 265 2460 acta
284 2421 499 2466 mensura,
521 2421 678 2460 sedulis
699 2421 1046 2469 inqvifitionibus
1068 2420 1105 2459 8(
1122 2423 1248 2469 J'uxta
1268 2420 1605 2468 Regiomontani
1622 2418 1814 2456 traditio-

169 2485 284 2519 nem,
306 2476 459 2513 omnia
478 2477 524 2513 in
544 2486 754 2513 numeros
769 2474 1027 2513 subtilissime
1046 2475 1294 2523 redigendo,
1316 2473 1490 2512 nullum
1506 2478 1655 2510 tamen
1670 2470 1814 2509 Paral-

169 2527 320 2566 laxeos
335 2528 558 2577 vestigium
574 2528 658 2566 sese
675 2528 841 2573 obtulit,
858 2533 904 2566 ut
921 2530 1034 2566 circa
1050 2527 1186 2566 finem
1201 2539 1294 2575 cap.
1311 2525 1358 2565 6¹i
1374 2531 1521 2574 aperte
1538 2524 1815 2626 ostengilffillirsl.
