2209 3213
358 242 407 279 28
848 235 931 273 DE
953 233 1178 272 MUNDI
1199 230 1500 271 AETHEREI

412 347 458 383 In
468 343 704 390 Triangulo
717 344 906 389 primum
920 340 955 377 C
964 339 1005 377 D
1014 339 1059 376 H
1073 339 1230 376 dantur
1241 338 1329 376 duo
1341 338 1477 376 latera
1489 334 1700 382 angulum
1712 338 1866 370 notum
1878 343 1992 369 com·
2028 337 2070 368 24

357 398 682 446 prehendentia.
705 396 823 432 Nam
839 395 971 431 Latus
989 392 1074 430 CD
1097 392 1151 429 est
1172 391 1368 430 distantia
1383 390 1477 428 Poli
1493 401 1520 427 a
1535 386 1705 430 Zenith‚
1727 397 1826 433 quae
1849 385 1904 422 est
1924 384 1995 422 hic

358 453 399 488 P.
417 452 477 488 34.
498 450 558 487 M.
576 450 611 487 7.
634 449 765 485 Latus
783 447 872 485 CH
895 446 949 484 est
969 445 1340 492 complementum
1360 443 1598 482 altitudinis
1620 439 1859 478 obseruatae
1881 438 1923 475 P.
1940 438 1994 475 61.
2033 440 2053 471 ⁴.-

357 504 419 541 M.
438 503 498 540 36.
523 501 723 548 Angulus
744 512 847 538 vero
871 498 1011 537 DCH
1036 497 1373 545 comprehensus
1397 496 1452 534 est
1475 494 1846 541 complementum
1866 490 1996 538 ipfius

357 555 595 597 Azimuthi,
613 555 729 591 hunc
747 556 864 591 enim
880 554 1054 590 metitur
1065 552 1206 588 Arcus
1222 551 1481 589 Horizontis
1496 548 1582 591 FE,
1600 546 1742 593 estque
1758 545 1801 582 Ρ.
1814 544 1867 582 81.
1883 543 1946 581 Μ.
1959 544 1994 582 7.
2034 556 2049 580 5

358 610 519 655 Quare,
538 620 590 645 ex
606 606 946 654 Triangulorum
962 605 1285 652 Sphaericorum
1303 605 1440 651 praxi,
1457 613 1548 640 non
1563 599 1710 638 latebit
1726 599 1900 636 tertium
1917 597 1996 634 La-

357 668 437 706 tus,
455 660 697 708 oppositum
714 659 890 707 Angulo
907 659 1020 701 dato,
1038 657 1156 705 quod
1173 657 1228 695 est
1244 657 1352 701 DH,
1370 657 1412 694 P.
1429 656 1483 693 61.
1500 655 1564 692 M.
1581 653 1643 691 58.
1661 652 1814 698 Estque
1831 650 1900 688 hic
1917 650 1997 687 Ar-

359 727 446 756 cus,
463 714 834 760 complementum
850 711 1153 750 declinationis
1170 710 1372 757 quaefitae,
1389 712 1654 756 quapropter
1665 704 1754 752 ipsa
1765 703 1997 742 declinatio

360 767 575 810 constabit,
593 767 634 804 P.
652 766 714 804 28.
732 766 794 803 M.
812 766 848 810 2,
866 776 1001 812 quam
1016 765 1236 811 inquirere
1253 763 1486 801 voluimus.

418 1929 499 1966 Pro
511 1926 770 1966 Ascenfione
786 1937 891 1963 vero
907 1923 1022 1963 re6ta
1037 1936 1125 1962 vna
1140 1923 1451 1971 inuestiganda,
1468 1923 1585 1961 idem
1600 1921 1779 1960 sufficiet
1792 1921 2002 1969 Triangu-
2044 1933 2074 1958 ιο

365 1982 444 2020 lus.
462 1982 580 2019 Nam
597 1991 696 2018 cum
712 1981 862 2017 omnia
879 1980 972 2016 eius
987 1978 1124 2016 latera
1137 1980 1226 2015 iam
1237 1982 1342 2014 nota
1353 1976 1442 2019 fint,
1455 1975 1795 2023 Triangulorum
1807 1977 2003 2022 operatio

366 2035 483 2073 dabit
498 2034 723 2082 Angulum
741 2032 892 2075 CDH,
911 2043 1042 2078 quem
1058 2033 1233 2068 metitur
1248 2041 1375 2068 arcus
1386 2029 1640 2076 AEquatoris
1656 2028 1727 2072 BI,
1744 2030 2004 2066 interiacens

366 2087 615 2125 Ascenfioni
627 2084 767 2124 Rectae
783 2084 913 2132 medij
929 2084 1039 2122 Caeli
1052 2084 1085 2121 B
1098 2084 1135 2121 &
1147 2083 1397 2121 Ascenfioni
1413 2080 1540 2120 rectae
1553 2081 1710 2125 Stellae,
1728 2093 1827 2128 quae
1844 2081 1899 2118 est
1914 2083 1960 2118 in
1973 2081 2003 2118 I.

367 2141 523 2178 Inueni
543 2145 702 2181 autem.
724 2136 835 2176 fana
855 2149 1143 2175 numerorum
1163 2137 1479 2184 supputatione,
1500 2134 1619 2172 hunc
1635 2134 1862 2182 Angulum
1881 2134 1924 2172 P.
1941 2134 2003 2172 79.

367 2194 430 2231 M.
441 2194 503 2237 56,
516 2193 742 2239 tantusque
754 2191 807 2229 est
817 2191 958 2228 Arcus
968 2191 1001 2228 B
1010 2190 1039 2234 Ι,
1052 2186 1332 2239 dis-uferentia
1341 2188 1559 2235 Vtriusque
1568 2187 1839 2225 Ascenfionis
1850 2186 2003 2230 Rectae,
2038 2193 2080 2223 25

366 2247 496 2294 medij
508 2245 668 2284 Coeli&
676 2244 831 2283 Stellae.
845 2244 888 2282 Si
898 2246 1044 2290 itaque
1053 2243 1386 2281 subduxerimus
1395 2241 1513 2279 hunc
1523 2252 1675 2278 arcum
1684 2241 1738 2278 ab
1746 2240 2005 2278 Ascensione

368 2298 496 2337 Recita
507 2299 610 2342 MC,
624 2309 757 2345 quam
769 2299 888 2344 prius
899 2297 1088 2334 diximus
1098 2297 1173 2333 esse
1183 2296 1225 2333 P.
1234 2296 1296 2333 55.
1305 2295 1368 2332 M.
1377 2295 1439 2333 45.
1452 2295 1655 2342 prouenit
1665 2293 1866 2330 Ascenfio
1877 2291 2006 2330 Recta

367 2352 499 2390 huius
511 2352 667 2395 Stellae,
683 2351 725 2388 P.
738 2350 826 2388 335.
840 2350 902 2387 M.
915 2349 978 2393 49,
995 2349 1285 2387 declinatione
1297 2348 1427 2395 ipfius
1438 2349 1557 2394 prius
1569 2349 1751 2384 inuenta
1761 2347 1804 2383 P.
1817 2346 1879 2384 28.
1893 2346 1955 2383 M.
1968 2346 2005 2389 2,

368 2417 468 2452 quae
485 2405 572 2442 duo
589 2403 851 2451 inquirenda
866 2402 1183 2450 proposuimus.

422 2458 654 2496 Constante
666 2459 792 2504 igitur
804 2458 848 2493 in
860 2455 978 2493 hunc
989 2455 1171 2492 modum
1183 2454 1314 2492 huius
1326 2453 1471 2491 Stellae
1484 2453 1786 2496 declinatione,
1799 2452 1837 2489 &
1848 2451 2005 2489 Ascen-
2044 2463 2077 2488 20

368 2511 484 2548 fione
502 2510 641 2554 Redia,
664 2512 757 2547 eius
772 2514 984 2556 praeterea
1000 2509 1158 2551 locum,
1180 2508 1416 2545 secundum
1432 2506 1749 2553 longitudinem
1765 2505 1802 2542 &
1818 2504 2005 2542 latitudi-

1903 2568 2006 2594 nem
