2209 3213
344 222 409 257 194
835 212 917 249 DE
939 209 1164 249 MUNDI
1185 207 1486 245 AETHEREI

343 327 490 362 denter
506 327 631 369 patet.
650 332 704 356 ne
721 331 807 356 vno
825 318 1001 364 quidem
1015 321 1222 362 tempore,
1239 318 1409 350 motum
1421 314 1514 350 eius
1525 311 1658 350 talem
1669 311 1919 358 apparuisse‚
1935 315 1991 364 vt-

342 376 587 414 Parallaxin
604 378 781 414 tantam,
804 382 891 417 qua
906 369 1151 406 sublunaris
1168 366 1430 409 redderetur,
1451 365 1687 402 insinuarit.
1710 365 1803 401 lmo
1819 363 1979 410 vbique

342 430 605 466 contrarium
627 424 883 466 ostendebat,
906 423 943 459 8(
965 421 1135 459 cursum
1156 424 1453 466 apparentem,
1475 417 1563 455 fere
1584 417 1750 464 semper
1765 418 1980 454 maiorem

341 482 543 519 reddebat
560 484 681 516 motu
698 489 814 519 ver0,
832 478 906 522 qui
922 477 1066 521 potius
1082 475 1239 516 minor,
1257 484 1333 519 per
1348 471 1610 514 Parallaxin,
1627 470 1656 508 fi
1673 482 1761 517 qua
1776 469 1980 508 senfibilis

341 534 527 573 affuisset,
546 532 638 569 fieri
656 530 847 568 debebat.
866 528 1043 565 Nostras
1059 526 1232 573 insuper
1244 527 1564 567 annotationes,
1582 525 1628 561 in
1639 523 1929 570 Longitudine
1942 521 1979 559 &

341 586 584 625 Latitudine
596 585 805 625 Cometae,
818 582 914 619 satis
926 581 1037 618 bene
1049 580 1089 617 se
1101 579 1275 621 habere,
1286 589 1374 615 vna
1386 589 1438 615 ex
1450 577 1517 614 his
1527 576 1848 623 comprobatur.
1861 575 1980 613 Nam

341 642 436 677 licet
453 637 776 684 aliquantulum
796 634 974 672 subinde
995 633 1066 670 hae
1082 644 1109 670 a
1124 632 1276 669 nostris
1296 630 1545 678 discrepent,
1567 635 1715 667 tamen
1736 628 1981 667 differentia

339 705 428 730 non
450 692 560 729 adeo
582 701 741 737 magna
762 688 919 730 euadit,
942 698 1029 733 quo
1050 688 1197 723 minus
1217 696 1293 731 per
1314 684 1497 721 modum
1516 682 1789 721 Obseruandi
1810 693 1863 719 ex
1879 682 1979 718 Azi-

339 745 500 782 muthis
509 744 545 780 &
554 741 879 784 Altitudinibus,
888 739 1083 778 adhibito
1093 744 1300 784 tempore,
1312 748 1411 784 quae
1421 738 1531 774 ratio
1541 735 1650 773 mihi
1659 735 1825 782 semper
1833 736 1980 772 minus

340 805 453 835 certa
460 797 547 834 visa
558 796 622 837 est.
632 795 825 833 excusari
834 798 976 840 queat.
988 792 1038 829 Et
1047 791 1132 838 ipse
1141 790 1436 828 Illustrissimus
1444 788 1840 836 Princepsinliteris
1847 787 1902 826 ad
1909 799 1979 825 me

339 852 459 891 datis,
482 861 580 887 cum
597 849 677 886 has
694 847 1032 885 Obseruationes
1049 846 1405 886 communicaret,
1426 843 1466 880 se
1487 842 1631 880 aulico
1649 840 1979 884 Mathematico‚

339 906 412 951 qui
425 904 630 941 assiduam
643 901 680 938 8(
692 901 941 948 diligentem
953 910 1116 940 curam,
1135 900 1179 934 in
1191 897 1259 934 his
1270 896 1444 944 praecise
1456 895 1727 943 indagandis,
1743 893 1979 937 adhiberet,

339 963 439 994 tunc
455 957 661 1002 temporis
678 954 922 991 destitutum
937 952 1065 993 fuisse,
1083 951 1305 993 asseuerat;
1324 949 1361 987 8(
1377 949 1506 996 ipsius
1519 948 1738 986 Celfitudo
1755 947 1809 985 ob
1824 947 1979 994 Reipu-

338 1010 462 1047 blicae
480 1007 830 1046 administrandae
848 1017 995 1047 onera,
1013 1004 1081 1041 his
1097 1002 1331 1041 tractandis
1347 1014 1438 1040 non
1453 1002 1612 1048 vbique
1628 1012 1784 1039 vacare
1800 999 1979 1038 sufficie-

338 1064 420 1100 bat.
434 1064 577 1108 Atque
589 1061 684 1098 haec
697 1065 830 1103 erant,
844 1070 943 1105 quae
955 1060 1096 1105 primo
1110 1069 1162 1094 ex
1174 1056 1242 1093 his
1253 1056 1460 1103 indagare
1470 1054 1525 1092 ab
1534 1056 1658 1092 initio
1670 1053 1978 1091 constituimus.

392 1115 618 1158 Secundo,
642 1113 759 1159 Quia
779 1124 883 1149 vero
904 1110 1109 1148 nonnulli
1129 1112 1174 1147 in
1195 1109 1453 1152 Germania,
1475 1107 1725 1146 Parallaxin
1745 1107 1879 1144 huius
1895 1105 1980 1144 Co-

339 1175 478 1210 metae,
503 1170 623 1205 iuxta
644 1166 907 1204 Methodum
931 1176 956 1202 a
978 1164 1326 1211 Regiomontano
1349 1162 1563 1205 traditam,
1586 1172 1663 1208 per
1685 1160 1789 1198 bina
1811 1159 1981 1197 diuersa

340 1221 590 1262 Azimutha‚
611 1219 778 1266 illisque
795 1223 1089 1264 competentes
1105 1216 1382 1258 Altitudines,
1404 1226 1503 1252 cum
1523 1215 1731 1261 temporis
1747 1212 1980 1250 interuallo

339 1278 504 1312 interea
520 1273 663 1320 elapso
679 1284 766 1309 vna
783 1273 966 1318 cognito,
988 1270 1256 1317 indagantes,
1279 1280 1377 1306 eam
1394 1268 1449 1306 ad
1466 1269 1625 1314 quinos
1641 1268 1806 1304 circiter
1821 1266 1980 1313 gradus

339 1328 589 1365 dilatarunt:
607 1326 769 1363 Idcirco
782 1325 1126 1372 operaeprecium
1138 1321 1329 1360 facturus
1341 1321 1504 1365 videor,
1519 1320 1548 1357 fi
1562 1320 1716 1358 eadem
1728 1321 1910 1361 ratione,
1927 1330 1980 1356 ex

339 1381 405 1417 his
423 1380 679 1417 Illustrissimi
696 1379 903 1424 Principis
921 1375 1259 1414 GVILHELMI
1276 1371 1290 1424 ΙΙ
1308 1373 1696 1412 Obseruationibus
1717 1375 1811 1410 eius
1829 1374 1891 1409 rei
1910 1383 1980 1409 ex-

339 1436 629 1481 perimentum
646 1432 878 1474 instituero,
895 1435 938 1467 vt
954 1430 1124 1466 Veritas
1140 1428 1229 1476 ipsa
1246 1426 1512 1475 conspectius
1529 1426 1749 1464 elucescat.
1772 1425 1889 1463 Licet
1905 1436 1980 1463 au-

338 1493 424 1524 tem
441 1485 668 1526 nonnulla,
690 1487 735 1521 in
751 1484 818 1521 his
834 1483 931 1530 ipfis
948 1481 1350 1525 Obseruationibus,
1372 1492 1460 1527 quo
1480 1482 1627 1517 minus
1648 1477 1812 1517 exaffiae
1832 1478 1981 1516 amussi

339 1540 620 1585 vndiquaque
638 1537 936 1584 respondeant,
958 1535 1027 1573 vel
1047 1535 1137 1582 ipso
1154 1534 1426 1572 Illustrissimo
1442 1534 1639 1580 Principe
1656 1533 1699 1570 id
1714 1531 1888 1575 fatente,
1910 1531 1980 1569 de-

338 1593 586 1634 siderentur,
607 1591 701 1628 sunt
722 1597 870 1628 tamen
892 1588 1114 1631 eiusmodi,
1136 1593 1179 1625 vt
1199 1588 1327 1634 longe
1348 1586 1643 1624 anteferendae
1665 1585 1782 1632 (meo
1801 1583 1978 1630 iudicio)

338 1648 515 1683 veniant
536 1645 725 1682 aliorum
742 1642 1034 1681 consimilibus
1055 1643 1258 1678 inuentis.
1280 1640 1566 1678 Instrumenta
1587 1640 1705 1676 enim
1721 1638 1980 1676 Illustrissimi

338 1699 469 1736 huius
481 1699 702 1744 Principis,
720 1709 742 1734 e
759 1696 893 1733 solido
910 1695 1101 1733 constant
1114 1693 1362 1738 Orichalco,
1380 1693 1417 1730 &
1434 1692 1575 1730 solerti
1591 1691 1786 1730 adhibita
1802 1691 1980 1738 diligen-

338 1754 407 1795 tia,
421 1751 643 1789 elaborata
654 1750 760 1787 sunt.
774 1749 1021 1796 Horologia
1031 1750 1161 1785 etiam
1170 1749 1216 1784 in
1225 1751 1399 1794 promtu
1410 1746 1552 1789 habet,
1565 1756 1665 1792 quae
1677 1744 1979 1791 scrupulorum

338 1807 580 1851 primorum
596 1802 895 1851 portiunculas
911 1801 1117 1839 subtiliter
1133 1800 1405 1848 distinguant,
1427 1799 1465 1837 &
1486 1798 1651 1837 affabre
1673 1795 1880 1841 confecsta,
1901 1799 1978 1835 cir-

340 1860 503 1895 cuitum
524 1857 743 1899 diurnum,
765 1867 899 1902 quam
920 1856 1118 1902 proxime
1136 1856 1345 1891 continuo
1364 1852 1614 1900 aequalique
1630 1856 1753 1889 motu
1769 1850 1978 1888 aemulen-

339 1916 418 1947 tur.
439 1910 591 1947 Vtrum
611 1915 757 1947 autem
774 1910 930 1950 caeteri,
952 1910 1027 1954 qui
1044 1919 1097 1945 ex
1113 1906 1428 1944 Altitudinibus
1445 1905 1482 1943 &
1498 1903 1760 1948 Azimuthis,
1776 1915 1865 1941 vna
1880 1914 1980 1941 cum

339 1969 533 2009 tempore
564 1962 835 2004 intermedio,
867 1961 1242 2003 obseruationem,
1272 1965 1315 1997 vt
1345 1958 1595 1997 Parallaxes
1623 1957 1756 1995 huius
1781 1956 1980 1995 Cometae

341 2016 640 2057 scrutarentur,
662 2017 755 2062 pari
772 2014 993 2052 sedulitate
1009 2013 1293 2055 instituerunt,
1309 2018 1487 2059 tamque
1504 2012 1628 2049 certis
1643 2010 1891 2048 mediorum
1907 2009 1980 2047 ad-

342 2069 560 2106 miniculis
582 2067 780 2110 instructi,
804 2069 1027 2115 negotium
1050 2067 1133 2104 hoc
1156 2066 1326 2114 aggressi
1348 2065 1438 2109 fint,
1462 2076 1553 2102 non
1576 2065 1793 2101 immerito
1814 2062 1980 2100 dubita-

341 2124 458 2159 tione
476 2122 655 2168 dignum
671 2121 865 2158 arbitror.
887 2120 1124 2167 Siquidem,
1146 2119 1349 2166 qualibus
1370 2119 1660 2156 communiter
1676 2115 1980 2154 Mathematici

341 2180 515 2212 vtantur
527 2174 832 2215 Instrumentis,
845 2173 942 2211 satis
954 2171 1220 2220 perspectum
1232 2172 1434 2215 habeam,
1447 2171 1605 2218 quibus
1617 2171 1748 2207 etiam
1759 2169 1980 2207 sumtuum

341 2229 537 2274 penuria,
559 2227 613 2264 ad
630 2232 718 2264 tam
735 2226 964 2263 Nobilium
982 2225 1262 2273 Organorum
1278 2223 1638 2262 constructionem
1653 2222 1980 2264 absoluendam,

342 2280 490 2327 qualia
510 2282 855 2326 praenominatus
872 2279 1167 2316 Illustrissimus
1184 2279 1386 2325 Princeps
1406 2280 1452 2314 in
1469 2276 1545 2314 vsu
1565 2276 1708 2319 habet,
1729 2275 1981 2313 facultatem

341 2333 578 2380 praecludit.
601 2333 746 2379 Longe
764 2334 908 2379 itaque
925 2332 1023 2379 plus
1038 2331 1139 2368 fidei
1156 2331 1455 2369 adhibendum
1472 2329 1623 2367 censeo
1639 2330 1704 2376 ijs,
1726 2339 1826 2375 quae
1843 2340 1896 2365 ex
1912 2327 1980 2364 his

342 2386 704 2433 Landtgrauianis
716 2384 1167 2423 animaduersionibus
1180 2385 1370 2422 deriuari
1383 2384 1560 2430 possunt,
1578 2393 1712 2428 quam
1727 2382 1791 2429 ijs,
1809 2392 1909 2428 quae
1926 2380 1980 2418 ab

342 2439 438 2486 alijs
450 2438 787 2481 Mathematicis‚
805 2440 879 2485 qui
891 2443 980 2475 tam
993 2437 1303 2475 excellentibus
1315 2436 1599 2474 destituuntur
1611 2434 1980 2473 Obseruationum

341 2491 629 2533 adminiculis,
646 2491 815 2538 prolata
832 2490 1024 2528 existunt.

1690 2540 1980 2587 Quapropter,

2022 801 2051 825 ΙΟ

2022 1066 2051 1090 15

2018 1269 2038 1299 ἦ·

2019 1331 2052 1356 20

2005 1378 2070 1409 229

2018 1596 2051 1621 25

2018 1862 2052 1887 30

2018 2127 2051 2152 35

2019 2392 2052 2417 40
