2209 3213
132 829 162 854 10

142 979 163 1011 ÷

133 1095 163 1120 15

130 1361 164 1386 20

130 1626 164 1651 25

112 1674 173 1705 271

131 1891 165 1917 30

131 2157 165 2182 35

133 2423 168 2448 40

520 232 1046 272 RECENTIORIBUS
1066 232 1525 272 PHAENOMENIS
1766 232 1843 271 225

200 341 468 386 reciprocam
489 339 558 385 (de
579 351 668 386 qua
688 339 895 386 diximus)
916 338 1075 378 factam
1095 341 1375 387 imaginatur;
1399 341 1458 377 ita
1478 344 1521 377 vt
1542 341 1587 376 in
1607 340 1749 385 prima
1769 338 1845 376 sua

200 394 474 440 apparitione
494 391 622 430 fuerit
638 394 684 430 in
700 392 830 439 ipsius
846 398 1006 436 centro,
1029 393 1067 431 &
1087 392 1245 430 deinde
1260 392 1499 439 processerit
1515 397 1638 429 motu
1654 391 1844 429 libratio-

200 447 267 483 nis
283 446 339 483 ad
355 444 547 483 eiusdem
563 447 893 490 extremitatem,
910 448 955 483 in
971 457 1060 493 qua
1075 445 1190 483 fuisse
1207 446 1342 483 asserit
1353 445 1452 482 VIII
1464 445 1672 483 Decemb.
1690 444 1727 482 8(
1744 445 1844 482 inde

200 500 542 545 reciprocatione
568 498 827 543 retrahente,
853 499 909 536 ad
934 498 1073 545 ipsum
1098 504 1296 536 centrum
1321 498 1479 535 circelli
1504 498 1633 542 istius,
1658 500 1781 535 iuxta
1805 497 1846 535 X

200 551 394 589 Ianuarii
410 551 531 588 horis
547 562 573 588 a
590 551 777 589 Meridie
793 552 830 595 4,
852 552 1025 589 rediisse.
1047 552 1193 598 Atque
1213 557 1317 589 tunc
1336 549 1572 589 extinctum
1588 550 1704 588 fuisse
1721 556 1845 588 autu-

199 609 301 648 mat,
319 615 418 641 cum
435 606 480 641 in
497 604 652 642 eodem
670 609 817 642 centro
833 605 1046 651 incepisset
1062 604 1146 642 Die
1163 604 1201 641 V
1217 604 1498 648 Nouembris,
1520 606 1633 642 circa
1648 603 1807 641 horam
1822 604 1846 640 4

199 659 474 700 matutinam,
496 656 587 695 Soli
606 656 695 694 fere
716 657 954 695 secundum
971 657 1309 704 Longitudinem
1328 655 1598 695 coniunctus.
1620 657 1732 694 Haec
1753 659 1845 704 qui-

200 710 299 748 dem
322 709 601 757 plausibiliter
621 721 648 748 a
668 710 904 754 Moel'tlino,
928 709 981 748 de
1004 712 1128 748 initio
1152 709 1190 747 8(
1212 709 1300 747 fine
1323 712 1609 757 apparitionis
1633 710 1844 753 Cometae‚

199 768 518 810 proponuntur,
541 762 579 800 8(
599 762 789 801 aliorum
810 765 943 800 etiam
958 762 1237 800 Authoritate
1254 762 1549 810 consensuque
1570 763 1845 806 roborantur,

199 815 448 864 praesertim,
467 827 556 863 quo
572 816 627 854 ad
643 815 842 854 vltimam
858 815 1206 854 consumtionem
1222 818 1385 859 attinet,
1407 827 1541 863 quam
1558 827 1611 853 ex
1627 814 1846 854 doclissimi

199 869 505 907 Mathematici
534 868 834 907 IOHANNIS
863 868 1150 907 PRAETORII
1178 868 1559 907 animaduerfione
1584 874 1701 916 patet
1725 871 1846 906 iuxta

200 922 316 960 diem
333 922 374 960 X
393 922 588 960 Ianuarii
608 924 715 960 anni
735 922 786 961 78
807 923 996 965 extitisse;
1018 922 1130 960 adeo
1150 927 1194 959 vt
1215 933 1270 959 ne
1290 922 1491 960 vmbram
1512 922 1690 969 quidem
1711 922 1847 959 vllam

200 975 345 1022 postea
356 975 571 1013 refiduam
582 975 654 1013 ille
666 975 1013 1023 deprehenderit.
1028 975 1112 1013 Sed
1123 975 1262 1019 nobis,
1274 979 1318 1012 vt
1330 977 1535 1022 quamuis
1546 977 1592 1012 in
1604 975 1845 1013 Borealiori

200 1028 329 1076 plaga
340 1028 587 1072 constitutis,
600 1040 667 1066 res
678 1028 718 1066 se
732 1028 859 1076 longe
870 1028 995 1066 aliter
1006 1027 1169 1066 habere
1181 1033 1404 1075 comperta
1416 1027 1481 1065 est.
1500 1028 1619 1065 Nam
1630 1028 1719 1075 post
1731 1028 1847 1066 diem

201 1081 242 1119 X
258 1082 450 1129 Ianuarij
473 1081 543 1119 hic
560 1081 748 1120 Cometa
767 1093 794 1119 a
813 1093 884 1119 me
905 1092 997 1119 non
1017 1080 1156 1119 solum
1174 1080 1300 1125 visus,
1322 1081 1392 1118 sed
1413 1083 1546 1118 etiam
1562 1081 1630 1119 die
1647 1080 1729 1118 XII
1745 1093 1772 1118 a
1787 1083 1847 1118 vi-

201 1137 309 1172 cinis
325 1134 480 1179 Stellis,
501 1145 578 1182 per
596 1134 852 1178 distantiam,
874 1134 1162 1172 Instrumento
1178 1134 1340 1172 idoneo
1357 1133 1624 1172 Obseruatus
1640 1133 1707 1178 est,
1725 1133 1763 1171 8(
1779 1134 1847 1172 die

201 1189 333 1226 etiam
355 1187 458 1225 XIII
480 1186 672 1235 resped‘tu
696 1190 1047 1235 propinquarum
1069 1187 1279 1225 Fixarum
1303 1186 1608 1225 consideratus.
1635 1186 1849 1233 Quinimo

201 1240 239 1278 &
260 1241 329 1279 die
345 1240 491 1279 XXVI
507 1241 702 1279 Ianuarii
723 1241 915 1288 aliquale
937 1243 1031 1279 eius
1049 1240 1273 1288 vestigium
1293 1245 1419 1278 acute
1440 1240 1745 1287 aspicientibus
1765 1239 1849 1277 sese

201 1294 339 1332 oculis
354 1295 588 1342 ingerebat.
606 1294 997 1341 Quemadmodum
1008 1293 1104 1331 haec
1116 1293 1312 1340 superius
1325 1293 1480 1340 Capite
1494 1295 1650 1340 primo,
1667 1293 1738 1331 vbi
1755 1295 1849 1331 eius

203 1346 543 1385 Obseruationes
563 1359 589 1385 a
609 1359 679 1385 me
703 1347 990 1391 recensentur,
1014 1347 1144 1385 latius
1167 1347 1474 1384 iudicauimus.
1499 1346 1631 1392 Quod
1654 1352 1803 1384 autem
1824 1357 1849 1384 a

201 1400 304 1438 XIII
320 1400 389 1438 die
405 1400 536 1448 vsque
553 1403 599 1438 in
614 1400 760 1438 XXVI
781 1400 907 1438 nobis
927 1412 1020 1438 non
1035 1399 1276 1444 videbatur,
1297 1400 1395 1437 licet
1416 1411 1742 1446 nonnunquam
1763 1400 1849 1437 die-

200 1453 282 1491 bus
296 1454 565 1492 intermediis
581 1454 814 1492 mediocris
830 1453 1036 1491 affulserit
1051 1453 1269 1496 serenitas,
1287 1453 1330 1490 id
1342 1453 1481 1491 Lunae
1493 1452 1710 1500 splendori
1722 1452 1849 1499 supra

201 1506 495 1545 Horizontem
506 1507 758 1554 vespertinis
774 1507 858 1544 illis
872 1507 1141 1554 temporibus
1154 1506 1380 1549 existentis,
1398 1506 1707 1553 imputandum
1718 1507 1849 1543 venit.

202 1560 321 1598 Nam
342 1560 412 1598 die
433 1560 556 1597 XIIII
576 1560 652 1598 illa
674 1560 730 1598 ad
752 1562 941 1607 primam
962 1560 1278 1607 quadraturam
1301 1559 1559 1606 applicabat,
1583 1558 1621 1596 &
1640 1570 1729 1596 vna
1750 1570 1850 1596 cum

202 1612 389 1650 Cometa
400 1613 527 1660 supra
539 1613 833 1651 Horizontem
844 1613 1011 1651 lumine
1023 1612 1098 1651 tali
1110 1612 1361 1660 refulgebat,
1378 1623 1467 1659 quo
1484 1614 1577 1649 eius
1593 1614 1851 1649 tenuitatem

202 1665 327 1704 facile
339 1665 593 1710 offuscabat;
612 1666 747 1713 quue
760 1668 978 1704 continuis
990 1665 1242 1712 vespertinis
1253 1665 1522 1713 temporibus
1534 1661 1548 1715 ΙΙ
1560 1664 1849 1712 subsequenti-

201 1719 283 1757 bus
295 1718 447 1763 effecit,
460 1719 572 1757 adeo
581 1725 625 1757 vt
634 1725 736 1757 ante
745 1719 891 1757 XXVI
903 1719 1019 1757 diem
1031 1719 1158 1756 nobis
1169 1730 1260 1756 non
1272 1718 1418 1756 rursus
1430 1717 1698 1766 aspectabilis
1709 1717 1849 1756 fuerit.

203 1772 305 1810 Erat
325 1774 444 1810 enim
464 1778 566 1810 tunc
584 1772 711 1811 Luna
725 1772 931 1810 triduana
948 1772 1037 1819 post
1053 1771 1363 1815 Plenilunium,
1385 1771 1423 1809 8(
1444 1771 1644 1809 nondum
1661 1771 1788 1809 Hora
1803 1771 1851 1810 7ss

201 1830 398 1872 tempore
419 1825 760 1869 Obseruationis,
787 1831 948 1863 exorta.
973 1825 1042 1863 Ab
1065 1825 1141 1862 illo
1163 1830 1311 1863 autem
1332 1825 1401 1862 die
1421 1824 1638 1871 nusquam
1659 1824 1849 1871 amplius

202 1881 417 1926 apparuit,
434 1878 521 1916 flue
538 1879 656 1926 quod
672 1878 949 1926 sequentibus
965 1880 1176 1926 proximis
1192 1877 1359 1925 aliquot
1373 1878 1462 1915 Aer
1478 1889 1570 1915 non
1585 1878 1697 1915 adeo
1713 1888 1849 1925 purus

203 1931 240 1969 8(
260 1931 436 1969 serenus
457 1931 597 1976 fuerit,
618 1931 706 1970 fiue
727 1932 846 1979 quod
866 1943 1022 1969 reuera
1041 1931 1180 1969 statim
1200 1930 1289 1978 post
1309 1931 1393 1969 hoc
1413 1936 1586 1978 tempus
1607 1932 1848 1968 euanuerit.

202 1984 305 2023 Erat
321 1987 440 2023 enim
455 1990 558 2023 tunc
574 1985 686 2023 adeo
702 1987 858 2028 tenuis,
874 1990 918 2023 vt
931 1984 1009 2022 nisi
1020 1984 1074 2022 ab
1086 1990 1215 2022 acuto
1227 1983 1319 2022 visu
1330 1983 1701 2031 praepollentibus,
1719 1985 1850 2022 etiam

202 2038 300 2076 loco
316 2040 378 2076 eis
394 2038 642 2082 monstrato,
659 2038 846 2085 conspici
863 2040 1088 2086 aegerrime
1104 2039 1303 2085 potuerit.

255 2091 375 2129 Patet
399 2093 528 2139 igitur
552 2091 667 2129 hanc
691 2091 960 2138 Opinionem
986 2091 1039 2129 de
1064 2092 1207 2138 primo
1233 2095 1387 2128 exortu
1410 2090 1650 2137 vltimoque
1676 2092 1851 2128 interitu

203 2144 415 2189 Cometae‚
444 2145 699 2182 omnimode
726 2144 979 2191 (praesertim
1005 2156 1093 2191 quo
1119 2144 1174 2181 ad
1199 2143 1463 2191 postremum
1488 2143 1742 2189 terminum)
1769 2143 1850 2181 Ex-

203 2199 428 2245 perientiae
458 2209 548 2235 non
578 2197 926 2245 correspondere.
957 2197 1149 2244 Ideoque
1174 2202 1346 2244 tempus
1371 2197 1616 2234 durationis
1642 2198 1735 2234 eius
1761 2208 1851 2234 non

203 2251 313 2298 posse
334 2250 498 2288 includi
519 2251 672 2289 diebus
693 2251 778 2295 ὅδὲ,
799 2256 842 2288 vt
860 2250 1108 2288 Moestlinus
1128 2255 1340 2294 autumat,
1362 2249 1573 2297 fiquidem
1594 2261 1620 2287 a
1640 2249 1743 2287 XIII
1761 2249 1850 2287 No-

204 2304 395 2342 uembris
411 2304 543 2351 vsque
559 2306 605 2342 in
621 2303 766 2342 XXVI
783 2304 977 2341 Ianuarii
993 2303 1287 2350 subsequentis
1304 2304 1422 2347 anni,
1445 2314 1533 2350 quo
1549 2308 1639 2341 toto
1656 2308 1851 2350 tempore

204 2369 230 2395 a
246 2357 372 2395 nobis
389 2357 657 2395 Obseruatus
678 2357 745 2401 est,
767 2356 1198 2404 comprehendantur
1214 2357 1305 2394 dies
1325 2357 1388 2401 74,
1409 2368 1489 2394 nec
1510 2355 1694 2394 dubium
1716 2355 1782 2400 est,
1804 2355 1850 2392 il-

205 2410 298 2448 lum
313 2410 513 2457 pauculis
529 2411 697 2457 aliquot
713 2410 865 2448 diebus
881 2415 982 2448 ante
999 2409 1101 2447 XIII
1119 2409 1386 2447 Nouembris
1402 2410 1586 2447 extitisse.

258 2463 342 2501 His
358 2464 536 2501 tandem
553 2464 740 2501 assumtis
756 2463 1052 2510 politionibus,
1069 2462 1307 2500 secundum
1323 2462 1438 2500 hanc
1456 2462 1526 2508 (de
1541 2474 1629 2509 qua
1643 2462 1850 2507 diximus)

205 2516 492 2564 Hypothefin,
510 2516 547 2554 8(
565 2528 664 2555 eam
680 2527 815 2564 quam
831 2518 1037 2563 opinatus
1049 2515 1104 2553 est
1116 2515 1315 2554 Cometae
1327 2516 1617 2560 durationem,
1634 2515 1851 2553 Tabulam

311 2577 345 2603 29
1665 2570 1851 2606 extruxit
