2209 3213
152 565 167 589 υἱ

135 830 165 855 10

134 1096 164 1121 15

112 1249 177 1280 268

130 1362 163 1387 20

129 1628 162 1652 25

128 1893 162 1918 30

526 234 1049 275 RECENTIORIBUS
1069 235 1528 275 PHAENOMENIS
1774 235 1850 274 223

205 341 348 385 batur;
361 341 491 388 idque
503 343 635 379 etiam
645 342 881 386 ordinario,
895 342 932 380 &
944 342 1144 390 regulari,
1157 354 1247 380 non
1257 345 1497 390 interrupto
1507 348 1582 381 aut
1591 354 1702 390 vago
1713 342 1849 387 cursu,

205 394 324 431 velut
344 394 440 432 haec
460 394 498 431 8(
519 394 607 432 3113
626 395 756 432 latius
778 396 888 433 libro
904 395 1120 442 sequente,
1142 407 1242 433 cum
1259 407 1311 433 ex
1328 396 1506 443 professo
1523 397 1575 434 de
1592 397 1748 434 eodem
1765 396 1849 434 Co-

205 452 321 484 meta
336 459 528 494 agemus,
547 459 569 485 e
586 450 710 485 certis
723 448 1114 486 Obseruationibus
1126 449 1416 492 ostendemus;
1434 449 1504 487 vbi
1522 452 1654 487 etiam
1669 449 1787 487 hunc
1804 451 1849 486 in

206 499 294 546 ipso
306 499 498 544 AEthere,
516 500 779 538 eiuscemodi
791 501 963 539 cursum
974 501 1260 549 defignauisse‚
1278 501 1449 540 inuictis
1462 502 1848 540 Demonstrationi-

204 553 285 590 bus
302 553 697 600 comprobabimus.
716 554 806 601 Ipse
823 566 1000 601 quoque
1013 554 1272 597 Moestlinus,
1290 557 1336 592 in
1347 555 1423 592 [110
1435 555 1487 593 de
1500 555 1583 593 hoc
1596 556 1752 593 eodem
1764 555 1849 593 Co-

204 610 320 643 meta
334 606 449 643 edito
461 606 640 653 Scripto,
657 618 831 644 mecum
843 609 889 644 in
900 610 1053 645 itinere
1066 607 1104 644 8(
1116 606 1247 645 ductu
1262 610 1367 651 eius,
1385 609 1591 655 quodque
1604 609 1848 646 Elementa—

204 660 261 696 ris
273 670 364 696 non
375 659 515 702 fuerit,
532 662 730 707 apprime
745 660 964 704 consentit,
981 661 1093 698 adeo
1105 665 1148 698 vt
1159 662 1271 698 inter
1283 661 1422 699 Orbes
1434 663 1565 699 trium
1577 662 1849 709 superiorum

203 711 495 757 Planetarum,
506 714 596 750 imo
606 713 661 750 ad
671 713 807 760 ipsam
816 713 946 760 vsque
956 714 1277 751 remotissimam
1288 714 1463 751 Saturni
1471 714 1713 761 Sphaeram,
1724 715 1849 752 11111111

203 764 399 802 attollere
420 777 511 803 non
529 766 745 804 dubitarit.
770 766 881 812 Quis
897 768 1024 814 igitur
1042 766 1223 813 (quaeso)
1240 769 1351 804 inter
1367 778 1521 805 omnes
1539 768 1678 805 Orbes
1695 770 1740 805 in
1756 770 1848 805 vni-

203 818 327 855 uerso
344 818 475 856 Coelo
495 821 759 863 inuenietur,
781 821 857 866 qui
877 831 953 866 per
974 824 1188 866 quaterna
1208 819 1325 867 figna
1343 825 1511 858 motum
1529 823 1623 858 eius
1639 826 1848 868 retrogra-

202 871 308 908 dum
318 871 500 916 excuset,
511 872 642 919 idque
652 877 773 910 tanta
782 872 1032 916 constantia,
1043 872 1081 910 8(
1090 873 1407 919 proportionali
1417 873 1732 911 conformitate.
1746 874 1848 912 Siue

202 926 321 961 enim
337 925 755 972 retrogradationem
767 925 980 969 Siderum,
997 937 1074 972 per
1086 925 1324 973 Epicyclos,
1341 925 1429 963 fiue
1440 938 1516 973 per
1528 929 1755 964 circuitum
1769 927 1848 965 Or·

201 977 267 1014 bis
289 977 437 1015 Terrae
461 989 675 1022 annuum,
700 978 788 1015 flue
812 990 1077 1025 quacunque
1103 978 1247 1016 adhuc
1273 979 1361 1016 alia
1386 981 1554 1016 ratione
1581 980 1847 1023 excusemus,

201 1030 453 1068 nullatenus
469 1036 559 1068 tam
575 1031 807 1075 diuturnae,
829 1031 866 1068 &
887 1042 963 1078 per
983 1036 1154 1068 tantum
1172 1031 1287 1069 Coeli
1303 1032 1586 1070 interuallum
1603 1035 1848 1071 excurrenti

201 1083 473 1130 repedationi
484 1084 731 1122 occasiones
743 1089 1037 1131 competentes
1049 1084 1331 1122 adducemus.
1344 1085 1461 1122 Licet
1473 1087 1591 1122 enim
1601 1086 1848 1123 Moestlinus

201 1138 247 1174 in
259 1137 414 1174 eodem
426 1136 593 1184 Scripto
605 1136 826 1175 affirmare
838 1148 930 1174 non
942 1137 1117 1181 dubitet,
1133 1137 1366 1175 Cometam
1378 1138 1496 1175 hunc
1508 1141 1611 1176 certi
1623 1139 1848 1177 cuiusdam

202 1189 332 1228 Orbis
352 1188 541 1234 ductum,
563 1202 654 1228 non
674 1192 821 1228 minus
842 1202 978 1237 quam
998 1192 1203 1237 priorem,
1225 1191 1278 1228 de
1295 1202 1384 1237 quo
1401 1203 1518 1229 nunc
1534 1191 1618 1229 hoc
1635 1192 1745 1230 libro
1761 1194 1847 1239 agi-

201 1254 312 1286 mus,
329 1242 561 1290 sequutum
576 1243 704 1287 fuisse,
722 1244 765 1281 id
780 1248 929 1281 tamen
944 1246 1089 1290 potius
1106 1244 1160 1281 ab
1177 1243 1252 1281 illo
1265 1240 1280 1294 ΙΙ
1292 1244 1591 1282 Demonstrati
1604 1257 1739 1292 quam
1751 1246 1847 1288 (1161,

201 1301 467 1343 exoptarem.
490 1296 579 1344 Ego
595 1296 709 1340 sane,
731 1297 873 1344 qualis
892 1296 963 1334 iste
981 1297 1111 1335 Orbis
1127 1297 1204 1334 esse
1220 1299 1420 1344 potuerit,
1442 1300 1516 1345 qui
1533 1310 1634 1335 cum
1650 1298 1847 1336 Planeta-

200 1361 299 1386 rum
315 1349 441 1387 cursu
457 1361 692 1387 commune
708 1350 875 1397 aliquid
891 1350 1082 1394 haberet,
1099 1355 1277 1397 tamque
1290 1355 1379 1388 toto
1393 1351 1522 1388 Coelo
1534 1352 1588 1389 ab
1601 1351 1686 1389 illis
1698 1351 1847 1389 discre-

200 1407 378 1449 pantem
390 1403 589 1441 Cometae
601 1408 771 1441 motum
782 1403 1073 1441 nihilominus
1086 1403 1321 1445 exhiberet.
1339 1415 1624 1451 nequaquam
1640 1405 1846 1452 assequor.

200 1455 251 1493 Et
270 1455 360 1502 ipsa
381 1457 513 1494 etiam
529 1456 789 1494 Latitudinis
809 1458 1006 1500 mutatio,
1028 1458 1074 1494 in
1094 1455 1182 1494 fine
1203 1457 1451 1504 praesertim,
1473 1457 1584 1495 adeo
1606 1460 1846 1505 repentina,

200 1508 328 1556 longe
351 1509 555 1546 dissimilis
578 1521 604 1547 a
626 1511 758 1547 trium
781 1509 1054 1557 superiorum
1077 1510 1332 1553 rationibus,
1359 1522 1452 1547 rem
1474 1510 1599 1548 aliter
1621 1511 1661 1548 se
1684 1511 1846 1549 habere

200 1562 422 1600 innuebat.
445 1562 603 1606 Taceo,
628 1563 745 1609 quod
768 1565 910 1600 maior
933 1565 1065 1600 etiam
1088 1562 1216 1600 fuerit
1238 1565 1284 1600 in
1306 1563 1463 1601 Latum
1485 1564 1688 1611 digressio,
1712 1576 1846 1611 quam

200 1615 292 1652 Poli
317 1615 504 1653 Orbium
528 1615 811 1653 Planetarum
836 1618 1069 1663 patiantur.
1097 1616 1364 1654 Nullatenus
1389 1618 1516 1664 igitur
1541 1616 1719 1655 ductum
1744 1619 1847 1655 certi

199 1668 386 1720 alicuius
402 1668 530 1712 orbis,
547 1674 760 1716 tanquam
777 1669 840 1706 illi
856 1668 1027 1712 affixus,
1044 1669 1303 1716 sequebatur
1319 1669 1389 1707 hic
1401 1670 1599 1713 Cometa,
1616 1670 1686 1708 sed
1702 1673 1847 1718 potius

199 1721 345 1765 libere,
366 1724 544 1769 propria
559 1722 633 1760 fibi
650 1724 843 1769 ingenita
859 1722 896 1759 &
913 1722 1103 1760 naturali
1121 1728 1267 1760 motus
1283 1722 1485 1767 Scientia‚
1506 1725 1552 1761 in
1572 1723 1846 1770 liquidissimo

199 1774 379 1812 AEthere
395 1774 626 1813 ferebatur.
644 1775 1034 1822 Quemadmodum
1051 1777 1182 1813 etiam
1199 1775 1398 1819 Cometa,
1419 1778 1618 1823 proxime
1635 1776 1779 1824 elapso
1795 1777 1846 1815 85

199 1839 319 1865 anno
336 1827 599 1875 conspectus,
616 1828 801 1876 idipsum
817 1828 984 1875 liquido
1000 1828 1241 1866 testabatur.
1260 1829 1298 1866 Is
1316 1831 1446 1873 enim,
1464 1832 1535 1867 vix
1547 1832 1676 1867 vnius
1688 1832 1845 1867 minuti

199 1881 450 1919 Parallaxin
459 1882 698 1925 admittere,
709 1882 1028 1920 accuratissimis
1039 1881 1427 1920 Obseruationibus
1437 1895 1463 1920 a
1472 1894 1542 1920 me
1553 1882 1847 1930 deprehensus

200 1934 267 1978 est,
288 1934 407 1972 velut
428 1936 572 1978 etiam,
594 1935 852 1972 Illustrissimi
873 1935 1083 1982 Principis
1101 1935 1415 1973 WILHELMI
1436 1936 1846 1974 LANDTGRAVII

199 1987 431 2026 HASSIAE
444 1987 799 2031 Mathematicus,
813 1988 1306 2026 CHRISTOPHORVS
1321 1989 1847 2033 ROTHMANNVS,Vir

199 2040 523 2085 Eruditissimus,
550 2041 588 2078 8(
614 2041 775 2079 Rerum
800 2041 1203 2079 Astronomicarum
1229 2042 1490 2080 excellenter
1514 2045 1690 2089 peritus,
1715 2043 1846 2090 plane

141 2097 161 2128 †
199 2094 369 2132 nullam
385 2094 500 2132 fuisse
517 2094 649 2132 huius
666 2094 865 2132 Cometae
882 2094 1144 2137 Parallaxin,
1162 2106 1215 2132 ex
1230 2095 1360 2142 ipsius
1376 2098 1604 2143 apparenti
1620 2101 1743 2133 motu
1760 2096 1846 2133 De-

127 2425 161 2450 40

199 2147 465 2185 monstrauit.
483 2147 522 2184 Is
540 2147 756 2195 (inquam)
775 2148 973 2191 Cometa,
991 2159 1147 2185 reuera
1158 2147 1405 2192 AEthereus‚
1423 2149 1588 2186 nullius
1604 2154 1752 2187 tamen
1767 2149 1846 2186 Or—

198 2200 263 2238 bis
279 2202 382 2238 certi
400 2201 738 2244 reuolutionem,
755 2201 784 2238 fi
800 2201 861 2238 illi
878 2212 923 2238 re
940 2200 1029 2248 ipsa
1046 2201 1175 2239 Coelo
1196 2201 1401 2248 affigendi
1423 2202 1560 2246 essent,
1582 2204 1846 2240 concomita-

198 2252 337 2296 batur,
363 2253 432 2292 sed
455 2254 589 2292 libere
612 2257 789 2302 proprio
813 2254 1093 2300 naturalique
1116 2253 1259 2298 ductu,
1284 2254 1321 2292 &
1345 2266 1397 2292 eo
1420 2255 1518 2293 satis
1542 2256 1778 2297 ordinario,
1802 2258 1847 2292 in

198 2307 416 2353 purissimo
432 2307 612 2345 AEthere
629 2307 996 2355 progrediebatur.
1019 2307 1313 2345 Conuincitur
1329 2310 1488 2355 itaque,
1510 2309 1579 2346 vel
1596 2320 1649 2346 ex
1665 2308 1733 2346 his
1749 2308 1847 2345 solis

198 2359 389 2398 duorum
401 2360 689 2398 Cometarum
701 2360 1013 2398 AEthereorum
1026 2360 1428 2404 Obseruationibus,
1441 2361 1496 2399 ob
1508 2367 1677 2399 motum
1690 2373 1846 2399 eorun-

199 2413 299 2450 dem
310 2425 401 2460 prae
412 2415 578 2451 caeteris
588 2414 777 2452 Planetis
789 2414 1068 2461 peculiarem,
1082 2414 1227 2451 nullos
1240 2414 1412 2452 realiter
1424 2415 1600 2452 existere
1612 2417 1657 2452 in
1667 2415 1846 2452 AEthere

199 2466 351 2510 Orbes,
368 2478 448 2504 nec
461 2467 641 2505 Coelum
652 2467 791 2514 ipsum
804 2479 857 2504 ex
869 2467 979 2505 dura
992 2466 1029 2503 8(
1041 2469 1243 2514 inperuia
1254 2470 1439 2505 materia
1450 2468 1655 2511 constare,
1672 2468 1741 2505 sed
1758 2467 1847 2515 ipsa

198 2518 351 2557 Sidera
363 2519 558 2558 obtinere
570 2520 817 2558 naturalem
830 2519 1055 2567 quandam
1067 2519 1105 2557 &
1117 2526 1365 2563 connatam,
1378 2527 1453 2558 aut
1464 2523 1608 2568 potius
1622 2521 1846 2610 Diuinitug

1792 2585 1817 2610 a
