2209 3213
356 214 432 251 350
850 209 932 246 DE
954 207 1179 246 MUNDI
1200 206 1501 244 AETHEREI

357 319 542 363 sequitur
559 317 798 355 necessario.
817 315 1047 352 Cometam
1064 313 1202 359 ipsum
1218 312 1357 349 multo
1373 314 1520 349 minus
1531 314 1670 349 motui
1682 314 1809 358 primi
1821 312 1994 350 mobilis

357 371 545 409 restitisse.
563 367 871 415 perfedtiusque
889 378 988 403 cum
1005 377 1057 403 eo
1074 365 1337 408 reuolutum‚
1355 376 1490 411 quam
1502 365 1645 408 Luna;
1662 365 1850 412 ideoque
1863 365 1994 413 plane

356 424 620 460 contrarium
638 423 742 461 eius,
760 420 877 466 quod
889 418 1170 456 Wincklerus
1186 418 1335 461 voluit,
1353 429 1405 454 ex
1422 417 1505 455 hoc
1521 417 1650 465 ipfius
1666 420 1843 465 proprio
1855 419 1992 466 Argu-

356 481 501 512 mento
518 474 710 515 infertur,
729 473 960 510 Cometam
977 471 1174 509 videlicet
1190 471 1318 518 longe
1334 470 1461 517 supra
1473 471 1646 508 Lunam
1657 473 1703 508 in
1713 471 1803 518 ipso
1814 471 1993 509 AEthere

356 531 432 565 iter
453 528 576 564 suum
598 526 828 563 confecisse.
851 525 1003 562 Minor
1024 526 1141 561 enim
1163 526 1256 561 eius
1276 523 1509 570 propofitio
1531 524 1590 570 (vt
1611 524 1717 570 dixi)
1738 524 1869 571 plane
1890 524 1994 562 salsa

356 581 421 623 est,
445 581 637 626 dumque
661 590 759 616 eam
781 580 891 615 tueri
915 582 1109 620 conatur,
1133 579 1206 614 vix
1229 577 1347 623 quod
1370 577 1494 619 dicat,
1520 576 1662 621 habet,
1686 577 1756 614 sed
1779 577 1898 624 quafi
1921 578 1993 615 ob-

355 633 593 671 mutescens
610 632 757 674 haeret,
773 631 962 669 breuiter
973 630 1121 668 saltem
1134 629 1171 667 &
1183 630 1312 667 nudis
1324 630 1466 667 verbis
1477 626 1792 680 asse-uuerando
1804 630 1859 674 id,
1876 630 1993 677 quod

356 699 377 723 e
399 688 521 723 certis
543 684 931 723 Obseruationibus
951 686 1094 731 potius
1112 683 1390 730 probandum
1410 682 1472 720 illi
1493 682 1783 721 incumbebat.
1811 683 1916 727 Imo,
1938 695 1993 721 ne

356 739 392 776 &
416 739 498 776 hoc
522 738 812 785 superaddens
835 738 1176 784 praetermittam,
1200 736 1336 783 ipsam
1359 737 1491 774 etiam
1511 738 1724 774 maiorem
1745 736 1994 784 propofitio-

356 803 468 833 nem.
486 797 576 828 vtut
592 803 682 828 non
699 790 836 828 solum
853 801 929 836 per
940 789 1240 827 Aristoteleam
1253 788 1590 833 Authoritatem,
1607 789 1677 827 sed
1694 791 1825 827 etiam
1841 801 1864 827 e
1881 801 1995 827 com-

355 847 543 882 muniter
563 849 733 890 recepta
754 845 962 890 opinione
983 843 1132 880 fucum
1153 842 1294 885 faciat,
1316 853 1407 879 non
1428 844 1549 879 omni
1571 853 1623 880 ex
1643 847 1764 890 parte
1783 842 1995 890 approba-

355 901 518 935 tionem
539 899 707 934 mereri.
730 897 846 934 Licet
863 898 981 934 enim
997 898 1042 933 in
1059 895 1233 933 Mundo
1250 897 1413 933 coaeuis
1430 895 1651 933 Sideribus
1672 895 1818 933 locum
1834 895 1995 934 habere

356 952 567 988 videatur:
590 956 737 988 tamen
758 961 858 987 cum
878 949 949 987 hae
970 949 1250 987 Secundariae
1272 948 1429 991 Stellae,
1454 948 1506 986 de
1528 948 1685 995 quibus
1706 960 1823 986 nunc
1844 951 1995 996 agitur,

356 1016 445 1041 non
462 1004 626 1050 semper
641 1003 921 1041 subiiciantur
937 1002 1085 1040 iisdem
1101 1002 1266 1049 legibus
1282 1007 1496 1045 motuum,
1519 1002 1676 1048 quibus
1697 1007 1907 1049 perpetua
1922 1002 1997 1040 illa

355 1057 517 1097 Sidera.
534 1056 603 1094 sed
619 1056 861 1103 peculiares
873 1055 1083 1102 quasdam
1094 1056 1408 1102 praerogatiuas
1421 1054 1657 1098 obtineant,
1669 1060 1712 1092 vt
1724 1066 1777 1092 ex
1792 1054 1995 1102 ipsorum,

355 1112 500 1148 tamin
512 1110 712 1156 Longum
729 1120 863 1155 quam
874 1109 1044 1151 Latum,
1062 1107 1353 1146 diuerfimoda
1369 1107 1638 1152 discursione,
1656 1108 1838 1156 diligens
1855 1107 1893 1146 &
1909 1119 1996 1146 cre-

355 1164 431 1200 bra
440 1162 696 1200 Obseruatio
705 1162 892 1205 testatum
905 1162 1064 1199 idcirco
1076 1161 1144 1198 his
1152 1163 1278 1198 metis
1288 1160 1514 1208 constringi
1524 1172 1808 1208 nequaquam
1819 1162 1996 1209 possunt.

356 1217 448 1253 Nec
465 1215 608 1259 obstat,
626 1215 743 1262 quod
760 1217 805 1252 in
821 1214 910 1262 ipso
925 1214 1054 1253 Coelo
1070 1225 1226 1252 reuera
1241 1219 1514 1262 generentur,
1531 1219 1574 1252 vt
1590 1226 1681 1252 non
1696 1213 1835 1252 solum
1851 1217 1897 1252 in
1912 1214 1996 1252 hoc

356 1270 539 1307 Cometa
564 1268 633 1315 (de
654 1280 742 1315 quo
762 1279 880 1305 nunc
901 1267 1087 1315 agimus)
1110 1267 1180 1305 sed
1203 1269 1249 1305 in
1269 1267 1475 1305 omnibus
1494 1267 1591 1305 aliis
1611 1267 1753 1305 nostro
1774 1279 1875 1305 aeuo
1896 1279 1996 1306 con-

354 1321 513 1369 spectis,
536 1324 580 1359 in
600 1327 689 1359 toto
705 1321 789 1359 hoc
806 1321 950 1368 Opere
967 1333 993 1359 a
1008 1321 1134 1359 nobis
1151 1320 1501 1368 irrefragabiliter
1517 1320 1864 1365 Demonstratur;
1885 1321 1997 1359 adeo

354 1381 397 1413 vt
413 1375 584 1422 prorsus
600 1376 645 1412 in
662 1386 714 1412 ea
730 1374 805 1412 fim
821 1374 1056 1417 Sententia,
1074 1374 1220 1412 nullos
1235 1385 1432 1421 vnquam
1449 1374 1657 1412 Cometas
1674 1374 1812 1412 Lunae
1828 1374 1997 1412 sedibus

356 1428 580 1466 inferiores
602 1427 802 1470 effulfisse,
825 1427 1016 1474 alibique
1037 1439 1158 1465 meas
1175 1429 1378 1471 rationes,
1400 1439 1476 1465 cur
1491 1429 1551 1465 ita
1566 1427 1760 1471 statuam,
1781 1427 1997 1471 indicabo,

356 1481 393 1519 &
410 1484 472 1523 iis,
490 1493 589 1528 quae
607 1483 770 1528 opponi
786 1482 831 1518 in
848 1482 1116 1519 contrarium
1132 1481 1308 1528 possunt,
1326 1480 1607 1527 respondebo.
1630 1480 1745 1518 Cum
1763 1482 1880 1518 enim
1897 1480 1997 1519 Coe-

355 1535 446 1572 lum
458 1534 708 1571 vniuersum
724 1533 769 1571 fit
780 1534 940 1580 vbique
955 1536 1159 1581 peruium
1176 1533 1213 1571 &
1229 1533 1564 1580 liquidissimum‚
1581 1533 1795 1580 nullisque
1809 1533 1998 1572 Orbibus

356 1588 557 1629 realibus,
574 1592 617 1624 vt
632 1586 736 1625 falso
753 1585 963 1625 hactenus
980 1599 1006 1625 a
1021 1587 1234 1634 plerisque
1249 1587 1460 1624 creditum
1477 1586 1543 1631 est,
1561 1586 1816 1631 confertum,
1833 1588 1998 1634 possunt

355 1643 501 1687 vtique
518 1640 612 1678 haec
625 1640 892 1678 Secundaria
903 1640 1027 1678 Astra
1042 1640 1175 1678 libere
1192 1642 1237 1677 in
1249 1651 1301 1677 eo
1314 1641 1478 1687 agitari,
1495 1651 1760 1687 quocunque
1773 1639 1998 1678 Naturalis

356 1693 435 1731 fert
450 1695 648 1740 impetus,
667 1693 704 1730 ἀ
721 1704 985 1740 quacunque
1001 1693 1179 1731 tandem
1196 1695 1485 1731 concitatione
1502 1695 1538 1730 is
1554 1693 1773 1741 dirigatur.

410 1747 477 1784 Sic
497 1747 673 1784 vltimus
694 1746 880 1784 Cometa
899 1747 1021 1784 Anni
1041 1746 1104 1789 85,
1129 1748 1203 1793 qui
1224 1748 1330 1784 citra
1350 1758 1482 1784 omne
1503 1746 1698 1790 dubium,
1721 1745 1849 1794 longe
1872 1746 2000 1794 supra

358 1800 504 1838 Solem
513 1799 741 1843 ferebatur,
753 1799 863 1837 adeo
872 1805 916 1837 vt
926 1800 1236 1837 Eruditissimus
1246 1799 1322 1836 Vir
1332 1799 1670 1847 Chrfflophorus
1680 1798 1998 1843 Rothmannus‚

359 1852 699 1890 Mathematicus
722 1852 1085 1900 Landgrauianus
1109 1852 1202 1899 (qui
1225 1854 1422 1900 apprime
1445 1864 1619 1890 mecum
1639 1854 1685 1890 in
1705 1852 1835 1900 ipfius
1855 1852 1998 1890 Paral-

359 1906 529 1943 laxibus
550 1906 791 1943 enodandis
813 1905 1121 1951 consentiebat)
1145 1917 1236 1943 non
1260 1905 1463 1944 dubitarit
1487 1917 1589 1943 eum
1611 1908 1657 1943 in
1679 1906 1999 1944 remotissimam

359 1959 533 1996 Saturni
552 1958 781 2005 Sphaeram
802 1970 1025 2005 reponere,
1047 1961 1169 1996 iuxta
1188 1959 1429 2006 primordia
1449 1959 1536 1996 suae
1557 1960 1855 2006 apparitionis,
1877 1964 1999 1996 motu

360 2012 517 2049 diurno
537 2013 726 2059 proprio,
749 2013 922 2059 integris
938 2014 1070 2049 ternis
1086 2012 1289 2059 gradibus
1306 2012 1588 2049 Reuolutioni
1604 2013 1732 2059 primi
1748 2011 1921 2050 mobilis
1937 2023 1999 2049 re-

360 2063 613 2106 ludtabatur,
635 2066 703 2101 cui
723 2064 897 2102 Saturni
915 2064 1047 2102 Stella
1066 2064 1215 2102 saltem
1236 2064 1407 2102 duobus
1427 2065 1636 2112 scrupulis
1658 2065 1818 2107 obuiat,
1840 2065 2001 2112 Iupiter

361 2119 517 2164 quinis,
540 2117 663 2154 Mars
683 2119 786 2155 min.
809 2117 892 2156 323.
915 2117 1180 2155 Nullatenus
1201 2120 1328 2165 igitur
1350 2117 1499 2166 ijsdem
1520 2123 1722 2155 motuum
1742 2118 1907 2165 legibus
1928 2118 2000 2155 ob-

361 2172 519 2207 noxius
536 2175 637 2213 erat,
656 2170 813 2217 quibus
824 2170 937 2208 vllus
955 2182 1007 2208 ex
1023 2170 1090 2208 his
1106 2171 1241 2208 tribus
1254 2171 1454 2215 Planetis,
1472 2182 1582 2218 quos
1598 2171 1839 2218 superiores
1855 2170 2000 2218 appel-

360 2223 462 2266 lant,
480 2219 494 2272 ΙΙ
510 2228 601 2260 vtut
613 2225 658 2260 in
670 2225 731 2260 rei
743 2223 931 2260 Veritate
944 2224 1201 2261 tantundem
1213 2235 1239 2261 a
1250 2223 1386 2261 Terra
1397 2224 1597 2267 distiterit,
1615 2229 1831 2271 quantum
1847 2235 2001 2261 eorum

361 2276 535 2322 aliquis;
552 2275 621 2313 sed
637 2276 775 2313 multo
790 2276 985 2314 celeriori
997 2278 1286 2314 concitatione
1298 2277 1353 2314 ab
1366 2277 1533 2315 Occasu
1544 2279 1590 2314 in
1602 2277 1760 2315 Ortum
1771 2276 2000 2314 ferebatur.

415 2329 465 2366 Et
481 2329 585 2375 quid
601 2329 794 2366 dicemus
811 2329 863 2367 de
881 2329 1066 2367 Cometa
1082 2330 1202 2367 Anni
1218 2330 1280 2374 80,
1299 2332 1374 2377 qui
1390 2330 1526 2377 ipsam
1541 2331 1670 2377 primi
1686 2329 1860 2367 mobilis
1875 2341 2000 2367 reuo-

361 2382 585 2425 lutionem‚
602 2381 678 2419 suo
694 2384 870 2429 proprio
887 2382 1011 2419 cursu
1027 2382 1080 2420 ab
1094 2382 1272 2420 Oriente
1284 2385 1330 2420 in
1343 2383 1636 2427 Occidentem,
1653 2388 1743 2421 toto
1759 2382 2001 2420 durationis

361 2439 568 2481 tempore.
590 2434 913 2473 anteuertebat'?
935 2435 1149 2482 Perpetuo
1170 2437 1289 2473 enim
1309 2441 1460 2474 contra
1480 2436 1680 2474 ordinem
1700 2435 1934 2483 Signorum
1955 2437 2002 2473 in

361 2488 661 2525 antecedentia
684 2487 917 2531 ferebatur;
941 2499 1049 2525 num
1070 2488 1124 2525 ob
1145 2488 1187 2525 id
1211 2488 1282 2526 ille
1303 2500 1395 2526 non
1414 2488 1554 2527 solum
1573 2489 1701 2536 supra
1721 2489 2001 2526 Planetarum

1850 2541 2001 2585 Orbes,

2018 637 2077 669 441

2037 803 2067 828 10

2038 1068 2067 1093 15

2035 1333 2068 1358 20

2036 1600 2069 1624 25

2037 1864 2070 1890 30

2039 2130 2072 2155 35

2025 2229 2090 2261 442

2039 2394 2072 2420 40
