2209 3213
133 827 163 852 10

134 1094 163 1118 15

131 1412 164 1437 20

113 1672 178 1703 246

130 1944 164 1968 30

131 2210 164 2235 35

132 2476 166 2500 40

523 232 1045 271 RECENTIORIBUS
1066 232 1523 270 PHAENOMENIS
1771 231 1848 269 207

201 337 422 376 fectiorem
443 337 800 381 elaborationem,
824 338 957 376 fidem
977 343 1241 383 mereantur,
1265 338 1554 376 nihilominus
1576 338 1779 382 aliorum,
1803 340 1848 375 in

201 391 325 428 fimili
335 393 521 438 negotio,
529 391 710 428 decretis
719 393 814 438 pari
822 391 993 429 bilance
1004 391 1321 434 examinandis,
1331 391 1368 429 8(
1376 391 1680 429 ficontrarium
1688 391 1847 429 astrux-

202 446 324 487 erint,
341 446 496 482 merito
513 444 825 491 improbandis,
841 444 939 482 satis
953 444 1167 491 superque
1179 444 1408 482 sufficiunt.
1426 445 1584 491 Neque
1598 446 1715 482 enim
1727 444 1848 482 aliud

201 509 255 535 ex
270 496 338 534 his
354 496 451 544 ipfis
467 496 626 534 inferre
642 496 910 544 propositum
923 503 1030 540 erat;
1047 497 1257 544 liquidem
1269 498 1367 535 satis
1379 498 1488 535 mihi
1499 497 1768 545 perspectum
1781 497 1848 540 est,

201 550 316 588 hanc
323 552 368 587 in
375 549 677 587 Parallaxibus
685 549 976 588 discernendis
986 552 1378 593 ratiocinationem,
1386 551 1847 594 PraxiAstronomicae‚

200 603 436 650 praesertim
445 603 515 640 vbi
528 605 721 640 minores
732 602 892 640 fuerint
904 602 1098 650 aspectus
1110 603 1388 647 diuerfitates,
1399 608 1491 641 vtut
1503 604 1592 651 ipsa
1601 604 1850 642 dedomena

200 656 370 693 summa
385 655 580 694 adhibita
596 656 819 703 diligentia
836 655 873 693 &
889 656 1142 703 praecifione
1159 656 1460 699 exhibeantur,
1482 669 1573 694 non
1594 657 1848 695 omnimode

200 708 456 747 satisfacere.

254 762 545 809 Quapropter,
556 773 656 800 cum
667 773 719 799 ea
729 773 830 809 quae
840 761 1032 809 exipsius
1042 762 1300 800 Illustrissimi
1311 762 1650 800 GVILHELMI
1661 763 1847 801 LAND-

202 815 403 853 GRAVII
419 814 651 853 HASSIAE
667 815 723 853 ad
738 827 808 852 me
824 815 951 852 missis
968 815 1370 859 Obseruationibus
1392 818 1437 853 in
1455 815 1539 853 hoc
1557 816 1754 861 Cometa,
1778 828 1847 854 ex-

201 879 364 915 ponere
386 868 423 906 &
445 868 738 912 demonstrare
759 867 1076 911 constitueram,
1100 869 1255 906 nostrae
1276 870 1520 913 intentioni,
1543 881 1646 907 eum
1666 869 1848 907 senfibili

200 921 418 959 Parallaxi
435 933 526 959 non
542 921 657 959 fuisse
674 921 929 963 obnoxium,
950 920 1188 969 suffragari,
1205 921 1491 959 multifariam
1507 922 1545 959 8(
1562 923 1787 960 euidenter
1803 925 1847 960 in

200 974 557 1012 antecedentibus
580 986 606 1012 a
628 974 754 1012 nobis
778 974 1060 1012 Geometrica
1083 974 1120 1012 8(
1143 975 1431 1012 Arithmetica
1455 976 1709 1013 certitudine
1733 988 1848 1013 com-

200 1028 433 1075 probatum
448 1027 506 1071 fit,
524 1027 659 1071 restat,
676 1032 719 1065 vt
736 1027 925 1065 aliorum
938 1030 1069 1066 etiam
1082 1030 1157 1075 qui
1170 1028 1354 1075 idipsum
1367 1029 1573 1075 assequuti
1585 1029 1692 1071 sunt,
1710 1031 1848 1066 anim-

201 1080 480 1119 aduerfiones
503 1080 540 1118 8(
560 1081 731 1128 placita,
755 1083 801 1118 in
821 1081 1017 1118 medium
1038 1081 1326 1128 proferamus,
1352 1081 1389 1118 8(
1412 1082 1467 1119 ad
1490 1082 1626 1129 ipsam
1647 1082 1850 1120 Veritatis

201 1134 409 1177 amussim,
426 1136 521 1181 pari
537 1134 674 1172 studio
691 1134 1005 1181 expendamus.

309 1225 383 1269 M.
407 1225 737 1269 MICHAEL
759 1225 1177 1269 MOESTLINVS
1199 1225 1741 1270 GOEPPINGENSIS.

288 1293 602 1331 DIDERUNT
612 1296 658 1331 in
670 1293 894 1341 publicum
906 1294 1111 1331 nonnulli
1124 1294 1280 1331 eruditi
1290 1294 1381 1331 Viri
1393 1294 1539 1341 passim
1550 1296 1595 1331 in
1606 1294 1850 1332 Germania

306 1346 377 1393 (ex
397 1346 494 1394 alijs
515 1348 634 1384 enim
654 1347 845 1394 Europae
864 1347 1140 1394 Regionibus‚
1162 1347 1273 1384 nihil
1295 1347 1556 1385 eiuscemodi
1577 1348 1632 1385 ad
1656 1359 1736 1385 nos
1757 1359 1850 1395 per—

201 1399 339 1446 uenit)
360 1399 470 1444 suas,
495 1411 605 1447 quas
625 1400 677 1438 de
698 1400 783 1438 hoc
804 1400 991 1438 Cometa
1012 1405 1303 1447 conceperant
1324 1400 1636 1443 conclusiones,
1661 1413 1851 1448 quorum

201 1452 398 1500 plerique
423 1453 572 1491 saltem
597 1453 847 1501 generalem
872 1456 966 1491 eius
992 1453 1395 1497 considerationem,
1424 1459 1641 1500 quatenus
1667 1454 1736 1491 vel
1761 1454 1851 1491 solo

202 1506 368 1544 oculari
385 1508 556 1551 intuitu,
574 1507 630 1544 ad
642 1506 748 1544 Fixa
760 1507 912 1545 Sidera
928 1506 1140 1544 relatione
1157 1505 1280 1550 facta,
1298 1507 1592 1544 animaduerti
1608 1512 1788 1554 poterat,
1806 1510 1852 1544 in

202 1559 398 1597 medium
422 1559 712 1606 protulerunt:
739 1562 809 1598 cui
831 1560 1118 1607 vtplurirnum
1141 1559 1420 1607 Astrologicae
1446 1560 1652 1607 quaedam
1678 1561 1730 1598 de
1757 1562 1850 1598 eius

203 1611 436 1656 effectibus,
453 1618 582 1660 prout
594 1613 801 1660 cuiusque
812 1613 976 1651 ferebat
988 1615 1151 1661 opinio,
1166 1612 1429 1651 coniecturae
1442 1613 1540 1659 (has
1553 1616 1671 1651 enim
1683 1625 1709 1651 a
1720 1614 1850 1661 vulgo

203 1666 378 1703 auidius
400 1668 542 1713 expeti
563 1668 725 1713 optime
745 1663 855 1716 fi-ssbi
873 1666 1026 1714 conscij
1048 1666 1187 1712 erant)
1209 1666 1590 1714 subiungebantur.
1612 1667 1851 1704 Paucissimi

203 1717 479 1763 exafflorem,
489 1719 728 1757 secundum
740 1721 843 1757 artis
853 1719 1183 1757 Mathematicae
1195 1719 1495 1763 fundamenta,
1506 1719 1850 1767 descriptionem,

202 1777 245 1810 vt
266 1774 546 1820 apparentias
567 1774 673 1816 eius,
695 1772 733 1810 8(
755 1784 808 1810 ex
829 1772 897 1810 his
918 1772 1123 1811 deductas
1142 1772 1394 1810 Parallaxes
1415 1773 1640 1811 euidenter
1656 1773 1851 1811 Demon-

201 1825 392 1869 strarent,
409 1826 580 1873 aggressi
596 1825 703 1864 sunt.
721 1825 767 1863 Id
780 1825 809 1863 fi
820 1825 1017 1870 fecissent,
1035 1828 1191 1863 certius
1207 1826 1292 1863 illis
1308 1827 1562 1869 innotuisset,
1580 1838 1638 1864 an
1650 1826 1849 1864 Elemen-

202 1880 318 1923 taris,
339 1879 409 1916 vel
429 1878 647 1917 aethereus
668 1881 703 1916 is
724 1879 911 1917 Cometa
932 1881 1128 1923 extiterit,
1153 1891 1242 1926 qua
1264 1881 1309 1916 in
1332 1885 1466 1926 parte,
1490 1882 1601 1917 inter
1624 1879 1850 1927 plerosque

202 1932 314 1970 adeo
331 1932 570 1970 dissidentes
586 1937 709 1970 erant
724 1932 958 1976 sententiae,
976 1937 1019 1970 vt
1036 1934 1105 1970 cui
1121 1934 1265 1980 potius
1282 1932 1480 1970 standum
1491 1932 1612 1977 foret,
1629 1945 1761 1971 nemo
1774 1933 1851 1971 nis1

201 1985 361 2023 harum
382 1997 529 2023 rerum
550 1988 747 2033 apprime
764 1997 938 2033 gnarus,
960 1986 998 2023 8(
1019 1988 1064 2023 in
1082 1985 1471 2024 Obseruationibus
1489 1986 1758 2030 Coelestibus,
1781 1998 1850 2024 ea-

201 2050 389 2085 rumque
414 2039 471 2077 ad
495 2039 618 2077 vsum
644 2039 950 2087 applicatione,
981 2039 1056 2077 diu
1081 2039 1359 2086 multumque
1384 2039 1588 2083 versatus,
1616 2039 1742 2077 facile
1768 2039 1851 2077 sese

202 2093 430 2130 extricarit.

256 2145 371 2183 Inter
393 2157 548 2183 omnes
568 2157 685 2189 vero,
710 2157 901 2192 quorum
922 2145 1076 2192 scripta
1098 2145 1153 2183 ad
1174 2145 1338 2183 nostras
1358 2157 1518 2183 manus
1541 2152 1850 2193 peruenerunt,

202 2209 334 2236 nemo
356 2199 567 2236 eruditius
589 2198 626 2236 &
648 2198 922 2246 ingeniosius,
945 2210 1078 2236 nemo
1095 2200 1227 2236 etiam
1243 2201 1580 2237 conuenientius
1597 2199 1635 2236 8(
1650 2199 1850 2246 probabi-

202 2251 287 2289 lius
303 2251 356 2289 de
372 2251 456 2289 hoc
473 2252 659 2290 Cometa
676 2252 811 2299 (quod
827 2257 975 2289 tamen
991 2251 1113 2289 saluo
1130 2251 1319 2289 aliorum
1336 2252 1518 2296 honore,
1540 2252 1578 2290 &
1599 2251 1747 2290 relic'to
1765 2255 1851 2290 cui-

202 2304 305 2342 libet
320 2304 396 2342 suo
413 2305 574 2343 iudicio
592 2304 753 2343 dictum
769 2304 888 2351 volo)
906 2305 1176 2343 Sententiam
1191 2305 1381 2352 protulit,
1399 2317 1534 2352 quam
1546 2305 1749 2353 Magister
1762 2306 1851 2343 MI-

204 2357 408 2395 CHAEL
438 2358 804 2402 MOESTLINVS‚
840 2360 915 2405 qui
944 2363 1047 2396 tunc
1076 2360 1296 2405 temporis,
1331 2360 1377 2396 in
1408 2359 1582 2406 Oppido
1613 2359 1852 2406 Backnang

204 2410 457 2449 Diaconum
469 2412 634 2459 agebat,
651 2423 770 2449 nunc
781 2423 898 2455 vero,
911 2417 954 2449 vt
965 2411 1171 2459 intelligo,
1188 2412 1443 2450 Academiae
1455 2412 1739 2460 Tubingenfis
1752 2412 1851 2449 Pro-

203 2463 324 2501 fessor
335 2464 663 2503 Mathematum
675 2465 825 2507 existit;
838 2466 962 2502 cuius
973 2464 1120 2508 solida,
1132 2467 1179 2502 in
1190 2465 1318 2503 rebus
1326 2465 1638 2503 Astronomicis
1651 2467 1851 2513 cognitio,

204 2516 242 2554 &
261 2517 464 2556 Veritatis
486 2520 532 2556 in
554 2517 623 2556 his
645 2518 934 2565 inquirendae,
958 2518 1311 2565 illustrandaeque
1334 2518 1519 2556 studium
1541 2521 1764 2561 eximium,
1788 2521 1850 2555 in-

1701 2582 1851 2618 primis
