2209 3213
394 213 471 250 470
790 207 1259 246 APOLOGETICA
1281 206 1636 245 RESPONSIO

394 318 493 364 qvid
511 316 652 363 qvaeso
670 314 859 352 didlurus
877 325 921 351 es
937 314 989 351 de
1007 325 1124 351 nova
1140 313 1215 350 illa
1228 313 1283 350 ad
1296 311 1568 359 Cassiopeam
1583 312 1711 358 stella,
1729 325 1825 360 qvae
1837 325 1914 360 per
1925 315 2030 351 inte-

393 381 516 417 grum
539 379 707 406 annum
731 373 769 404 et
792 367 966 413 insuper
988 366 1275 413 qvadrantem
1295 367 1341 402 in
1362 365 1517 403 eodem
1537 366 1709 412 prorsus
1728 366 1825 404 loco
1848 368 2031 404 immota

392 423 575 470 perstitit.
593 426 718 467 atqve
735 419 863 457 instar
879 419 1114 457 affixarum
1130 418 1360 462 stellarum,
1378 417 1488 455 nulli
1505 418 1577 466 alij
1597 430 1728 465 qvam
1744 418 2030 457 revolutionis

394 477 561 513 diurnae
585 475 723 511 motui
747 473 939 510 obnoxia
962 472 1052 516 fuit,
1076 471 1312 519 praesertim
1336 483 1435 509 cum
1456 471 1511 509 ad
1529 471 1684 509 Polum
1706 472 1917 510 circulum
1939 484 2030 510 non

392 535 479 565 tam
501 537 710 573 magnum
733 527 913 563 circuitu
934 525 1120 563 universi
1141 525 1379 572 designarit,
1402 530 1448 562 ut
1469 521 1797 574 Hori-{lzontem
1816 524 1907 563 ullo
1924 530 2029 563 tem·
2054 532 2114 564 36r

392 592 495 628 pore
517 582 562 616 in
582 579 664 616 hac
686 579 861 616 Boreali
882 579 1036 616 mundi
1059 578 1187 626 plaga
1208 578 1392 621 subierit,
1416 577 1528 615 adeo
1549 583 1594 615 ut
1613 578 1679 616 bis
1699 579 1744 615 in
1765 577 2029 623 Meridiano‚

391 640 480 671 tam
500 632 627 679 supra
648 643 778 678 qvam
799 631 913 669 infra
928 631 1097 676 Polum,
1118 643 1209 669 una
1227 636 1267 669 et
1286 631 1440 669 eadem
1458 629 1584 668 noae
1599 630 1818 678 saepissime
1835 631 2030 670 observa·

391 688 499 724 tioni
519 687 716 732 patuerit.
740 684 850 730 Qvae
869 687 1020 723 omnia
1036 691 1125 723 tam
1142 684 1314 722 facilem
1331 690 1457 731 atqve
1474 689 1615 722 ratam
1632 683 1882 722 Parallaxes
1898 684 2030 723 deno-

391 739 511 777 tandi
528 737 798 776 occafionem
814 738 1108 784 praebuerunt,
1131 743 1177 776 ut
1195 737 1319 775 nulla
1335 738 1477 784 major
1492 737 1562 774 vel
1579 737 1819 784 expeditior
1834 749 2031 784 unqvam

392 794 530 839 optari
546 793 745 838 potuerit.
764 791 880 829 Cum
896 793 1024 838 igitur
1039 793 1084 829 in
1100 790 1176 829 illa
1191 790 1308 828 stella
1324 796 1412 828 tam
1426 792 1551 837 juxta
1562 792 1768 828 verticem
1779 791 1825 828 in
1836 790 2030 829 altissimo
2072 803 2102 828 ιο

392 847 484 892 ejus
501 844 590 888 fitu,
608 855 740 891 qvam
754 855 888 891 prope
900 844 1193 882 Horizontem
1204 845 1396 881 maxime
1409 843 1563 881 declivi
1580 843 1734 881 eadem
1750 843 1922 891 prorsus
1937 855 2030 891 per-

391 897 593 936 manserit
610 909 635 934 a
651 899 804 935 vicinis
822 897 1059 945 Cassiopeae
1075 897 1201 935 stellis
1222 897 1430 940 distantia,
1452 896 1576 934 nullo
1597 898 1767 934 minuto
1783 899 1963 941 variata,
1985 902 2032 935 ut

392 963 471 989 nos
494 951 696 997 plurimae
718 952 919 988 omnium
938 950 1241 998 scrupulorum
1265 951 1414 997 capaci
1435 949 1722 987 Instrumento
1746 948 1869 988 fadtae
1892 952 2030 988 anim—

392 1003 666 1042 adversiones
683 1004 936 1048 docuerunt,
954 1015 1053 1042 eam
1068 1006 1114 1041 in
1131 1003 1325 1041 altissimo
1342 1002 1504 1041 aethere
1521 1002 1709 1041 effulfisse
1725 1002 1899 1041 nullum
1912 1015 2030 1050 pror—

392 1057 459 1095 sus
475 1057 679 1104 superesse
696 1057 890 1100 dubium,
909 1057 1024 1104 qvod
1040 1068 1219 1095 omnem
1235 1056 1408 1104 prorsus
1419 1056 1670 1094 Parallaxin
1687 1056 1945 1099 excluderet,
1962 1057 2032 1095 vel
2074 1068 2103 1094 15

393 1110 481 1158 ipso
500 1112 636 1147 invito
652 1109 890 1153 Aristotele,
913 1110 1128 1158 denegare
1145 1121 1236 1148 non
1252 1115 1386 1157 potes.
1409 1109 1460 1147 Et
1476 1121 1530 1147 ne
1548 1121 1633 1156 qva
1649 1109 1704 1147 ob
1720 1109 1990 1147 instrumenti
2006 1121 2033 1147 a

391 1175 461 1201 me
473 1163 655 1201 adhibiti
666 1165 813 1201 minus
824 1163 1032 1201 idoneam
1045 1165 1416 1211 praeparationem
1427 1162 1606 1210 suspicio
1618 1164 1787 1200 moveri
1803 1163 1942 1210 posset,
1960 1163 2032 1201 ob-

390 1217 556 1254 servavi
577 1216 885 1264 diligentissime
907 1218 1001 1264 ejus
1016 1216 1145 1254 stellae
1163 1216 1406 1255 distantiam
1423 1228 1449 1254 a
1465 1215 1644 1254 Schedir
1661 1215 1910 1263 Cassiopeae,
1933 1227 2033 1254 cum

392 1281 476 1317 qva
492 1271 689 1317 proxime
706 1269 1008 1308 Meridianum
1024 1269 1227 1313 transivit,
1250 1271 1294 1307 in
1313 1274 1496 1316 utroqve
1517 1268 1607 1313 fitu,
1628 1274 1716 1307 tam
1733 1269 1861 1316 supra
1877 1268 2033 1307 Polum

387 1325 512 1371 juxta
528 1325 745 1367 verticem,
762 1334 894 1370 qvam
909 1322 1034 1366 infra,
1052 1335 1153 1361 cum
1167 1323 1402 1361 Horizonti
1418 1324 1799 1370 appropinqvaret,
1817 1327 1856 1360 et
1872 1322 2032 1361 utrobi·
2070 1334 2104 1360 20

392 1388 472 1424 qve
497 1381 702 1414 manente
728 1376 891 1424 angulo
917 1376 1126 1414 distantiae
1150 1378 1195 1414 in
1218 1375 1307 1423 ipso
1332 1375 1618 1413 Instrumento
1641 1375 1695 1413 ab
1716 1387 1807 1413 una
1830 1377 1875 1413 in
1898 1375 2032 1413 aliam

391 1429 814 1468 animadversionem
834 1429 1006 1477 prorsus
1027 1431 1223 1472 immoto,
1245 1434 1285 1467 et
1306 1429 1494 1467 cochleis
1515 1428 1701 1472 firmato,
1722 1428 1833 1466 nihil
1849 1430 2031 1466 omnino

391 1483 645 1521 discriminis
662 1483 882 1526 adinveni,
899 1488 945 1520 ut
962 1483 1016 1521 ob
1033 1483 1075 1520 id
1092 1484 1197 1520 vitio
1214 1482 1483 1520 instrumenti
1498 1488 1573 1520 aut
1585 1481 1897 1520 observationis
1909 1481 2033 1520 nulla

390 1538 544 1574 merito
560 1536 773 1583 praetendi
788 1536 916 1583 posset
933 1535 1162 1580 excusatio,
1185 1547 1270 1583 qvo
1286 1537 1433 1573 minus
1450 1547 1502 1573 ea
1518 1534 1635 1573 stella
1651 1535 1705 1573 ab
1722 1537 1844 1572 omni
1859 1534 2032 1582 prorsus

390 1589 608 1627 Parallaxi
629 1591 839 1626 immunis
859 1588 998 1627 fuerit.
1021 1589 1141 1627 Idem
1163 1600 1334 1636 qvoqve
1354 1600 1430 1636 per
1451 1588 1752 1635 Qvadrantem
1772 1590 2030 1632 maximum,
2069 1600 2102 1625 25

392 1642 497 1680 olim
517 1654 617 1680 cum
637 1641 841 1690 Augustae
862 1642 1192 1680 Vindelicorum
1213 1642 1485 1689 aliqvamdiu
1506 1653 1814 1685 commorarer,
1837 1643 1883 1679 in
1904 1640 2031 1679 horto

391 1695 577 1733 consulis
606 1697 688 1733 viri
721 1695 1044 1742 praestantissimi
1075 1701 1114 1733 et
1143 1695 1548 1733 Astronomicarum
1582 1706 1728 1732 rerum
1757 1694 2031 1733 Rudiofissimi

392 1748 567 1786 PAULI
584 1748 864 1794 HENZELIJ
881 1751 927 1786 in
943 1749 1109 1796 praedio
1127 1749 1318 1796 qvodam
1335 1754 1455 1786 extra
1471 1748 1625 1786 urbem
1641 1746 1940 1792 constructum,
1960 1759 2030 1785 cu-

392 1803 460 1839 ius
476 1804 692 1849 capacitas
704 1813 730 1839 a
742 1807 890 1840 centro
904 1802 1035 1849 usqve
1050 1802 1104 1840 ad
1120 1801 1515 1840 circumferentiam
1528 1801 1616 1838 2205
1627 1801 1759 1848 pedes
1771 1801 2030 1848 adaeqvavit‚

393 1855 446 1892 ab
463 1854 642 1901 ipsomet
658 1855 877 1893 Henzelio
893 1855 1049 1902 saepius
1066 1855 1342 1903 exploratum
1359 1854 1425 1898 est,
1442 1857 1503 1892 ita
1518 1860 1564 1892 ut
1580 1854 1762 1892 altitudo
1779 1856 1974 1892 maxima
1991 1859 2030 1892 et
2068 1866 2102 1892 30

392 1909 576 1946 minima
596 1910 641 1945 in
662 1908 914 1947 Meridiano
933 1909 1179 1946 Elevationi
1195 1908 1288 1946 Poli
1308 1920 1384 1955 per
1405 1908 1515 1946 alias
1536 1907 1872 1955 circumpolares
1892 1907 2031 1946 stellas

392 1961 685 2008 comprobatae
698 1963 743 1998 in
755 1966 937 2008 utroqve
949 1961 1027 1999 fitu
1040 1960 1294 2000 exafflissime
1307 1961 1661 2009 correspondent,
1674 1962 1811 1998 necin
1822 1960 2031 2008 superiori

391 2016 608 2051 minorem
625 2026 755 2061 qvam
771 2014 966 2052 inferiori
983 2015 1036 2053 ab
1053 2015 1143 2062 ipso
1159 2015 1265 2053 Polo
1287 2015 1531 2053 distantiam
1551 2014 1771 2052 ullatenus
1792 2013 2028 2052 insinuarit.

392 2066 520 2112 Qvod
541 2069 671 2104 etiam
692 2067 1040 2115 Landgravianae
1062 2068 1383 2106 observationes
1406 2067 1516 2105 mihi
1538 2067 1783 2105 transmissae
1806 2066 1904 2104 satis
1926 2071 2029 2105 atte-

391 2119 563 2163 stantur,
589 2125 628 2157 et
647 2120 732 2167 ipse
754 2121 956 2168 Princeps
978 2123 1023 2159 in
1043 2122 1189 2166 literis,
1214 2132 1400 2169 qvarum
1422 2120 1556 2158 modo
1578 2122 1850 2158 mentionem
1872 2119 1965 2165 feci,
1988 2119 2029 2158 se
2066 2131 2100 2157 35

391 2172 560 2210 nullam
580 2173 751 2219 prorsus
771 2176 816 2211 in
838 2186 890 2212 ea
907 2174 1025 2212 stella
1040 2186 1116 2221 per
1132 2174 1418 2212 Instrumenta
1433 2174 1508 2212 sua
1525 2173 1868 2211 animadvertisse
1884 2173 2028 2211 Paral-

391 2225 523 2269 laxin,
544 2225 805 2272 fignificavit.
829 2227 1237 2266 MAESTHLINUS
1257 2228 1430 2275 insuper
1452 2239 1474 2265 e
1494 2227 1622 2265 lineis
1642 2226 1777 2269 rectis,
1798 2238 1875 2274 per
1890 2222 1905 2276 ΙΙ
1922 2237 2028 2273 qvas
2052 2232 2116 2264 36ν

391 2277 508 2315 stella
528 2278 603 2316 illa
624 2290 722 2316 cum
744 2279 998 2326 qvibusdam
1018 2280 1161 2318 affixis
1182 2281 1388 2319 sideribus
1410 2281 1465 2319 ad
1486 2281 1681 2318 amussim
1703 2285 1794 2318 tam
1817 2282 1862 2317 in
1885 2279 2029 2317 altiori

392 2342 522 2377 qvam
533 2331 754 2369 decliviori
764 2332 841 2369 situ
850 2332 1111 2377 versabatur,
1120 2333 1217 2371 satis
1228 2335 1450 2372 evidenter
1459 2333 1777 2376 animadvertit,
1787 2333 1909 2370 illam
1919 2332 2028 2370 nulli

390 2383 608 2421 Parallaxi
620 2384 659 2422 se
672 2384 928 2423 submittere.
947 2385 1014 2424 Sic
1027 2393 1066 2424 et
1077 2386 1202 2424 multi
1215 2387 1286 2435 alij
1301 2394 1347 2425 ut
1359 2386 1681 2425 MUNOTIUS
1693 2385 1929 2434 Hispanus,
1946 2385 2026 2423 DI·
2065 2397 2099 2423 40

392 2436 667 2475 GESSAEUS
679 2438 861 2485 Anglus,
878 2438 1233 2478 THADDAEUS
1245 2440 1604 2478 HAGGECIUS
1621 2439 1873 2483 Bohaemus,
1890 2438 2026 2477 PAU-

392 2489 500 2527 LUS
515 2489 834 2533 FABRICIUS,
852 2491 1367 2531 BARTHOLOMAEUS
1379 2492 1786 2532 REISACHERUS
1799 2492 2026 2535 Germani,
