2209 3213
336 230 402 265 212
827 224 909 260 DE
932 222 1159 260 MUNDI
1181 220 1481 258 AETHEREI

336 332 759 370 Demonstrationem
777 331 821 365 in
838 328 1015 365 Circulo
1032 326 1236 369 verticali‚
1259 337 1349 363 non
1370 325 1467 363 satis
1489 326 1716 372 quadrare,
1738 337 1817 364 nec
1834 328 1972 364 omni-

336 386 461 422 mode
479 383 670 420 sufficere
688 381 987 418 Parallaxibus
1008 380 1140 416 huius
1158 379 1368 421 Cometae,
1386 378 1414 415 si
1431 390 1541 425 quas
1557 379 1808 422 obtinuisset‚
1830 379 1973 417 debito

336 439 536 474 examine
560 434 860 473 discernendis.
884 432 1159 470 manifestum
1183 432 1385 469 redditur.
1410 432 1529 469 Nam
1551 431 1741 478 respectu
1764 432 1905 469 Arcus
1928 434 1974 469 in

335 502 421 536 quo
439 494 581 525 motus
599 489 757 534 proprij
777 486 950 527 fiebant,
968 497 1058 522 non
1071 497 1159 531 quo
1171 485 1226 522 ad
1238 484 1501 527 verticalem,
1518 496 1735 531 apparens
1747 484 1818 522 ille
1830 490 1974 522 motus

335 554 432 579 cum
454 543 629 588 proprio
646 539 935 577 conferendus
951 538 1095 581 suisset,
1118 538 1155 574 &
1176 543 1278 575 tunc
1299 539 1490 584 primum
1506 538 1757 580 videndum,
1779 549 1836 575 an
1852 540 1897 575 in
1914 538 1973 576 di·
2013 551 2028 576 5

336 595 456 632 uersa
473 593 725 635 Altitudine,
748 592 999 634 Parallaxis,
1021 602 1121 637 quae
1142 593 1187 628 in
1204 590 1382 628 Circulo
1398 590 1603 633 verticali,
1624 593 1670 628 in
1691 596 1806 628 certa
1826 591 1975 638 aliqua

335 661 358 685 a
372 648 514 684 Terris
526 647 722 683 distantia
736 646 1025 686 induceretur,
1042 644 1175 681 talem
1187 642 1379 690 aspec‘tus
1392 643 1692 687 diuerfitatem,
1710 643 1810 681 inde
1823 646 1868 681 in
1879 655 1975 691 pro-

335 703 477 747 prium
494 701 659 736 Arcum
681 696 923 739 deductam,
944 697 1191 734 insinuaret.
1214 696 1338 734 Alias
1360 698 1539 734 enimin
1555 697 1682 734 Luna
1702 697 1803 743 ipsa,
1825 696 1976 735 frustra

335 756 427 791 eius
451 752 699 789 Parallaxes
723 753 767 788 in
791 750 969 788 Circulo
992 750 1185 787 verticali
1209 749 1509 793 scrutaremur,
1535 749 1564 787 si
1589 761 1679 787 non
1703 750 1886 793 easdem,
1913 761 1975 787 re-

336 804 475 852 spectu
489 805 718 851 Eclipticae,
731 806 775 841 in
789 815 877 850 quo
890 805 1091 850 proprius
1104 804 1197 840 eius
1208 808 1353 840 motus
1366 802 1510 845 existit,
1527 802 1764 840 secundum
1776 803 1976 850 Longum
2018 816 2048 841 ιο

336 859 372 895 8(
386 859 542 896 Latum
559 858 873 894 reduxerimus.
892 856 1004 893 Haec
1021 868 1112 893 non
1128 861 1358 903 propterea
1372 867 1683 899 commemoro,
1701 856 1818 903 quod
1831 856 1976 893 Moest-

336 913 412 948 lini
430 910 738 953 conclusiones,
761 910 918 956 quibus
936 910 1081 950 asserit,
1104 909 1336 946 Cometam
1352 908 1470 946 hunc
1486 908 1772 947 insensibilem
1788 909 1976 947 habuisse

336 964 597 1005 Parallaxin,
610 966 655 1000 in
668 964 849 1001 dubium
859 974 1016 1000 vocare
1026 962 1170 1005 velim,
1183 962 1252 999 sed
1265 961 1425 1005 saltem,
1439 962 1556 1009 quod
1567 961 1852 1000 desiderarem
1863 973 1977 999 com-

338 1019 622 1064 petentiorem
635 1016 824 1053 eiusdem
836 1018 897 1053 rei
910 1015 1263 1057 declarationem,
1281 1015 1318 1052 &
1332 1017 1470 1062 magis
1482 1015 1689 1053 idoneam
1701 1015 1977 1053 Demonstra-

337 1073 513 1111 tionem,
531 1081 630 1116 quae
647 1081 700 1106 ex
716 1074 838 1106 motu
852 1069 1029 1115 quidem
1043 1070 1220 1115 proprio
1232 1068 1431 1106 Cometae
1443 1079 1543 1106 cum
1555 1073 1793 1115 apparente
1806 1068 1976 1111 collato,
2019 1081 2049 1106 15

338 1124 406 1160 sed
428 1126 472 1160 in
493 1123 582 1170 ipso
599 1123 730 1164 Arcu,
753 1133 884 1169 quem
905 1121 1029 1159 cursu
1050 1121 1125 1159 suo
1145 1121 1367 1168 descripsit,
1389 1133 1482 1159 rem
1498 1133 1677 1159 omnem
1693 1121 1924 1159 dilucidius
1940 1121 1978 1158 &

338 1176 604 1223 probabilius
625 1175 878 1217 absolueret,
900 1180 943 1212 vt
962 1174 998 1212 &
1018 1174 1191 1221 planior
1207 1176 1627 1221 conuenientiorque
1643 1174 1765 1212 fieret
1781 1186 1977 1221 compro-

338 1230 467 1271 batio,
484 1241 563 1266 nec
581 1241 606 1266 a
623 1240 860 1275 quoquam,
878 1233 1090 1274 tanquam
1106 1230 1220 1265 circa
1231 1227 1523 1265 diuerfimoda
1535 1227 1572 1264 &
1584 1227 1788 1265 nonnihil
1799 1239 1825 1265 a
1837 1227 1978 1275 Scopo

339 1283 484 1320 aliena
501 1294 552 1319 ea
568 1282 819 1324 versaretur,
837 1280 1024 1328 suspecta
1040 1280 1192 1318 haberi
1208 1281 1347 1327 posset.
1366 1280 1547 1328 Oportet
1563 1282 1681 1318 enim
1698 1281 1978 1318 Mathemati-

339 1347 411 1373 cas
422 1335 824 1372 Demonstrationes
837 1335 912 1371 esse
926 1334 1159 1381 expeditas,
1173 1333 1211 1371 &
1223 1335 1345 1371 omni
1355 1339 1476 1380 parte
1488 1333 1718 1377 absolutas,
1732 1336 1791 1372 ita
1802 1339 1845 1371 vt
1856 1333 1980 1371 nulla
2017 1347 2051 1371 20

339 1389 609 1435 ambiguitas,
618 1384 632 1437 ΙΙ
641 1390 685 1425 in
694 1387 912 1425 mentibus
923 1399 996 1424 eas
1007 1387 1371 1425 considerantium
1381 1387 1665 1434 relinquatur.
1676 1386 1980 1424 Nihilominus
2003 1394 2067 1425 253

338 1447 485 1479 tamen
498 1452 550 1478 ex
562 1441 643 1478 hac
656 1441 744 1487 ipsa
756 1440 977 1482 Moestlini,
995 1442 1200 1487 quamuis
1212 1452 1303 1478 non
1314 1440 1598 1487 vndiquaque
1610 1445 1881 1487 competente
1893 1440 1979 1478 De-

338 1494 660 1535 monstratione,
690 1494 788 1531 satis
814 1493 1151 1541 intelligentibus
1176 1493 1468 1540 persuadetur,
1498 1493 1730 1531 Cometam
1754 1493 1885 1537 hunc,
1910 1493 1980 1531 vel

340 1547 520 1589 nullam,
533 1547 602 1584 vel
613 1558 724 1594 pene
736 1546 1023 1584 insensibilem
1035 1547 1256 1584 obtinuisse
1268 1546 1530 1584 Parallaxin.
1548 1546 1599 1584 Et
1611 1558 1689 1594 ego
1702 1551 1814 1584 certe
1826 1558 1879 1584 eo
1890 1546 1980 1594 ipso

340 1601 420 1643 die,
435 1600 471 1637 8(
484 1600 632 1648 ijsdem
643 1612 755 1647 pene
768 1600 916 1643 Horis,
934 1611 1036 1637 eum
1049 1602 1161 1637 circa
1173 1600 1344 1637 easdem
1356 1599 1557 1647 Equiculi
1569 1599 1735 1643 Stellas,
1752 1599 1876 1637 [imili
1892 1599 1980 1637 fere
2018 1613 2052 1637 25

339 1654 484 1695 modo,
497 1665 585 1700 quo
598 1652 950 1691 MOESTLINVS
962 1652 1101 1695 refert,
1114 1653 1399 1700 deprehendi;
1412 1653 1788 1700 quemadmodum
1797 1652 1981 1700 idipsum

342 1709 471 1743 etiam
498 1718 519 1743 e
546 1705 824 1744 CORNELII
856 1706 1104 1744 GEMMAE
1128 1706 1499 1750 annotationibus,
1530 1706 1808 1753 aliquatenus
1833 1706 1982 1743 inferri

341 1759 483 1806 potest.
492 1759 616 1797 Vnde
629 1771 719 1797 non
731 1759 914 1797 dubium
926 1759 992 1802 est,
1005 1771 1098 1796 rem
1109 1771 1286 1797 omnem
1300 1761 1359 1797 ita
1369 1759 1410 1796 se
1421 1759 1596 1803 habere,
1607 1759 1983 1806 quemadmodum

342 1812 588 1850 Moestlinus
601 1813 652 1849 de
664 1812 796 1850 huius
808 1812 1005 1850 Cometae
1018 1812 1235 1850 Parallaxi
1247 1812 1477 1850 insensibili
1489 1812 1717 1850 concludit.
1733 1812 1852 1850 Nam
1864 1812 1982 1859 quod

344 1866 398 1903 ad
424 1864 620 1903 exactam
645 1866 850 1909 amussim,
876 1864 1142 1912 ductumque
1168 1868 1261 1903 eius
1286 1867 1524 1913 proprium,
1555 1865 1982 1903 Demonstrationem
2019 1878 2053 1903 30

342 1930 431 1955 non
453 1918 744 1955 cohaerentius
765 1918 1001 1965 adaptauit,
1023 1919 1216 1956 existimo
1233 1919 1288 1956 ob
1304 1919 1347 1956 id
1363 1919 1417 1957 ab
1435 1930 1487 1956 eo
1506 1917 1667 1957 factum
1688 1919 1776 1962 esse,
1799 1920 1903 1965 quia
1922 1918 1981 1956 la-

341 1971 435 2008 bori
449 1971 485 2008 8(
498 1973 681 2017 tempori
694 1983 870 2018 parcere
883 1977 1074 2018 euperet;
1092 1971 1301 2019 liquidem
1316 1976 1408 2010 tum
1420 1984 1511 2010 non
1523 1974 1582 2010 ita
1592 1971 1770 2018 fimplex
1783 1972 1820 2009 &
1831 1971 1981 2016 facilis,

342 2024 411 2061 sed
428 2024 565 2061 multo
582 2024 791 2070 prolixior
808 2025 845 2062 8(
861 2024 1114 2062 laboriosior
1130 2025 1523 2063 Demonstrationis
1538 2025 1749 2072 processus
1764 2025 1981 2062 instituen-

344 2077 423 2114 dus
440 2076 559 2119 soret,
582 2082 623 2114 vt
640 2082 755 2124 patet
772 2089 824 2114 ex
841 2079 904 2124 ijs,
927 2089 1026 2124 quae
1044 2089 1070 2115 a
1085 2078 1212 2116 nobis
1228 2080 1273 2115 in
1290 2078 1499 2116 consimili
1515 2078 1603 2115 fere
1620 2079 1805 2125 negotio,
1827 2077 1982 2125 Capite

343 2130 459 2167 sexto
480 2129 668 2167 factitata
688 2130 794 2167 sunt.
816 2130 1093 2168 Existimabat
1110 2131 1287 2169 fortassis
1304 2131 1564 2173 Moestlinus,
1585 2131 1625 2168 se
1645 2130 1983 2178 intelligentibus
2020 2143 2053 2168 35

345 2182 381 2219 8(
398 2194 534 2219 vnum
552 2194 603 2220 ex
620 2183 707 2220 alio
728 2183 857 2220 latius
877 2184 1232 2230 ponderantibus,
1255 2184 1337 2222 hac
1358 2184 1604 2231 simpliciori
1625 2184 1981 2231 expeditiorique,

344 2247 420 2282 per
437 2235 574 2272 solum
590 2236 839 2273 verticalem
856 2236 1094 2280 Circulum,
1115 2237 1507 2281 Demonstratione,
1524 2239 1586 2275 rei
1602 2237 1825 2275 cardinem
1840 2237 1983 2275 latiori

344 2289 476 2326 modo
493 2288 589 2325 satis
606 2288 843 2331 declarasse,
865 2294 907 2326 vt
925 2289 1088 2336 ipsimet
1104 2291 1156 2328 de
1173 2290 1575 2337 particularioribus
1590 2290 1902 2337 consequenter
1917 2302 1982 2328 ra-

345 2343 613 2385 tiocinantes,
639 2341 768 2388 plane
792 2342 1031 2380 aethereum
1055 2343 1169 2381 fuisse
1195 2343 1313 2381 hunc
1337 2344 1581 2387 Cometam,
1607 2355 1698 2381 non
1721 2343 1897 2381 obscure
1920 2345 1982 2381 in-

344 2394 594 2441 telligerent.
2021 2408 2054 2434 40

399 2447 512 2493 Quae
533 2447 743 2485 CAPITE
765 2447 1000 2493 QVARTO
1023 2460 1102 2495 pro
1123 2449 1335 2487 dilutione
1356 2461 1522 2493 eorum,
1546 2461 1645 2496 quae
1668 2449 1886 2493 nonnulli,
1909 2451 1984 2496 qui

347 2499 578 2539 Cometam
590 2499 707 2537 hunc
720 2500 1041 2539 Elementarem
1053 2501 1180 2546 fuisse,
1196 2514 1218 2540 e
1230 2502 1314 2540 suis
1326 2502 1583 2550 quibusdam
1596 2502 1984 2540 obseruationibus

1838 2557 1984 2593 minus
