2209 3213
402 214 468 251 104
893 211 976 248 DE
998 210 1222 248 MUNDI
1243 210 1544 248 AETHEREI

399 324 595 356 mentum
618 317 877 354 Latitudinis
899 316 1012 359 visae,
1036 317 1078 353 P.
1095 316 1157 354 89.
1181 316 1244 353 M.
1261 316 1323 354 25.
1346 316 1385 354 S.
1402 316 1465 359 35,
1490 315 1527 353 8(
1550 315 1644 353 ΑΗ
1668 315 2037 363 complementum

400 371 656 409 Latitudinis
674 370 773 407 Oris
789 369 945 417 Pegafi,
966 369 1111 406 euadit
1127 381 1203 416 per
1218 369 1571 416 supputationem
1586 368 1940 416 Triangulorum,
1958 369 2037 407 La·

399 432 464 461 tus
482 424 569 460 AD
588 423 795 460 distantiae
812 424 979 469 prioris,
996 422 1039 459 P.
1052 422 1105 459 21.
1124 422 1186 459 M.
1199 422 1262 459 44.
1280 421 1319 460 S.
1333 422 1386 460 l6.
1404 421 1576 459 Deinde
1593 422 1648 460 ad
1665 421 1851 460 alterum
1866 427 2038 469 tempus

398 479 442 513 in
466 476 702 523 Triangulo
731 475 877 518 HAC,
903 475 1113 522 fiquidem
1140 474 1386 522 Longitudo
1414 474 1612 513 Cometae
1635 475 1724 513 visa
1749 477 1884 513 extitit
1908 475 1951 513 P.
1974 476 2037 513 45.

398 530 459 566 M.
478 530 539 566 44.
558 529 596 566 S.
614 529 676 572 46,
700 534 742 565 vt
763 530 883 575 prius
904 530 1054 575 patuit,
1077 527 1114 565 8(
1135 527 1380 566 differentia
1400 539 1427 565 a
1447 528 1738 575 Longitudine
1760 528 1860 566 Oris
1880 527 2037 576 Pegafi,
2076 542 2092 567 ⁵

397 582 441 619 sit
462 583 504 619 Ρ.
522 582 575 618 21.
593 582 655 618 M.
674 582 726 619 19.
744 581 783 619 S.
802 582 854 625 14,
877 583 955 618 erit
973 581 1175 628 Angulus
1191 580 1336 619 AHC
1357 580 1537 618 totidem
1556 583 1759 628 partium,
1780 581 1914 619 Latus
1933 592 2038 619 vero

398 635 488 672 HC
506 634 559 672 est
576 634 947 681 complementum
964 634 1223 672 Latitudinis
1239 633 1340 672 visae
1356 633 1600 681 posterioris
1618 633 1957 679 Obseruationis,
1977 636 2038 672 vi·

398 688 549 725 delicet
564 688 606 725 P.
624 687 686 725 89.
705 687 767 724 M.
784 687 847 725 34.
865 686 904 725 S.
922 687 984 724 43.
1007 686 1298 734 Quapropter,
1320 698 1397 734 per
1411 686 1753 734 Triangulorum
1773 687 1944 734 placita,
1966 687 2038 726 da-

396 742 509 778 bitur
520 740 614 783 AC,
631 740 837 787 posterior
853 739 1050 778 distantia
1065 740 1120 778 ab
1137 740 1225 778 Ore
1242 740 1387 788 Pegafi
1403 751 1632 787 apparens,
1649 740 1692 778 P.
1704 740 1758 778 21.
1772 740 1835 778 M.
1847 741 1910 778 44.
1923 740 1962 778 S.
1975 740 2038 778 44.

397 794 510 840 Quae
527 794 627 836 duo,
644 793 728 831 hoc
745 793 1138 831 Demonstrationis
1154 794 1355 841 processu,
1371 793 1550 831 tandem
1565 794 1771 831 inuenisse
1789 795 1990 841 oportuit.
2079 807 2110 832 10

450 847 565 884 Cum
586 849 733 893 itaque
754 848 922 884 ratione
944 846 1236 890 Parallaxeos,
1259 858 1358 894 quae
1379 848 1425 884 in
1446 849 1718 884 concauitate
1740 846 1935 894 Sphaerae
1955 847 2039 884 Lu-

397 902 513 937 naris
526 899 619 937 fieri
631 905 811 947 poterat,
824 901 1057 937 inuentum
1066 899 1510 946 Demonstratumque
1520 899 1578 943 fit,
1591 899 1833 938 distantiam
1841 899 2039 938 Cometae

397 953 450 991 ab
464 953 551 990 Ore
564 952 707 1000 Pegafi
719 952 1010 1000 posteriorem,
1028 964 1119 990 non
1134 952 1274 990 solum
1289 954 1520 997 minorem,
1537 958 1613 990 aut
1628 952 1848 1000 aequalem
1864 953 1940 991 esse
1955 954 2039 1000 pri-

398 1008 475 1050 ori,
488 1006 556 1043 sed
570 1008 700 1043 etiam
712 1006 893 1043 dimidio
906 1005 1025 1053 quafi
1036 1005 1237 1053 scrupulo
1249 1008 1476 1050 maiorem,
1489 1017 1623 1053 quam
1632 1008 1678 1043 in
1687 1008 1821 1053 priori
1830 1005 2038 1050 distantia,

398 1058 677 1097 Parallaxeos
702 1059 867 1106 legibus
892 1059 934 1096 id
958 1058 1286 1106 postulantibus,
1312 1058 1552 1106 interlapfis
1575 1064 1724 1097 tamen
1748 1059 1884 1097 tribus
1906 1058 2039 1103 horis,
2080 1072 2111 1097 15

398 1112 555 1159 quibus
572 1112 759 1150 Cometa
773 1118 896 1150 motu
916 1114 1093 1159 proprio
1109 1113 1164 1150 ad
1181 1118 1383 1159 quartam
1399 1116 1567 1159 partem
1582 1112 1741 1160 gradus
1757 1112 1953 1150 accessisse
1969 1112 2040 1150 de-

397 1166 541 1207 bebat;
560 1171 603 1203 vt
619 1166 673 1203 ob
690 1166 745 1208 id,
762 1165 791 1202 fi
806 1164 876 1203 hic
894 1165 1080 1203 Cometa
1096 1165 1170 1203 sub
1186 1167 1389 1213 proxima
1405 1167 1677 1203 concauitate
1693 1165 1889 1212 Sphaerae
1901 1165 2040 1203 Lunae

398 1219 598 1262 extitisset,
623 1218 834 1265 cursuque
855 1218 930 1256 suo
951 1219 1007 1256 ad
1029 1218 1091 1257 Os
1111 1218 1256 1266 Pegafi
1276 1218 1481 1256 accedere
1502 1218 1616 1256 visus
1636 1218 1780 1263 fuisset‚
1804 1223 1952 1256 tamen
1974 1229 2040 1256 ra-

397 1274 514 1309 tione
531 1271 823 1315 Parallaxeos,
844 1276 1014 1309 motum
1034 1271 1172 1315 illum,
1194 1271 1427 1310 interuallo
1447 1273 1580 1309 trium
1599 1271 1823 1316 horarum,
1845 1271 1956 1309 adeo
1977 1273 2039 1309 in-

397 1324 602 1368 hibuisset,
627 1329 670 1362 vt
695 1336 786 1362 non
810 1324 949 1362 solum
975 1325 1161 1363 eandem
1186 1324 1430 1362 distantiam
1452 1324 1680 1372 vtrobique
1704 1324 1944 1369 retinuisset,
1969 1323 2039 1362 sed
2077 1337 2111 1362 20

398 1380 529 1415 etiam
553 1379 599 1415 in
624 1377 845 1425 posteriori
870 1377 1199 1422 Obseruatione‚
1230 1377 1349 1425 quafi
1379 1377 1560 1416 dimidio
1587 1377 1787 1425 scrupulo
1812 1379 2039 1422 maiorem,

398 1442 497 1468 cum
522 1442 677 1469 reuera
701 1432 846 1468 minor
871 1431 947 1468 esse
973 1431 1167 1469 debebat.
1194 1430 1398 1478 Cumque
1423 1430 1680 1469 Obseruatio
1703 1430 1793 1478 ipsa
1816 1431 2041 1468 euidenter

397 1483 645 1527 reclamitet,
664 1483 701 1521 &
717 1489 863 1531 aperte
881 1483 1084 1528 ostendat,
1106 1495 1197 1522 non
1216 1484 1331 1522 fuisse
1349 1483 1594 1529 Cometam,
1614 1495 1691 1531 per
1706 1483 1965 1531 parallaxin,
1987 1494 2040 1521 eo

396 1537 629 1575 interuallo
646 1533 901 1587 tempo-nris,
918 1539 1137 1575 intantum
1148 1542 1430 1581 remoratum,
1447 1539 1537 1575 imo
1549 1536 1688 1584 ipsum
1699 1548 1776 1584 per
1787 1537 1828 1574 12
1839 1536 2040 1584 scrupula
2067 1543 2128 1575 119

397 1590 541 1636 (prout
560 1589 756 1637 superius
776 1595 1037 1628 annotatum
1058 1590 1128 1637 est)
1150 1590 1225 1638 ipfi
1241 1590 1386 1629 Stellae
1402 1592 1582 1638 propius
1598 1591 1807 1634 accessisse,
1830 1601 1930 1637 quae
1950 1589 2039 1627 fere
2077 1602 2110 1627 25

397 1654 496 1680 cum
519 1642 608 1691 ipso
630 1648 754 1681 motu
774 1643 933 1681 diurno
955 1643 1238 1688 consentiunt,
1262 1643 1484 1681 manifeste
1506 1645 1792 1687 conuincitur,
1814 1642 1933 1681 hunc
1954 1642 2038 1681 Co-

396 1701 558 1734 metam
575 1708 665 1734 non
681 1696 796 1734 fuisse
813 1698 859 1734 in
875 1699 1148 1735 concauitate
1166 1699 1369 1744 proxima
1385 1696 1493 1735 Orbi
1509 1696 1660 1741 Lunae,
1682 1708 1762 1734 nec
1782 1698 1828 1734 in
1847 1696 1945 1734 loco
1966 1696 2039 1734 ad·

396 1748 481 1787 huc
498 1752 700 1797 propiore
722 1749 841 1796 (tunc
859 1752 977 1787 enim
992 1750 1229 1798 parallaxis
1245 1750 1490 1788 distantiam
1505 1749 1650 1788 adhuc
1666 1750 1763 1797 plus
1779 1748 2038 1795 retardasset)

396 1802 465 1839 sed
481 1804 527 1839 in
543 1802 631 1850 ipso
644 1802 823 1840 AEthere
835 1802 963 1851 longe
978 1803 1107 1851 supra
1118 1803 1292 1841 Lunam
1303 1803 1451 1841 locum
1463 1803 1697 1848 obtinuisse‚
1715 1802 1833 1850 quod
1844 1802 2038 1840 Demon—

395 1855 616 1893 strandum
631 1855 949 1903 proposuimus.
2074 1867 2108 1893 30

448 1908 530 1946 Sed
546 1909 680 1955 paulo
697 1908 959 1947 collimatius
976 1921 1068 1947 rem
1085 1921 1264 1947 omnem
1279 1909 1609 1957 perpendentes,
1630 1911 1822 1956 primum
1839 1908 2036 1946 Cometae

394 1966 563 1998 motum
583 1963 823 2008 proprium,
844 1962 990 2000 versus
1006 1962 1185 2001 Stellam
1206 1965 1252 2000 in
1268 1974 1343 2000 ore
1359 1962 1515 2010 Pegafi,
1536 1962 1806 2009 indagemus,
1827 1961 2037 2008 fiquidem

395 2014 449 2051 ad
472 2013 586 2051 hanc
608 2014 825 2052 distantias
846 2014 960 2053 nacti
980 2015 1139 2059 sumus,
1162 2015 1200 2053 8(
1221 2015 1354 2054 Stella
1373 2015 1449 2053 illa
1468 2015 1795 2062 aliquantulum
1815 2020 1936 2053 extra
1953 2014 2036 2052 Co-

394 2072 522 2104 metae
538 2069 656 2105 viam
678 2074 958 2106 remoueatur
977 2068 1124 2106 versus
1140 2069 1359 2106 Austrum.
1381 2068 1661 2116 Quapropter
1681 2067 1726 2106 fit
1742 2067 1874 2105 ABD
1894 2069 2036 2114 portio

394 2122 477 2157 viae
496 2120 705 2164 Cometae,
729 2121 765 2158 C
786 2121 831 2158 fit
851 2121 973 2158 locus
990 2121 1090 2159 Oris
1107 2122 1263 2169 Pegasi,
1284 2123 1325 2159 A
1342 2122 1484 2159 Locus
1503 2123 1596 2159 eius
1616 2123 1662 2158 in
1677 2123 1750 2159 via
1766 2121 1977 2164 Cometae,
1999 2120 2037 2158 8(
2074 2132 2108 2157 35

394 2173 475 2210 AC
492 2173 688 2210 distantia
699 2173 845 2211 versus
856 2174 1012 2211 Polum
1024 2174 1281 2219 Australem,
1299 2175 1341 2212 D
1357 2174 1403 2212 fit
1416 2174 1602 2213 Cometa
1613 2176 1659 2211 in
1670 2176 1811 2221 prima
1824 2173 2036 2212 Obserua-

394 2228 523 2270 tione,
547 2226 579 2263 B
602 2228 646 2263 in
667 2226 900 2273 posteriori,
922 2227 1080 2265 Ambae
1096 2239 1200 2265 vero
1222 2227 1431 2266 distantiae
1448 2228 1501 2266 ab
1520 2227 1607 2266 Ore
1624 2227 1769 2274 Pegafi
1785 2226 1872 2265 CD
1888 2226 1927 2264 8(
1944 2225 2035 2264 CB.

395 2278 544 2324 Quare
561 2290 661 2316 cum
676 2281 721 2316 in
737 2279 929 2327 Trigono
945 2280 1026 2318 AC
1035 2280 1089 2324 D,
1106 2279 1359 2328 redtangulo
1375 2281 1431 2318 ad
1447 2281 1500 2324 A,
1518 2281 1642 2318 detur
1658 2280 1790 2318 Latus
1806 2279 1901 2324 AC,
1924 2279 2036 2317 Lati-

393 2332 498 2369 tudo
516 2332 659 2370 Stellae
676 2334 721 2369 in
739 2332 826 2370 Ore
843 2332 987 2380 Pegasi
1003 2345 1029 2371 a
1045 2336 1117 2371 via
1133 2333 1344 2377 Cometae,
1361 2333 1404 2371 P.
1421 2334 1457 2371 4.
1475 2333 1538 2370 M.
1556 2333 1618 2377 50,
1636 2332 1673 2370 8(
1689 2332 1775 2370 AD
1792 2331 2037 2370 differentia

395 2384 696 2432 Longitudinis
712 2387 868 2432 prioris
885 2385 1212 2424 Obseruationis
1229 2386 1426 2425 Cometae
1443 2386 1499 2424 ad
1516 2385 1577 2424 Os
1591 2385 1747 2433 Pegasi,
1764 2385 1807 2422 Ρ.
1819 2385 1882 2422 20.
1895 2385 1959 2422 M.
1971 2385 2034 2429 34,
2072 2396 2106 2422 40

394 2437 566 2475 dabitur
581 2449 657 2485 per
672 2438 1013 2485 Triangulorum
1029 2439 1156 2486 leges,
1174 2440 1307 2477 Latus
1324 2439 1424 2483 CD,
1440 2439 1483 2476 P.
1495 2438 1549 2476 21.
1563 2438 1626 2476 M.
1639 2439 1674 2476 6.
1688 2438 1727 2476 S.
1741 2438 1794 2476 18.
1812 2438 1862 2475 Et
1878 2438 2035 2476 deinde

394 2492 439 2528 in
459 2490 698 2538 Triangulo
714 2491 855 2534 ABC,
876 2492 947 2529 vbi
968 2492 1050 2529 AB
1072 2493 1291 2530 assumitur
1311 2492 1352 2530 15
1373 2491 1583 2538 scrupulis
1602 2493 1762 2536 minus,
1782 2496 1826 2529 vt
1846 2490 1892 2529 fit
1912 2490 1954 2528 P.
1971 2490 2034 2528 20.
