2209 3213
352 223 427 260 328
843 218 924 255 DE
946 214 1170 255 MUNDI
1191 211 1492 252 AETHEREI

350 330 534 365 ditatem.
549 337 680 372 quam
692 326 974 367 committunt,
986 323 1054 360 vel
1064 321 1153 369 ipso
1164 321 1371 359 Cardano
1383 320 1469 366 (cui
1478 325 1649 358 tantum
1658 320 1820 367 tribuit)
1830 321 1984 365 iudice,

350 378 627 481 13ῗὲίᾶἶέᾕὶἕό
652 431 901 467 Planorum
931 428 1190 477 Triangulo,
1218 426 1555 474 Longitudinem
1580 426 1746 469 caudae,
1772 427 1914 474 qualis
1940 430 1985 465 in

347 486 489 522 medio
502 484 587 521 suae
600 484 883 530 apparitionis
896 487 997 525 erat,
1010 482 1196 524 metitur,
1213 479 1556 527 praesupponens
1569 490 1668 517 eam
1680 491 1768 526 quo
1780 480 1835 518 ad
1846 480 1985 518 visum

347 550 421 584 per
438 538 621 574 Radium
636 535 998 577 Astronomicum‚
1017 536 1129 571 circa
1145 533 1368 576 Brumam,
1386 528 1400 582 ΙΙ
1416 533 1533 580 grad.
1550 532 1612 570 20.
1630 534 1734 570 min.
1751 533 1818 576 50;
1835 535 1984 580 quain
2008 541 2072 573 413

346 597 463 637 parte
481 602 570 626 non
586 589 723 626 solum
740 600 766 625 a
782 587 944 631 nostris,
960 587 1030 624 sed
1047 588 1179 624 etiam
1194 585 1384 623 aliorum
1397 585 1785 624 obseruationibus
1797 588 1985 624 nimium

346 644 511 680 recedit.
531 642 623 679 Nos
637 643 753 678 enim
765 641 806 678 X
817 640 901 678 Die
912 640 1166 678 Decembris
1182 650 1273 676 non
1289 638 1401 676 adeo
1417 639 1493 676 diu
1508 643 1608 677 ante
1625 639 1761 686 ipsam
1773 639 1985 677 Brumam

345 695 746 737 animaduertimus‚
773 694 960 731 caudam
983 705 1009 731 a
1032 694 1170 739 capite
1196 703 1287 729 non
1309 691 1488 729 vlterius
1510 692 1722 739 protendi,
1749 704 1883 740 quam
1908 692 1983 730 ali-

345 748 605 795 quantulum
625 747 752 794 supra
772 747 897 784 binas
917 746 1158 784 minutulas
1178 747 1223 782 in
1245 744 1374 783 Collo
1395 745 1551 792 Pegasi,
1575 745 1707 792 idque
1727 747 1773 783 in
1794 757 1847 783 ea
1866 745 1985 784 linea

344 801 468 844 recta,
486 812 585 848 quae
602 801 655 838 ab
672 802 722 848 ijs
739 799 884 837 versus
901 799 1087 837 caudam
1100 798 1240 846 Cygni
1257 799 1456 836 excurrit.
1474 798 1678 846 Cumque
1694 798 1816 836 locus
1833 801 1984 846 capitis

345 855 541 892 Cometae
557 860 658 891 tune
674 853 801 891 suerit
817 855 938 890 iuxta
954 852 1117 890 nostras
1135 851 1473 890 Obseruationes
1490 852 1646 889 eodem
1662 852 1730 889 die
1746 851 1918 890 habitas
1938 853 1984 890 in

342 908 456 954 grad.
470 908 542 946 25}
558 916 615 950 zzz,
634 918 733 944 cum
745 906 991 944 Latitudine
1004 905 1077 944 2655*
1088 905 1242 948 Borea,
1256 904 1470 952 colligitur
1481 904 1818 952 Longitudinem
1830 905 1983 943 caudae

342 962 382 998 15
394 961 550 1008 gradus
567 971 657 997 non
670 960 882 1003 excessisse‚
898 964 942 996 vt
954 959 1009 996 ad
1020 960 1255 996 minimum
1266 957 1290 995 6
1301 958 1496 1005 partibus
1507 957 1614 996 iusto
1626 958 1869 1006 longiorem
1880 963 1983 996 tunc

342 1014 490 1051 reddat
507 1013 731 1051 Scultetus.
750 1012 1007 1050 Illustrissimi
1021 1012 1230 1058 Principis
1240 1011 1555 1048 WILHELMI
1571 1011 1983 1050 LANDTGRAVII

343 1065 571 1104 HASSIAE
589 1065 988 1109 Obseruationibus,
1005 1064 1155 1102 nostris
1172 1066 1369 1112 apprime
1386 1064 1726 1112 astipulantibus.

395 1120 458 1157 Ex
474 1118 723 1156 Azimuthis
739 1121 857 1156 enim
874 1118 911 1156 &
926 1117 1254 1162 Altitudinibus‚
1276 1117 1485 1155 Calendis
1501 1117 1757 1156 Decembris
1777 1118 1831 1156 ab
1852 1117 1982 1165 ipfius

342 1172 604 1210 Celfitudine
620 1172 789 1215 habitis,
812 1183 920 1219 quas
936 1171 1012 1209 suo
1028 1171 1125 1209 loco
1142 1170 1449 1214 recensuimus,
1472 1173 1636 1209 eruitur
1657 1171 1809 1209 eaudae
1826 1171 1981 1219 Longi-

341 1226 445 1263 tudo
457 1226 507 1263 23
519 1227 715 1273 proxime
727 1225 953 1273 graduum.
966 1224 1129 1262 Vltimo
1140 1236 1244 1262 vero
1257 1225 1326 1262 die
1338 1223 1605 1268 Decembris,
1622 1224 1751 1271 ipfius
1763 1223 1981 1262 Celsitudo

342 1280 571 1316 annotauit
584 1290 605 1316 e
620 1280 805 1326 proprijs
818 1277 1217 1321 obseruationibus,
1235 1277 1426 1315 eiusdem
1443 1276 1719 1316 eductionem
1735 1289 1827 1315 non
1842 1277 1981 1315 multo

341 1334 554 1369 maiorem
566 1332 589 1369 4
600 1332 815 1379 gradibus.
833 1331 1079 1369 Dimidium
1093 1333 1240 1378 itaque
1256 1330 1430 1375 horum,
1447 1331 1565 1378 quod
1577 1330 1632 1369 est
1643 1333 1835 1378 partium
1845 1330 1981 1368 ferme

341 1385 382 1422 14
402 1384 664 1431 protensioni'
680 1385 832 1423 caudae
849 1387 961 1422 circa
976 1385 1255 1422 medietatem
1271 1383 1526 1422 Decembris
1542 1395 1677 1432 prope
1694 1384 1905 1422 Brumam
1921 1389 1980 1422 at-

340 1438 618 1475 tribuendum
629 1440 758 1482 venit,
771 1438 888 1485 quod
900 1438 955 1476 ad
967 1437 1156 1476 nostram
1167 1439 1455 1485 quantitatem
1466 1439 1664 1484 proxime
1676 1437 1852 1482 accedit,
1864 1448 1980 1475 eam-

342 1502 425 1538 que
441 1493 657 1529 veriorem
677 1492 753 1529 esse
773 1491 938 1538 probat.
960 1492 1017 1528 At
1038 1491 1228 1529 concesso
1248 1490 1345 1535 hoc,
1367 1491 1485 1538 quod
1504 1491 1645 1529 cauda
1660 1490 1748 1528 fere
1764 1491 1806 1528 21
1822 1490 1981 1538 gradus

341 1545 593 1591 adaequarit,
605 1549 649 1582 vt
660 1544 731 1582 ille
744 1544 846 1589 vult,
864 1544 1153 1582 nihilominus
1164 1555 1315 1582 veram
1327 1546 1421 1582 eius
1432 1544 1770 1591 Longitudinem
1780 1555 1872 1582 non
1884 1544 1980 1582 asse-

341 1599 497 1644 quitur,
520 1597 729 1644 siquidem
751 1597 887 1645 ipsam
909 1609 997 1635 vna
1020 1609 1120 1635 cum
1142 1599 1281 1645 capite
1301 1597 1458 1641 Terris,
1483 1609 1506 1635 e
1529 1597 1821 1641 Parallaxeos‚
1846 1608 1980 1644 quam

340 1651 515 1695 assumit‚
536 1651 647 1688 adeo
664 1651 888 1688 euidenter
904 1651 1162 1695 excedentis,
1184 1650 1360 1688 infirmo
1376 1650 1677 1695 fundamento,
1698 1652 1828 1688 nimis
1844 1661 1979 1698 prope

340 1703 556 1741 admouet.

392 1757 848 1795 Animaduertendum
864 1769 981 1801 vero,
1003 1757 1121 1804 quod
1142 1757 1329 1795 caudam
1350 1769 1442 1795 non
1459 1757 1623 1795 sursum
1639 1755 1830 1804 respectu
1846 1758 1980 1795 centri

339 1809 486 1847 Terrae
498 1810 662 1857 dirigat,
674 1816 717 1848 vt
730 1811 1102 1858 Regiomontanus
1114 1812 1159 1848 in
1171 1810 1338 1849 Libello
1353 1810 1429 1848 suo
1446 1810 1498 1848 de
1511 1810 1798 1849 Cometarum
1814 1810 1979 1848 dimen-

338 1862 526 1900 sionibus
538 1862 786 1901 faciendum
799 1863 972 1908 censuit,
985 1863 1194 1911 siquidem
1206 1866 1375 1902 ratione
1386 1863 1576 1902 leuitatis
1587 1864 1625 1901 &
1637 1863 1817 1908 ardoris,
1830 1875 1853 1901 e
1864 1865 1979 1910 prin-

338 1917 433 1963 cipij
440 1927 458 1953 s
470 1916 759 1961 Aristotelicis,
776 1917 1005 1954 necessario
1017 1919 1062 1954 in
1075 1916 1284 1955 directum
1295 1917 1423 1964 supra
1434 1917 1714 1961 attolleretur,
1728 1916 1798 1954 sed
1809 1916 1980 1954 mauult

338 1980 448 2011 eam,
470 1980 546 2016 per
566 1969 770 2007 diurnam
790 1970 1126 2014 reuolutionem,
1147 1970 1203 2008 ad
1221 1970 1435 2008 ambitum
1450 1975 1595 2008 motus
1612 1972 1725 2008 circa
1739 1969 1934 2013 Terram,
1957 1981 1979 2007 e

339 2023 475 2068 capite
493 2021 706 2060 effluxisse.
724 2023 889 2060 Verum
904 2023 999 2061 haec
1020 2035 1111 2061 non
1131 2023 1229 2061 satis
1250 2024 1530 2062 rationabilia
1550 2028 1774 2071 apparent.
1797 2023 1841 2061 Si
1862 2025 1980 2060 enim

339 2075 477 2112 cauda
502 2075 711 2119 Cometae‚
735 2075 953 2113 flammeae
977 2076 1014 2113 &
1038 2076 1326 2115 Elementaris
1349 2083 1440 2115 erat
1462 2082 1633 2115 naturae
1656 2078 1882 2124 particeps,
1906 2087 1978 2113 ne-

338 2128 507 2165 cessario
524 2130 569 2165 in
584 2125 841 2177 su-ssperiora
856 2129 896 2167 se
913 2129 1126 2173 attollens,
1149 2129 1204 2167 ob
1222 2130 1446 2168 leuitatem
1463 2135 1660 2168 centrum
1675 2131 1899 2178 grauitatis
1915 2128 1978 2167 fu-

337 2186 463 2227 geret,
485 2192 627 2227 neque
645 2187 791 2228 raptus
808 2182 978 2220 diurnae
995 2183 1283 2221 reuolutionis
1299 2185 1345 2221 in
1362 2183 1490 2221 causa
1505 2183 1626 2227 foret,
1646 2188 1690 2221 vt
1704 2182 1800 2221 haec
1816 2182 1872 2221 ad
1888 2193 1978 2220 am-

337 2233 475 2270 bitum
491 2234 636 2271 cursus
653 2237 765 2272 circa
775 2234 957 2272 Terram
973 2238 1278 2283 porrigeretur;
1295 2236 1506 2284 liquidem
1517 2237 1607 2274 Aer
1623 2236 1707 2279 ille,
1724 2238 1770 2273 in
1786 2247 1874 2283 quo
1885 2247 1977 2273 ver-

337 2285 507 2323 sabatur
524 2286 708 2325 Cometa
729 2288 913 2334 (oportet
935 2290 1052 2326 enim
1072 2300 1153 2326 nos
1175 2301 1275 2327 cum
1293 2290 1369 2327 illo
1386 2301 1503 2327 nunc
1518 2289 1713 2333 statuere,
1735 2291 1898 2326 eumin
1913 2288 1977 2326 su-

337 2350 486 2385 prema
494 2340 620 2377 Aeris
634 2340 822 2387 Regione
836 2340 1041 2387 effulsisse)
1053 2354 1141 2379 vna
1152 2348 1280 2389 raptu
1291 2344 1420 2390 primi
1430 2343 1604 2381 mobilis
1617 2341 1976 2380 conuoluebatur.

336 2392 460 2429 Alias
477 2394 593 2429 enim
606 2393 791 2431 Cometa
806 2396 944 2431 motui
961 2394 1130 2432 diurnae
1148 2397 1550 2444 circumgyrationis
1565 2407 1657 2433 non
1667 2395 1800 2433 fuisset
1812 2395 1976 2433 obnox-

337 2446 415 2482 ius.
434 2446 522 2482 Aer
533 2447 678 2492 itaque
691 2448 811 2484 iuxta
822 2447 958 2491 illum,
975 2448 1130 2485 eodem
1140 2449 1273 2486 modo
1286 2449 1525 2493 reuolutus,
1541 2448 1711 2486 efficere
1723 2460 1814 2486 non
1825 2449 1976 2495 potuit,

336 2503 378 2534 vt
395 2498 535 2535 cauda
551 2510 577 2536 a
593 2499 781 2537 naturali
802 2499 877 2537 suo
894 2499 1030 2538 tractu
1046 2501 1192 2539 versus
1212 2501 1446 2549 superiora,
1468 2502 1649 2549 desuper
1669 2504 1714 2539 in
1735 2501 1975 2548 obliquum,

1859 2557 1917 2591 ita
1932 2560 1976 2591 vt

2025 812 2055 837 10

2023 1078 2052 1103 15

2019 1343 2053 1368 20

2017 1610 2051 1634 25

2018 1875 2052 1900 30

2003 2135 2068 2166 414

2015 2407 2048 2431 40
