2209 3213
110 839 140 865 10

110 1105 140 1130 15

105 1370 139 1396 20

100 1524 137 1556 91

104 1637 137 1662 25

102 2168 135 2194 35

102 2433 135 2459 40

484 244 567 281 DE
589 243 814 281 MUNDI
835 243 1000 281 AETH.
1024 243 1289 281 RECENT.
1312 243 1522 281 PHAEN.
1775 243 1824 280 83

179 355 267 388 tem
286 349 419 388 huius
439 351 502 387 rei
523 349 808 387 obseruandae
824 349 1266 397 peruestigandaeque,
1282 351 1448 397 peperit
1463 354 1557 386 tum
1572 348 1672 386 [itus
1693 348 1825 386 huius

180 402 324 442 Stellae
347 402 513 450 semper
535 401 815 449 aspectabilis,
839 414 892 440 eo
913 402 1031 450 quod
1053 402 1280 441 Circulum
1302 404 1414 440 circa
1434 402 1590 440 Polum
1613 413 1824 449 magnum

180 457 369 504 quidem,
386 455 456 494 sed
473 457 596 493 cuius
613 467 714 502 pars
730 455 853 493 nulla
869 456 1094 500 occideret,
1111 461 1234 493 motu
1248 457 1376 503 primi
1388 455 1561 493 mobilis
1574 455 1823 502 designaret,

179 520 322 556 neque
339 509 450 547 adeo
466 508 647 546 decliuis
662 510 709 546 in
724 510 909 547 minima
925 509 1152 547 altitudine
1164 508 1297 552 fieret,
1314 513 1358 546 vt
1369 520 1555 555 vapores
1567 510 1680 546 circa
1692 508 1823 545 Hori-

179 567 366 606 zontem,
383 573 460 609 per
475 561 648 599 radium
664 560 909 606 refractum,
926 562 1073 600 locum
1090 564 1184 599 eius
1200 561 1408 600 aliorsum
1419 561 1526 599 visui
1543 561 1823 605 insinuarent,

178 620 476 663 perpetuoque
492 617 538 652 in
554 615 710 652 eodem
726 615 823 652 loco
839 615 928 653 fixa
943 615 1065 659 stetit;
1082 615 1196 653 vnde
1209 615 1360 652 Motus
1376 616 1578 662 proprius
1592 614 1763 652 nullam
1779 616 1824 652 in

177 668 427 716 indaganda
442 668 661 706 Parallaxi
677 667 977 706 difficultatem
994 668 1160 706 causari
1178 673 1357 715 poterat.
1380 669 1437 705 At
1458 670 1503 705 in
1523 668 1607 705 hoc
1624 667 1822 711 Cometa,

178 733 266 769 quo
283 722 338 759 ad
354 721 605 759 Parallaxes
622 721 930 764 enucleandas,
949 723 1091 759 maior
1106 721 1234 769 longe
1251 721 1355 758 inest
1370 721 1532 759 laboris
1548 721 1822 768 perplexitas,

178 775 216 813 8(
231 774 440 813 subtiliori
456 786 567 821 opus
583 776 661 812 erit
677 774 1048 822 peruestigationis
1060 773 1289 817 Methodo‚
1306 785 1450 821 neque
1463 776 1594 812 etiam
1606 774 1717 811 adeo
1729 773 1822 811 fim-

177 827 289 876 plici,
313 839 366 865 eo
389 828 508 874 quod
529 829 564 865 is
584 838 665 865 nec
685 830 731 865 in
752 827 1004 865 Meridiano
1028 825 1295 875 aspectabilis
1318 827 1458 871 fuerit,
1482 827 1646 865 nedum
1666 832 1709 864 vt
1732 838 1824 864 non

177 881 402 922 occideret.
424 881 462 919 &
482 886 652 918 motum
672 883 804 918 etiam
820 881 1051 928 Proprium
1067 880 1313 923 obtinuerit,
1335 892 1525 927 eumque
1546 892 1638 917 non
1657 879 1824 927 semper

177 934 409 981 aequalem,
432 933 502 972 sed
524 933 748 972 successiue
768 933 809 971 se
829 936 1132 971 remittentem.
1157 933 1252 971 Nos
1272 938 1421 971 tamen
1441 935 1566 971 certis
1586 933 1624 971 8(
1645 933 1823 971 diuersis

177 987 431 1031 rationibus,
453 987 658 1025 omnibus
674 986 742 1024 his
758 986 1084 1025 difficultatibus
1103 988 1438 1034 praeuenientes‚
1459 986 1626 1033 liquido
1643 986 1822 1024 demon-

176 1040 414 1084 strabimus,
431 1040 550 1078 hunc
563 1040 796 1078 Cometam
811 1041 993 1078 minime
1007 1042 1053 1077 in
1065 1040 1331 1077 Elementari
1344 1039 1534 1087 Regione
1551 1040 1735 1083 extitisse,
1752 1039 1823 1077 sed

176 1093 304 1141 longe
325 1093 453 1141 supra
469 1093 608 1131 Lunae
625 1093 855 1140 Sphaeram
875 1095 921 1130 in
941 1092 1031 1140 ipso
1047 1092 1228 1130 AEthere
1249 1092 1420 1130 cursum
1440 1092 1566 1130 suum
1585 1092 1822 1136 absoluisse;

177 1146 344 1185 Contra
355 1158 490 1194 quam
501 1146 784 1194 Peripatetici,
800 1146 1012 1194 Stagiritae
1024 1146 1141 1184 illius
1153 1145 1407 1184 authoritati
1418 1145 1663 1190 insistentes,
1681 1144 1822 1184 hacte-

175 1211 259 1238 nus
270 1199 494 1238 subtilibus
504 1199 590 1237 suis
601 1199 1066 1247 argumentationibus,
1081 1199 1191 1237 nulli
1202 1204 1351 1237 tamen
1363 1201 1643 1246 experientiae
1655 1199 1725 1236 vel
1736 1198 1822 1236 De-

175 1253 476 1291 monstrationi
496 1258 624 1291 00118
644 1254 818 1297 innixis,
839 1253 966 1291 nobis
986 1252 1246 1300 persuadere
1263 1254 1407 1290 conati
1423 1252 1531 1290 sunt.
1553 1252 1688 1299 quue
1705 1263 1823 1290 nunc

176 1318 229 1345 eo
251 1306 485 1344 audentius
508 1311 659 1344 contra
682 1317 768 1350 eos,
795 1317 1038 1354 eorumque
1061 1306 1233 1344 asseclas
1255 1306 1432 1344 asserere
1455 1306 1610 1349 licebit,
1637 1305 1754 1353 quod
1777 1307 1823 1343 in

176 1360 310 1398 Noua
321 1359 408 1403 illa,
421 1359 473 1397 de
486 1371 574 1406 qua
584 1359 718 1397 modo
730 1360 921 1398 diximus
933 1359 1078 1404 Stella,
1090 1361 1136 1397 in
1148 1359 1238 1407 ipso
1249 1358 1429 1397 AEthere
1441 1358 1633 1397 insolitas
1645 1370 1821 1407 genera-

174 1415 315 1451 tiones
338 1424 665 1460 nonnunquam
689 1412 876 1457 existere,
903 1413 1014 1451 adeo
1037 1412 1259 1450 manifeste
1282 1414 1497 1460 apparuit,
1523 1418 1728 1459 certoque
1751 1413 1821 1450 de-

174 1465 504 1510 monstrabatur,
516 1471 559 1504 vt
571 1468 646 1513 qui
659 1466 711 1504 de
723 1466 806 1504 hoc
819 1466 1009 1513 amplius
1021 1466 1218 1504 haelitare
1230 1465 1344 1509 velit,
1362 1466 1625 1503 deridendus
1636 1467 1793 1513 potius,
1807 1462 1821 1516 ΙΙ

175 1519 213 1557 8(
237 1524 450 1567 tanquam
475 1518 597 1557 sensu
622 1521 848 1557 communi
873 1531 1038 1563 carens,
1065 1531 1091 1557 a
1115 1521 1307 1557 veritatis
1333 1518 1493 1557 Schola
1520 1519 1822 1566 explodendus

174 1575 329 1611 merito
339 1574 498 1617 veniat,
511 1584 645 1619 quam
654 1578 698 1610 vt
709 1572 983 1620 responsione
996 1573 1151 1620 dignus
1163 1572 1398 1610 censeatur.
1410 1572 1527 1610 Cum
1539 1574 1685 1619 itaque
1696 1572 1821 1610 Ratio

174 1625 459 1673 inuestigandi
475 1625 725 1664 Parallaxin
741 1628 787 1663 in
803 1625 887 1663 hoc
904 1625 1102 1670 Cometa,
1124 1637 1215 1663 non
1231 1625 1363 1673 vsque
1380 1626 1491 1663 adeo
1510 1625 1689 1672 simplex
1706 1625 1744 1662 8(
1760 1625 1820 1663 fa-

174 1679 266 1717 cilis
283 1679 343 1726 (vt
357 1678 564 1725 diximus)
582 1678 740 1723 existat,
758 1679 900 1726 qualis
912 1681 957 1716 in
969 1679 1101 1717 Stella
1112 1679 1188 1716 illa
1199 1679 1334 1716 Noua
1345 1678 1428 1716 sese
1441 1678 1607 1722 obtulit,
1620 1678 1658 1716 8(
1669 1678 1820 1716 11111118

173 1734 258 1770 ν18
281 1732 390 1770 alias
413 1744 439 1770 a
463 1731 790 1770 Mathematicis
814 1731 1114 1779 praestantibus
1139 1737 1321 1779 repertae
1344 1731 1422 1769 lint
1445 1732 1499 1769 ad
1523 1731 1820 1770 Parallaxium

174 1785 586 1824 demonstrationem
597 1785 901 1832 perueniendi;
916 1785 1110 1823 Primum
1123 1785 1302 1832 quidem
1313 1785 1367 1823 ab
1380 1787 1542 1823 eximio
1554 1785 1630 1822 illo
1642 1784 1820 1823 Artifice

174 1838 459 1877 IOHANNE
476 1838 970 1877 REGIOMONTANO
990 1838 1171 1883 Franco,
1193 1839 1307 1876 edito
1324 1838 1376 1876 de
1393 1838 1476 1876 hac
1492 1840 1676 1876 materia
1692 1850 1819 1886 pecu-

172 1891 270 1930 liari
295 1891 474 1935 Libello,
504 1896 598 1929 tum
623 1893 755 1929 etiam
779 1903 806 1930 a
831 1891 1089 1939 quibusdam
1114 1892 1426 1930 recentioribus
1452 1903 1543 1929 non
1567 1891 1820 1939 vulgaribus

173 1944 517 1983 Mathematicis:
538 1950 687 1983 tamen
708 1956 809 1982 cum
829 1945 952 1983 nulla
974 1957 1127 1983 earum
1146 1944 1257 1982 mihi
1272 1944 1514 1983 satisfacere
1531 1945 1743 1989 videatur,
1764 1945 1819 1983 ad

172 1997 305 2036 huius
322 1998 520 2036 Cometae
537 1998 787 2036 Parallaxes
804 1998 1112 2042 enucleandas,
1134 2009 1186 2036 eo
1208 1998 1326 2045 quod
1345 2000 1540 2036 maxima
1556 2010 1656 2045 pars
1672 1998 1818 2036 tranfi-

172 2056 265 2089 tum
285 2063 362 2099 per
382 2051 685 2089 Meridianum
705 2050 1008 2099 aspediabilem
1030 2051 1350 2099 praesupponat,
1375 2051 1413 2089 8(
1436 2063 1590 2089 omnes
1613 2051 1700 2089 1118
1721 2053 1818 2094 ν18,

174 2104 371 2143 Cometae
394 2110 565 2142 motum
588 2104 761 2142 nullum
784 2104 922 2143 alium
943 2117 1077 2152 quam
1099 2107 1229 2152 primi
1251 2104 1425 2143 mobilis
1450 2105 1691 2147 admittant,
1719 2117 1818 2151 quae

173 2158 261 2196 duo
276 2159 322 2195 in
338 2157 422 2196 hoc
438 2160 698 2205 neutiquam
714 2158 861 2196 locum
873 2157 1137 2202 obtinebant,
1154 2158 1278 2202 adde,
1296 2158 1413 2205 quod
1425 2163 1468 2195 vt
1480 2158 1720 2205 plurimum
1731 2158 1818 2195 1118

172 2213 375 2255 rationes,
405 2213 613 2258 temporis
639 2211 1001 2258 exquifitissimam
1026 2213 1227 2249 notitiam
1251 2213 1487 2258 requirant,
1514 2223 1602 2258 qua
1627 2214 1671 2248 in
1697 2217 1817 2258 parte

172 2275 306 2311 quam
322 2263 448 2302 facile
464 2264 657 2302 aberrari
673 2265 803 2312 possit,
820 2269 994 2308 norunt,
1012 2266 1087 2311 qui
1103 2266 1148 2302 in
1165 2264 1248 2302 hoc
1264 2264 1447 2311 puluere
1464 2264 1711 2312 diligentius
1725 2276 1817 2302 ver-

171 2316 247 2355 sati
258 2316 369 2361 sunt;
388 2317 425 2355 &
441 2317 497 2355 ob
508 2318 551 2355 id
562 2317 650 2355 1118
662 2316 936 2356 induciiiones
949 2328 1001 2355 ex
1013 2319 1220 2362 minimis,
1233 2329 1423 2365 quorum
1435 2329 1575 2365 parua
1586 2318 1816 2361 aberratio,

172 2382 272 2417 quae
287 2372 361 2408 vix
381 2372 529 2408 caueri
549 2370 693 2418 potest,
710 2373 756 2408 in
771 2372 1014 2409 maximam
1030 2370 1173 2409 crescit
1190 2371 1500 2415 deuiafionem,
1522 2371 1631 2408 mihi
1651 2370 1818 2418 semper

171 2422 372 2471 suspeetae
388 2423 575 2462 fuerunt.
597 2424 773 2468 Idcirco,
790 2429 833 2461 vt
850 2435 931 2461 nos
946 2426 992 2461 in
1008 2424 1207 2471 praesenti
1225 2426 1412 2472 negotio,
1435 2436 1589 2462 omnes
1605 2436 1632 2462 a
1648 2427 1815 2462 certitu-

171 2476 285 2514 dinis
309 2476 437 2524 scopo
462 2477 727 2515 abducentes
752 2476 1043 2525 Labyrinthos
1068 2479 1296 2521 euitemus,
1323 2477 1361 2515 8(
1386 2477 1711 2515 difficultatibus
1733 2477 1816 2515 sese

171 2530 465 2577 ingerentibus
485 2535 701 2577 oportune
722 2542 1017 2573 occurramus,
1037 2530 1329 2578 superatisque
1346 2542 1545 2568 errorum
1560 2530 1744 2577 scopulis
1762 2530 1815 2568 ad

280 2590 326 2615 ιι*
1625 2585 1815 2621 veritatis
