2209 3213
324 240 398 276 284
816 234 901 270 DE
922 231 1147 270 MUNDI
1168 228 1469 267 AETHEREI

324 343 417 382 acta
435 343 713 388 Operatione,
736 342 779 376 in
802 351 888 385 qua
906 343 995 375 tam
1012 347 1173 384 magna
1188 334 1428 373 Parallaxis
1444 334 1698 372 Altitudinis
1714 333 1962 381 praesuppo-

325 403 462 437 natur,
485 400 647 441 quanta
664 395 709 429 in
726 392 920 439 Sphaerae
938 391 1076 428 Lunae
1093 399 1291 426 concauo
1308 387 1467 431 euadit,
1488 387 1716 434 vtrobique
1738 399 1806 425 res
1823 399 1875 424 eo
1892 387 1962 425 de-

325 451 504 489 ducitur,
522 452 564 483 vt
581 447 707 483 Hora
723 446 746 482 9
762 446 970 482 remotior
986 444 1061 480 esse
1078 441 1273 480 debuerit
1286 440 1472 479 Cometa
1486 440 1540 479 ab
1554 440 1642 479 Ore
1655 440 1811 488 Pegasi,
1829 451 1963 487 quarn

326 503 451 540 Hora
467 501 502 542 6,
520 500 653 536 ferme
671 498 859 535 sextante
876 499 1005 534 vnius
1021 495 1191 543 gradus.

378 552 767 591 Demonstrationis
788 556 935 588 autem
952 549 989 586 &
1007 548 1286 595 Operationis
1307 552 1505 585 tenorem
1525 548 1600 593 qui
1621 548 1812 594 requirit,
1833 546 1966 593 potest
2004 558 2019 582 5

326 608 449 645 illum
465 605 810 647 accommodare,
828 615 915 650 quo
928 602 1082 649 Capite
1097 601 1228 639 Sexto
1244 602 1289 638 in
1305 600 1429 638 fimili
1441 600 1714 648 Argumento
1730 599 1789 637 vsi
1804 599 1964 643 sumus,

326 671 457 707 quem
473 658 543 696 hic
560 662 764 704 repetere,
782 668 881 694 cum
898 657 1048 703 paucis
1064 666 1155 692 non
1171 653 1434 696 absoluatur‚
1455 654 1586 690 nimis
1605 652 1826 700 prolixum
1845 652 1965 690 foret.

379 713 494 750 Cum
516 714 660 757 itaque
682 722 757 757 per
774 709 1034 751 Parallaxin,
1057 710 1188 745 etiam
1209 709 1255 744 in
1276 706 1460 753 Sphaera
1475 706 1615 743 Lunae
1631 708 1966 753 contingentem,

326 771 495 804 tanturn
516 764 760 801 retrahatur
780 768 925 800 motus
945 763 1147 809 proprius
1164 760 1374 803 Cometae‚
1396 764 1439 797 vt
1459 759 1576 797 sexta
1596 758 1684 797 fere
1700 764 1822 806 parte
1838 760 1967 796 vnius

327 819 484 866 gradus
505 817 625 855 fieret
646 818 853 854 remotior
870 816 923 853 ab
941 815 1029 852 Ore
1046 813 1190 861 Pegafi
1207 812 1442 850 interuallo
1460 814 1592 850 trium
1608 812 1849 855 Horarum,
1870 811 1969 849 licet
2009 822 2040 847 ιο

328 877 450 909 motu
466 872 641 918 proprio
658 871 681 907 7
697 868 906 916 scrupulis
923 868 978 906 ad
995 879 1094 905 eam
1110 866 1289 905 Stellam
1305 867 1472 904 interea
1487 866 1709 909 accesserit,
1730 867 1806 912 qui
1822 864 1968 912 quaeso

329 927 534 967 eueniret,
556 929 598 960 vt
620 922 732 960 infra
753 923 926 960 Lunam
946 921 1093 958 locum
1114 918 1352 958 obtineret?
1375 918 1585 966 fiquidem
1608 929 1699 956 non
1722 918 1861 956 solum
1880 917 1969 956 sex-

329 983 445 1016 tante
461 977 618 1024 gradus
635 976 886 1013 nullatenus
902 973 1109 1012 retractus
1125 973 1183 1017 fit,
1199 972 1269 1010 sed
1281 974 1425 1019 potius
1436 972 1461 1009 4
1471 971 1541 1009 vel
1552 972 1576 1010 5
1587 971 1809 1018 scrupulis,
1826 976 1870 1009 vt
1881 971 1971 1019 ipsa

329 1030 541 1069 Thaddaei
559 1029 814 1068 Obseruatio
831 1028 1014 1071 testatur,
1036 1028 1216 1074 propius
1233 1025 1502 1073 applicuerit.
1519 1025 1644 1063 Vnde
1662 1026 1794 1063 etiam
1810 1024 1970 1072 colligi-

330 1090 409 1128 tur,
427 1083 556 1131 quod,
574 1094 674 1120 cum
685 1082 814 1129 ipsius
826 1080 1026 1119 inhibitio
1039 1077 1054 1130 ΙΙ
1065 1091 1092 1118 a
1102 1081 1385 1127 proportione
1397 1080 1489 1116 veri
1499 1083 1645 1116 motus
1657 1078 1802 1116 diurni
1813 1077 1970 1116 solum·
1995 1082 2059 1114 352

330 1138 462 1175 modo
479 1137 668 1174 duorum
682 1135 752 1173 vel
768 1137 898 1172 trium
914 1133 1217 1181 scrupulorum
1231 1132 1372 1176 fuerit,
1391 1143 1492 1179 quae
1507 1142 1687 1169 nouena
1702 1133 1885 1175 minuta,
1901 1130 1971 1169 vel

332 1194 376 1228 in
396 1190 485 1237 ipsa
506 1191 651 1227 citima
670 1194 791 1236 parte
808 1187 1003 1235 Sphaerae
1020 1187 1159 1224 Lunae
1180 1185 1442 1233 impleuisset,
1465 1189 1662 1232 oporteat
1678 1184 1796 1222 hunc
1813 1183 1971 1222 Come-

331 1250 420 1282 tam
443 1243 570 1290 longe
593 1244 749 1280 maiori
772 1240 1006 1279 interuallo
1030 1252 1056 1278 a
1078 1240 1205 1278 nobis
1227 1243 1446 1277 remotum
1471 1237 1599 1282 fuisse‚
1626 1249 1761 1285 quam
1783 1237 1922 1275 Lunae
1945 1249 1972 1275 a

331 1297 475 1334 Terris
497 1296 693 1333 distantia
713 1295 909 1338 admittit,
933 1294 1063 1341 idque
1085 1295 1130 1331 in
1150 1297 1271 1331 tanta
1291 1291 1627 1339 intercapedine,
1648 1296 1692 1329 vt
1712 1295 1858 1329 motus
1878 1292 1972 1328 eius

333 1361 548 1397 apparens
569 1348 717 1386 saltem
738 1348 909 1386 duobus
925 1352 1000 1385 aut
1015 1346 1151 1384 tribus
1168 1345 1377 1393 scrupulis
1393 1357 1420 1383 a
1434 1356 1540 1382 vero
1557 1343 1758 1382 differret.
1779 1344 1880 1382 Hoc
1896 1355 1972 1382 au·
2011 1354 2044 1380 20

333 1409 419 1441 tem
431 1405 494 1450 ijs,
512 1414 611 1449 quae
623 1401 875 1439 Thaddaeus
887 1400 1073 1438 astruere
1085 1404 1281 1443 conatur,
1295 1398 1548 1436 nullatenus
1560 1399 1779 1441 conuenit,
1791 1397 1861 1435 sed
1873 1408 1973 1435 con-

333 1458 514 1494 trarium
531 1456 590 1502 (vt
607 1454 813 1500 diximus)
830 1453 1158 1492 manifestissime
1174 1452 1339 1500 probat.
1357 1451 1566 1499 Idemque
1577 1450 1716 1488 multo
1728 1449 1873 1489 adhuc
1885 1452 1974 1488 eui-

334 1510 504 1547 dentius
521 1508 694 1555 patebit,
715 1508 744 1545 fi
762 1507 1154 1554 praesupponamus
1171 1505 1404 1544 Cometam
1419 1516 1511 1542 non
1526 1504 1637 1542 vltra
1652 1502 1748 1543 octo
1765 1503 1975 1542 Semidia-

333 1567 493 1600 metros
505 1573 531 1599 a
542 1561 677 1599 Terra
694 1561 882 1604 distitisse‚
898 1566 942 1598 vt
958 1571 1049 1598 non
1065 1559 1205 1597 solum
1220 1558 1306 1606 ipse
1317 1557 1570 1596 Thaddaeus
1583 1557 1738 1595 eodem
1749 1558 1796 1595 in
1807 1556 1975 1604 Capite,

334 1616 403 1653 sed
421 1615 600 1662 quidam
616 1614 688 1662 alij
708 1614 777 1661 (de
794 1614 951 1661 quibus
967 1618 1098 1651 antea
1114 1612 1320 1660 quaedam
1335 1611 1643 1655 iudicauimus,
1665 1610 1703 1648 &
1723 1621 1828 1648 mox
1847 1610 1975 1657 plura
2013 1621 2047 1646 2⁵

335 1668 545 1714 dicemus)
567 1668 804 1705 asseuerare
826 1679 916 1705 non
937 1667 1201 1705 dubitarunt.
1224 1664 1287 1703 Eo
1308 1676 1502 1712 namque
1519 1664 1722 1708 concesso,
1743 1675 1812 1702 res
1832 1663 1976 1701 adhuc

336 1724 381 1759 in
396 1723 539 1759 maius
555 1720 789 1758 absurdum
805 1719 1078 1758 deuoluetur.
1099 1719 1132 1757 F
1134 1719 1249 1756 uisset
1265 1720 1427 1756 etenim
1442 1723 1545 1756 tunc
1561 1717 1815 1755 Altitudinis
1831 1716 1976 1754 Paral-

336 1775 446 1812 laxis
463 1776 508 1811 in
524 1776 666 1821 prima
682 1773 1010 1816 Obseruatione,
1033 1772 1087 1811 G.
1104 1773 1140 1811 5.
1159 1772 1222 1810 M.
1239 1771 1302 1815 40,
1323 1773 1369 1809 in
1387 1770 1610 1819 posteriori
1624 1781 1730 1808 vero
1746 1770 1789 1807 P.
1806 1770 1842 1808 7.
1859 1769 1923 1807 M.
1939 1769 1976 1807 3.

336 1829 481 1874 Atque
497 1827 599 1864 hinc
615 1826 859 1864 differentia
876 1828 921 1864 in
937 1826 1135 1864 distantia
1146 1825 1200 1863 ab
1214 1824 1301 1863 Ore
1313 1823 1470 1872 Pegafi,
1487 1823 1721 1861 interuallo
1736 1824 1869 1861 trium
1884 1822 1976 1860 illa-

338 1892 435 1918 rum
451 1880 679 1918 Horarum
701 1880 889 1917 extitisset
904 1879 946 1917 P.
965 1880 991 1916 l.
1008 1879 1072 1917 M.
1089 1878 1141 1916 40
1160 1879 1376 1925 proxime;
1398 1877 1509 1915 adeo
1525 1881 1568 1914 vt
1588 1878 1633 1914 in
1651 1875 1874 1924 posteriori
1891 1875 1976 1914 Ob·
2015 1886 2049 1912 30

336 1934 580 1971 seruatione
605 1938 725 1970 tanto
751 1933 886 1979 spatio
912 1937 1105 1970 remotus
1130 1931 1263 1969 fuisset
1288 1930 1475 1969 Cometa
1499 1930 1553 1968 ab
1580 1929 1668 1968 Ore
1693 1928 1850 1976 Pegasi,
1880 1928 1978 1976 plus

338 1998 471 2033 quam
482 1988 527 2023 in
539 1988 757 2023 anteriori.
772 1986 885 2032 Quae
897 1985 997 2023 sane
1009 1987 1197 2023 varietas
1207 1990 1297 2022 tam
1309 1984 1492 2022 euidens
1504 1983 1571 2027 ess,
1580 1988 1625 2021 vt
1635 1982 1706 2020 vel
1716 1982 1814 2020 solis
1826 1981 1978 2025 oculis,

338 2039 496 2085 absque
513 2040 634 2076 omni
650 2038 935 2076 Instrumento
952 2038 1179 2086 diligenter
1194 2037 1445 2081 attendenti,
1464 2035 1758 2074 animaduerti
1773 2035 1978 2083 potuisset,

339 2092 367 2129 fi
384 2103 538 2129 reuera
554 2091 638 2129 tale
655 2091 820 2138 aliquid
836 2093 882 2129 in
897 2092 1179 2139 Apparentijs
1195 2090 1292 2138 ipsis
1308 2090 1392 2128 sese
1409 2089 1674 2133 exhibuisset;
1691 2090 1816 2126 cuius
1830 2093 1979 2126 tamen

338 2147 481 2191 potius
503 2146 770 2182 contrarium
790 2147 947 2182 euenit.
969 2144 1088 2182 Nam
1108 2144 1313 2182 accedere
1330 2143 1385 2181 ad
1403 2143 1464 2182 Os
1480 2141 1636 2190 Pegafi,
1658 2141 1746 2180 fere
1767 2146 1812 2179 vt
1831 2145 1978 2179 motus
2016 2152 2050 2178 35

339 2198 499 2244 proprij
523 2199 632 2235 ratio
653 2197 910 2244 requirebat,
935 2209 1026 2235 non
1046 2197 1099 2235 ab
1121 2197 1196 2235 illa
1216 2196 1349 2235 Stella
1368 2198 1414 2234 in
1435 2195 1737 2234 antecedentia
1759 2195 1979 2232 remoueri

340 2250 453 2288 visus
470 2250 535 2287 est.
553 2250 739 2288 Videant
760 2252 918 2297 itaque,
940 2252 1015 2297 qui
1031 2250 1281 2288 Parallaxin
1299 2249 1431 2287 huius
1448 2249 1646 2287 Cometae
1666 2247 1722 2286 ad
1743 2249 1901 2295 quinos
1917 2247 1977 2285 vl'-

341 2315 425 2350 que
446 2303 615 2350 gradus,
638 2303 675 2340 &
695 2303 872 2340 vlterius
893 2304 1143 2347 extendunt,
1167 2302 1391 2350 quomodo
1414 2314 1467 2340 ex
1489 2301 1558 2339 his
1580 2300 1786 2345 absurdis,
1809 2302 1855 2338 in
1877 2311 1978 2348 quae

342 2358 504 2393 incauti
521 2356 830 2399 deuoluuntur,
847 2356 930 2394 sese
948 2358 1156 2394 extricare
1172 2357 1333 2403 possint.

395 2409 444 2446 In
460 2409 596 2446 altera
613 2408 926 2447 Obseruatione
943 2409 1026 2447 Die
1043 2409 1104 2447 XI
1121 2409 1376 2447 Decembris
1395 2408 1556 2451 habita,
1578 2407 1756 2454 quando
1773 2406 1900 2444 refert
1915 2407 1978 2444 in·
2017 2418 2051 2443 40

342 2461 526 2500 teruallo
536 2462 559 2499 4
570 2462 797 2499 Horarum
809 2464 939 2500 etiam
951 2473 1027 2509 per
1038 2462 1062 2499 4
1073 2462 1142 2499 vel
1153 2463 1176 2500 5
1192 2461 1392 2509 scrupula
1402 2462 1653 2509 propiorem
1662 2459 1806 2498 Stellae
1818 2458 1980 2498 facturn

343 2515 587 2558 Cometam,
609 2526 699 2552 non
716 2515 826 2552 adeo
842 2514 1029 2553 distincte
1045 2516 1091 2552 in
1107 2514 1292 2553 exilibus
1308 2514 1608 2552 Parallaxibus
1624 2513 1851 2552 discrimen
1868 2514 1980 2550 inter

1810 2570 1980 2604 motum
