2209 3213
113 1959 142 1984 10

105 2061 145 2092 77

112 2225 142 2250 15

108 2490 141 2515 20

487 247 570 284 DE
592 246 820 285 MUNDI
841 247 1005 285 AETH.
1028 247 1296 286 RECENT.
1319 248 1529 286 PHAEN.
1791 249 1831 287 71

183 353 226 391 P.
244 352 306 391 80.
324 352 387 390 Μ.
404 353 441 395 2,
464 353 582 400 quod
603 354 778 390 metitur
799 353 1043 391 distantiam
1064 352 1211 401 punc‘ti
1232 353 1543 392 intersectionis
1563 356 1609 392 in
1625 354 1832 402 Ecliptica

184 417 284 444 cum
296 406 416 443 Arcu
428 405 639 449 Cometae,
658 417 684 443 a
699 405 970 453 longitudine
982 407 1226 454 posterioris
1240 407 1569 446 Obseruationis
1580 407 1830 446 subtrahen-

184 459 298 503 dam,
322 463 365 496 vt
387 458 433 496 fit
455 458 590 503 locus,
617 470 705 506 quo
728 461 801 496 via
825 459 1022 497 Cometae
1046 460 1319 507 pertranfiuit
1342 461 1596 508 Eclipticam
1619 462 1665 498 in
1688 461 1743 499 G.
1767 461 1830 498 20.

184 511 246 550 M.
263 512 314 550 52
337 516 393 555 a,
415 511 704 549 Inclinatione
725 511 855 559 ipfius
875 515 995 559 prius
1015 515 1209 556 inuenta,
1234 514 1277 551 P.
1294 514 1356 552 29.
1379 514 1442 551 M.
1461 514 1513 557 13,
1538 525 1638 561 quae
1659 514 1748 552 duo
1768 516 1830 552 in-

183 565 434 613 uestiganda
449 564 767 612 proposuimus.

660 697 720 759 J>

441 1178 505 1234 .
708 986 1214 1307 vs

232 1734 398 1772 Verum
408 1736 600 1773 certioris
610 1737 868 1783 cognitionis
879 1747 992 1783 ergo,
1002 1747 1054 1773 ex
1064 1736 1231 1783 aliquot
1241 1736 1338 1784 alijs
1346 1736 1452 1774 locis
1460 1737 1575 1775 idern
1584 1737 1826 1784 explorabi-

178 1799 290 1832 mus,
306 1788 437 1835 idque
455 1788 610 1826 eadem
621 1788 679 1826 vfi
695 1787 968 1836 figuratione,
986 1788 1024 1826 &
1040 1789 1196 1827 eadem
1208 1790 1585 1828 demonstrationis
1597 1790 1825 1828 Methodo.

180 1840 330 1888 Quare
346 1839 494 1879 relicta
509 1841 696 1889 longiori
711 1841 1013 1889 explicatione,
1030 1842 1241 1890 fiquidem
1253 1854 1305 1881 ea
1317 1845 1362 1881 in
1374 1844 1579 1882 omnibus
1591 1843 1746 1882 eadem
1758 1843 1825 1888 est,

179 1894 329 1932 saltem
340 1894 618 1942 Angulorum
632 1894 670 1932 8(
681 1894 869 1933 laterum
881 1897 1143 1942 quantitates
1155 1896 1383 1944 assignabo,
1401 1896 1439 1934 8(
1455 1897 1633 1944 qualem
1649 1897 1750 1935 inde
1764 1898 1826 1934 in-

180 1947 462 1986 clinationem
479 1953 610 1995 atque
626 1947 936 1986 intersectionis
952 1948 1100 1987 locum
1115 1948 1230 1988 nacti
1245 1949 1388 1994 fimus,
1405 1949 1595 1988 breuiter
1610 1949 1826 1988 indicabo.

232 2001 527 2045 SECVNDO,
538 2002 794 2040 assumentes
803 2003 992 2049 primam
1003 2002 1366 2040 obseruationem
1376 2002 1535 2042 factam
1544 2003 1613 2041 die
1623 2003 1726 2041 XIII
1736 2003 1826 2041 No-

1363 740 1429 804 ,ξι

178 2054 383 2098 uembris,
401 2054 438 2092 &
450 2054 532 2092 XII
549 2055 617 2092 die
630 2055 837 2102 Ianuarij,
854 2060 1068 2102 tanquam
1084 2056 1193 2093 duas
1210 2058 1321 2094 inter
1336 2056 1376 2094 se
1392 2053 1670 2106 plu-utimum
1686 2068 1826 2094 remo-

178 2112 255 2152 tas,
271 2108 344 2146 vbi
357 2109 403 2145 in
414 2110 548 2155 priori
560 2113 651 2146 erat
663 2108 890 2156 longitudo
903 2108 949 2152 E,
962 2108 1004 2146 Ρ.
1017 2109 1052 2147 7.
1067 2108 1130 2146 M.
1143 2109 1184 2147 15
1205 2115 1229 2149 Z
1242 2140 1250 2153 ‚
1263 2109 1466 2148 Latitudo
1479 2109 1569 2154 ΟΕ,
1582 2110 1625 2147 P.
1638 2110 1674 2148 8.
1687 2110 1750 2147 M.
1762 2110 1826 2154 59,

179 2162 224 2198 in
243 2160 478 2208 posteriori,
500 2161 747 2209 Longitudo
765 2161 819 2206 D,
840 2161 883 2199 P.
900 2162 953 2199 15.
976 2161 1038 2199 M.
1056 2161 1106 2200 37
1130 2164 1185 2206 )(,
1208 2162 1411 2201 Latitudo
1431 2163 1527 2208 BD,
1549 2163 1592 2201 P.
1609 2163 1672 2201 29.
1690 2163 1753 2201 M.
1771 2163 1825 2201 10.

179 2214 297 2252 Hinc
309 2216 431 2252 iuxta
442 2215 772 2253 antecedentem
784 2216 1177 2260 ratiocinationem,
1190 2215 1317 2253 datur
1328 2218 1520 2264 primum
1532 2218 1577 2254 in
1586 2216 1826 2264 Triangulo

178 2267 309 2312 ΒΑΕ,
322 2267 455 2305 Latus
468 2268 558 2312 BA,
571 2268 614 2306 P.
627 2268 689 2306 60.
703 2268 766 2306 M.
778 2268 841 2311 50,
854 2268 948 2312 AC,
961 2268 1003 2306 P.
1016 2268 1070 2306 81.
1083 2268 1146 2306 M.
1160 2270 1187 2313 1,
1200 2269 1402 2317 Angulus
1414 2269 1546 2313 ΒΑΕ,
1559 2270 1601 2307 P.
1612 2269 1675 2307 68.
1689 2269 1751 2307 Μ.
1762 2269 1824 2313 22,

177 2320 364 2367 ideoque
381 2320 515 2359 Latus
532 2321 624 2366 BC,
646 2321 688 2359 P.
706 2321 768 2359 66.
786 2321 849 2359 M.
867 2321 930 2365 48,
953 2320 990 2358 &
1006 2321 1209 2369 Angulus
1225 2322 1367 2365 ABC,
1388 2323 1431 2360 P.
1448 2323 1511 2361 92.
1529 2323 1592 2360 M.
1610 2323 1672 2360 34.
1695 2323 1745 2360 In
1766 2323 1825 2360 al-

177 2378 269 2411 tero
289 2373 529 2422 Triangulo
550 2374 698 2418 DBG,
720 2374 853 2412 Latus
875 2374 971 2418 DB,
994 2374 1036 2412 P.
1057 2375 1120 2413 29.
1143 2375 1206 2413 M.
1228 2375 1282 2419 10,
1303 2376 1506 2424 Angulus
1527 2375 1675 2420 DBG,
1697 2375 1739 2413 P.
1761 2376 1824 2414 87.

178 2426 241 2464 M.
253 2427 316 2470 26,
333 2427 537 2475 Angulus
553 2430 700 2475 itaque
717 2427 865 2471 DGB,
882 2427 925 2465 P.
942 2427 1005 2465 29.
1023 2428 1086 2466 M.
1104 2428 1157 2472 16,
1175 2430 1250 2475 qui
1266 2431 1442 2466 metitur
1458 2431 1746 2476 quantitatem
1762 2431 1825 2466 in-

178 2479 424 2518 clinationis
441 2480 606 2518 Circuli
623 2480 834 2525 Cometae‚
856 2480 940 2518 hoc
960 2480 1058 2519 loco
1078 2481 1228 2519 saltem
1249 2482 1384 2520 tribus
1400 2482 1610 2529 scrupulis
1626 2484 1746 2529 prius
1762 2484 1824 2519 in-

177 2538 357 2571 uentam
382 2533 603 2581 superans,
630 2545 730 2581 quae
756 2533 920 2572 nullius
946 2536 1159 2572 momenti
1181 2535 1459 2573 aestimantur.
1486 2535 1629 2573 Datur
1651 2535 1825 2582 insuper

1692 2588 1825 2625 Latus
