2209 3213
341 234 417 270 266
835 227 917 264 DE
939 226 1164 264 MUNDI
1185 225 1485 263 AETHEREI

343 338 537 374 tudinem
563 335 740 371 Veritati
767 334 962 379 apprime
989 331 1236 369 consonam.
1264 331 1433 377 Quarta
1457 337 1605 369 autem
1630 332 1813 369 Antinoi
1838 331 1977 369 nulla-

343 398 466 426 tenus
483 388 613 425 talem
631 386 882 423 consensum
899 385 1094 428 admittit,
1112 390 1154 421 vt
1165 396 1256 421 non
1269 384 1452 422 dubium
1463 384 1520 428 fit,
1538 396 1640 422 eum
1654 385 1736 422 hac
1748 396 1978 432 perperam

343 445 385 478 in
404 442 549 478 Globo
566 440 686 476 vsum
703 438 829 479 fuisse,
852 449 951 475 cum
972 439 1116 484 potius
1132 449 1158 474 a
1174 437 1361 474 secunda
1379 437 1741 475 Obseruationem
1758 438 1977 475 deriuarit.

396 494 529 531 Haud
551 493 673 530 aliter
694 492 848 528 eodem
870 491 937 528 die
959 492 1004 527 in
1023 490 1289 527 consimilem
1306 501 1333 527 a
1348 501 1452 527 vero
1468 490 1565 528 loco
1582 490 1900 528 frustrationem
1916 492 1978 527 in-

342 548 450 586 cidit.
469 547 573 583 dum
590 545 752 581 lineam
768 544 822 581 ab
838 543 1003 589 Aquila
1019 555 1095 589 per
1112 543 1344 580 Cometam
1362 545 1406 580 in
1423 554 1589 581 cornua
1609 549 1633 583 z
1653 543 1827 582 ductam
1843 543 1977 581 existi-

342 605 489 641 maret,
514 609 612 644 quae
635 597 970 644 Longitudinem
992 596 1169 642 quidem
1191 598 1284 633 eius
1308 598 1352 633 in
1375 596 1472 634 loco
1494 596 1694 634 transitus
1716 608 1793 644 per
1812 597 1979 634 Arcum

342 653 537 690 Cometae
550 653 788 697 proprium,
806 650 967 696 praebet
979 651 1169 696 partium
1180 649 1268 686 fere
1281 649 1330 687 27
1347 655 1386 693 z,
1403 661 1503 687 cum
1514 649 1761 687 Latitudine
1773 650 1889 697 grad.
1903 650 1978 692 181,

340 706 393 742 ab
417 704 545 751 ipfiuS
568 704 734 750 placitis
757 714 848 740 non
871 702 1059 739 multum
1082 702 1341 740 difformem.
1368 702 1452 740 Sed
1477 703 1515 740 ἃ
1540 702 1611 740 hic
1636 708 1828 750 apparet,
1854 702 1978 740 illum

340 759 493 795 alienis
515 769 541 794 a
562 756 777 803 proposito
798 756 873 792 suo
890 755 1030 793 Stellis
1047 755 1168 792 vsum
1187 755 1315 799 fuisse,
1338 755 1375 792 &
1396 755 1504 793 forte
1521 767 1595 793 eas
1612 767 1711 803 quae
1729 758 1774 793 in
1790 756 1931 793 cauda
1951 761 1975 795 z

340 811 445 851 sunt,
468 822 622 847 reuera
638 809 850 855 accepisse‚
872 805 886 858 ΙΙ
908 820 1017 855 quas
1036 809 1214 855 putabat
1231 810 1276 845 in
1293 808 1496 846 cornibus
1513 809 1601 853 esse,
1622 809 1692 846 vel
1708 811 1840 846 etiam
1857 808 1978 855 quas-

340 864 440 900 dam
463 865 508 900 in
530 862 759 899 Asterismo
783 863 980 908 Aquarii.
1006 861 1161 899 Facilis
1185 863 1303 899 enlm
1326 861 1380 899 est
1402 863 1448 898 in
1471 861 1538 899 his
1561 861 1717 909 lapsus,
1742 861 1978 909 praesertim

340 928 437 953 curn
456 916 689 953 Horizonti
709 915 780 952 hae
802 914 1148 952 constellationes
1169 916 1536 962 appropinquant,
1558 915 1630 952 vbi
1650 915 1890 953 admodum
1906 926 1978 952 va-

339 969 515 1016 poribus
540 968 593 1006 est
617 969 859 1006 obnoxium
883 967 1073 1011 Coelum,
1099 968 1287 1014 ideoque
1310 967 1455 1005 Stellae
1481 967 1567 1005 istae
1592 979 1668 1015 per
1690 967 1730 1005 se
1753 979 1845 1005 non
1867 968 1978 1006 adeo

340 1022 594 1068 conspicuae,
611 1024 757 1059 minus
773 1026 1033 1068 apparenter
1049 1020 1360 1058 discernuntur.

393 1076 442 1112 Et
459 1077 670 1122 quoniam
691 1075 792 1112 dato
808 1085 896 1111 vno
917 1076 1246 1112 inconuenienti
1268 1074 1328 1121 (vt
1344 1075 1426 1112 dici
1442 1073 1562 1120 solet)
1583 1073 1821 1121 sequuntur
1838 1074 1977 1121 plura,

340 1128 625 1175 proueniebat
649 1127 686 1164 81
709 1127 804 1171 hoc,
828 1133 871 1165 vt
893 1133 1062 1165 motum
1087 1127 1284 1165 Cometae
1308 1139 1334 1165 a
1357 1127 1441 1165 Die
1464 1127 1566 1165 XVI
1592 1129 1637 1164 in
1659 1127 1777 1165 hunc
1799 1126 1978 1171 XXIIII,

341 1181 527 1218 effecerit
544 1183 711 1218 ratione
725 1181 942 1227 Eclipticae
958 1180 1107 1218 saltem
1123 1181 1148 1218 8
1163 1181 1280 1228 grad.
1298 1192 1386 1227 quo
1403 1181 1458 1218 ad
1474 1182 1700 1227 proprium
1712 1192 1816 1218 vero
1829 1180 1978 1218 Circu-

340 1234 431 1271 lum
449 1235 689 1271 eorundem
705 1234 820 1281 grad.
834 1234 869 1277 9,
887 1245 987 1271 cum
1004 1239 1151 1271 tamen
1168 1245 1324 1271 reuera
1339 1235 1385 1271 in
1402 1233 1620 1281 Eclipticae
1637 1233 1927 1281 Longitudine
1943 1235 1979 1270 is

340 1287 465 1324 fuerit
477 1287 592 1334 grad.
606 1288 646 1324 19
663 1287 759 1334 plus
773 1289 932 1329 minus,
950 1287 987 1324 &
1004 1289 1049 1324 in
1061 1289 1237 1334 proprio
1250 1285 1381 1325 dudlu
1391 1287 1508 1334 grad.
1521 1287 1596 1329 193,
1614 1286 1978 1324 consentientibus

340 1352 429 1377 non
450 1340 588 1377 solum
609 1338 822 1386 saepedicti
839 1339 1095 1377 Illustrissimi
1112 1340 1394 1378 PRINCIPIS
1410 1340 1736 1382 WILHELMI,
1758 1339 1827 1377 sed
1846 1342 1978 1377 etiam

340 1393 548 1430 Moestlini
566 1393 602 1430 ἀ
621 1393 812 1440 Cornelij
833 1393 1037 1431 Gemmae
1054 1393 1520 1431 animaduersionibus.

394 1446 455 1483 Ex
467 1446 549 1483 hoc
562 1452 709 1484 autem
720 1452 809 1483 tam
821 1445 1045 1484 manifesto
1057 1451 1266 1493 tantoque
1279 1449 1324 1483 in
1335 1452 1458 1484 motu
1469 1446 1599 1493 ipsius
1612 1446 1782 1490 diurno,
1798 1444 1977 1490 defectu,

339 1499 463 1536 facile
481 1501 611 1537 etiam
629 1501 814 1546 contigit,
831 1504 875 1537 vt
891 1499 975 1537 Die
993 1499 1053 1537 IX
1071 1499 1350 1543 Nouembris,
1369 1500 1546 1547 quando
1562 1501 1608 1537 in
1623 1499 1713 1546 ipso
1730 1499 1978 1537 Nouilunio

340 1551 571 1590 Cometam
593 1558 792 1590 exortum
812 1552 927 1590 fuisse
946 1558 1158 1597 autumat,
1180 1555 1274 1590 eius
1290 1553 1629 1600 Longitudinem
1645 1554 1690 1590 in
1706 1553 1730 1590 9
1745 1552 1929 1600 gradum
1950 1558 1974 1592 Z

339 1605 585 1652 reposuerit,
603 1617 702 1643 cum
715 1606 961 1643 Latitudine
973 1607 1153 1644 totidem
1164 1608 1353 1653 partium
1366 1606 1524 1650 Borea;
1542 1606 1658 1644 Cum
1669 1611 1818 1644 tamen
1830 1617 1882 1643 eo
1894 1605 1976 1649 die,

337 1658 505 1696 seruata
526 1664 670 1696 motus
691 1659 764 1703 sui,
788 1670 922 1706 quam
942 1664 1152 1706 perpetuo
1171 1661 1359 1703 retinuit,
1380 1659 1612 1707 Analogia,
1633 1659 1768 1706 paulo
1784 1658 1873 1706 post
1888 1670 1976 1696 me-

337 1712 455 1749 diam
476 1711 647 1750 nodtem
664 1712 914 1759 sequentem
931 1714 976 1749 in
992 1712 1033 1750 21
1049 1713 1187 1760 gradu
1208 1717 1246 1755 »Ἀ
1269 1712 1535 1759 Eclipticam‚
1557 1714 1701 1750 omnis
1718 1712 1977 1750 Latitudinis

337 1776 502 1811 expers,
523 1765 823 1812 pertransierit,
846 1765 1161 1803 Moestlinianis
1179 1766 1510 1804 inuentionibus
1526 1767 1722 1813 apprime
1739 1765 1810 1803 hic
1826 1764 1977 1802 nostris

338 1817 675 1864 astipulantibus.
691 1819 761 1856 Ad
773 1817 933 1857 dictum
946 1820 1092 1866 itaque
1105 1819 1220 1856 diem
1232 1821 1277 1856 in
1290 1819 1579 1866 Longitudine
1593 1819 1790 1857 Cometae
1802 1819 1977 1865 integris

337 1871 378 1907 18
394 1872 509 1917 grad.
528 1871 720 1909 abundat
737 1873 985 1909 numeratio
1001 1871 1227 1916 Thaddaei,
1250 1872 1287 1909 &
1308 1874 1353 1909 in
1370 1872 1617 1910 Latitudine
1636 1873 1836 1915 nouenis,
1858 1871 1976 1918 quod

338 1935 515 1961 omnem
536 1924 718 1962 modum
735 1925 912 1969 excedit,
931 1924 967 1962 &
986 1936 1038 1962 ex
1055 1925 1190 1963 causis
1206 1924 1457 1972 supradictis
1473 1925 1568 1963 haec
1585 1930 1705 1963 tanta
1721 1936 1747 1962 a
1762 1924 1890 1971 scopo
1907 1924 1977 1962 de-

337 1976 467 2013 flexio
485 1978 725 2015 eueniebat.

391 2029 508 2067 Hinc
526 2032 657 2067 etiam
674 2036 842 2074 caetera,
860 2043 959 2078 quae
976 2031 1231 2079 superstruit,
1248 2034 1396 2069 minus
1408 2036 1672 2079 competunt,
1690 2036 1733 2069 vt
1745 2031 1977 2069 Cometam

338 2084 382 2118 in
399 2084 540 2129 primo
555 2082 630 2120 suo
643 2089 795 2121 exortu
807 2084 996 2121 Saturno
1008 2084 1123 2122 fuisse
1137 2084 1418 2123 coniunctum
1429 2087 1543 2123 intra
1554 2085 1713 2122 limites
1725 2084 1976 2126 Radiorum‚

339 2146 448 2181 quos
467 2135 572 2173 Orbi
590 2138 682 2173 eius
694 2136 906 2184 Astrologi
923 2138 1174 2175 attribuunt.
1193 2137 1323 2184 Quod
1341 2138 1519 2185 quidem
1535 2137 1629 2176 fieri
1646 2136 1976 2184 quodammodo

338 2189 541 2234 potuisset,
558 2188 587 2225 si
604 2189 848 2236 Longitudo
866 2190 1064 2228 Cometae
1085 2196 1187 2228 tunc
1209 2192 1397 2229 extitisset
1418 2193 1463 2228 in
1484 2192 1508 2229 9
1527 2191 1665 2238 gradu
1685 2196 1725 2234 Z,
1748 2202 1847 2228 cum
1863 2190 1975 2227 Lati-

338 2241 487 2278 tudine
509 2241 650 2279 Borea
671 2242 694 2279 9
715 2245 917 2289 partium,
938 2249 982 2281 vt
1002 2246 1171 2290 putauit
1192 2243 1455 2282 Thaddaeus.
1477 2244 1601 2282 Tunc
1623 2245 1741 2281 enim
1761 2243 1976 2281 Saturnus

338 2295 413 2339 qui
435 2299 525 2331 erat
545 2296 590 2331 in
611 2295 780 2332 decimo
796 2296 933 2342 gradu
953 2302 993 2340 Z,
1015 2308 1114 2334 cum
1132 2297 1379 2335 Latitudine
1396 2299 1525 2335 vnius
1540 2297 1699 2344 gradus
1715 2296 1804 2333 fere
1821 2296 1975 2339 Borea,

337 2358 428 2383 non
449 2346 641 2384 distitisset
663 2344 677 2396 ΙΙ
698 2360 724 2385 a
741 2348 926 2386 Cometa
946 2349 1135 2387 multum
1152 2350 1263 2388 vltra
1279 2350 1303 2388 8
1319 2350 1489 2398 gradus.
1512 2351 1569 2387 At
1585 2350 1614 2387 fi
1629 2349 1874 2397 ipfissimum
1891 2349 1974 2387 Co-

337 2404 464 2436 metae
486 2399 632 2437 locum
652 2400 952 2445 adhibeamus,
977 2404 1052 2448 qui
1073 2408 1164 2440 erat
1187 2403 1247 2449 (vt
1268 2403 1373 2449 dixi)
1398 2405 1443 2440 in
1465 2403 1506 2440 21
1529 2403 1665 2450 gradu
1691 2407 1729 2445 ,ἕ
1757 2402 1975 2449 Eclipticae

338 2454 483 2489 vnitus
505 2454 609 2490 citra
628 2465 806 2491 omnem
823 2454 1129 2497 Latitudinem,
1151 2456 1207 2493 ad
1227 2458 1462 2493 minimum
1482 2457 1657 2503 integris
1674 2456 1714 2493 19
1730 2455 1934 2503 gradibus
1950 2467 1976 2493 a

338 2504 526 2542 Saturno
548 2508 592 2542 in
613 2507 926 2550 antecedentia,
951 2519 1003 2545 eo
1026 2509 1107 2551 die,
1132 2508 1169 2545 &
1193 2509 1303 2547 hora
1325 2509 1527 2552 indicata,
1551 2509 1872 2551 remouebatur,
1895 2519 1975 2546 nec

1862 2563 1975 2599 intra

2003 817 2066 848 327

2020 1089 2050 1113 15

2016 1354 2050 1378 20

2015 1620 2048 1644 25

2015 1885 2049 1910 30

2014 2151 2048 2176 35

2000 2356 2064 2388 328

2013 2416 2047 2440 40
