2209 3213
368 236 443 272 296
858 228 941 266 DE
962 226 1186 265 MUNDI
1208 224 1510 264 AETHEREI

367 341 476 377 adeo
499 337 713 384 praestanti
737 335 774 372 8(
797 334 894 371 forti
917 333 1091 375 athleta,
1118 334 1228 370 inter
1253 343 1327 369 eos
1350 332 1474 379 ipsos,
1500 333 1575 378 qui
1598 334 1838 370 contrarias
1861 338 2004 379 partes

366 392 607 431 tuebantur,
629 391 831 435 primum,
852 386 921 424 vel
942 386 1026 423 suis
1046 387 1231 433 proprijs
1252 384 1415 422 viribus
1437 390 1698 432 expugnato,
1720 384 1757 422 8(
1779 387 1824 422 in
1840 384 2004 423 nostras

366 450 506 491 partes
527 440 724 483 adducto,
749 452 801 478 eo
822 440 1034 477 audacius
1054 444 1246 481 caeteros,
1268 450 1294 475 a
1314 438 1472 484 quibus
1492 439 1640 475 minus
1662 437 1785 476 restat
1807 437 2003 485 periculi,

366 495 708 542 compescendos,
726 493 763 530 8(
779 495 824 530 in
841 492 936 530 haec
952 491 1041 539 ipsa
1057 491 1189 529 castra
1205 490 1521 538 pertrahendos
1537 491 1850 538 aggrediemur.

418 549 496 585 Fui
516 554 663 585 autem
683 546 910 593 aliquanto
930 544 1140 592 prolixior
1161 546 1206 581 in
1226 543 1295 581 his
1310 543 1525 581 Thaddaei
1545 543 1712 590 placitis
1729 543 2002 587 euoluendis,
2042 557 2058 582 5

366 600 725 646 excutiendisque,
747 610 799 636 eo
816 599 934 645 quod
949 597 1111 640 scirem,
1133 608 1235 634 eum
1251 596 1461 643 peculiari
1478 596 1680 634 Veritatis
1696 597 2002 644 perquirendae

364 655 497 691 studio
521 653 615 690 haec
636 652 905 699 proposuisse,
927 650 964 688 &
984 650 1133 698 sponte
1153 655 1247 687 tum
1267 649 1469 692 aliorum,
1493 655 1586 687 tum
1610 652 1741 688 etiam
1764 661 1926 693 meum,
1951 649 2003 687 de

364 708 442 748 his,
460 707 668 744 iudicium
685 705 939 752 expetiuisse.
957 700 971 753 ΙΙ

364 798 437 841 M.
465 793 1060 840 BARTHOLOMAEVS
1088 792 1472 838 SCVLTETVS
1502 793 1998 838 GORLICIENSIS.
2025 798 2090 830 369

464 864 719 902 CCURRIT
743 865 953 911 proxime,
977 864 1111 900 veteri
1133 863 1352 905 Amicitia,
1378 873 1479 899 cum
1502 861 1607 899 olim
1630 863 1675 899 in
1697 861 2002 900 Adolescentia
2043 875 2074 900 10

476 917 627 965 Lipfiae
643 917 767 954 simul
782 916 1020 954 studiorum
1035 917 1172 963 gratia
1188 914 1471 957 versaremur,
1487 914 1597 952 mihi
1614 913 1884 959 coniunctus,
1902 914 2001 953 Cla-

362 972 540 1008 rissimus
565 970 602 1008 8(
628 969 900 1008 Βοέὶίβίωιιε
924 969 1001 1006 Vir
1030 969 1093 1006 M.
1120 967 1633 1006 BARTHOLOMAEVS
1658 967 2000 1012 SCVLTETVS,
2040 972 2060 1003 ’τ

363 1024 777 1062 Mathematicarum
803 1022 1092 1060 Scientiarum
1116 1021 1217 1059 inde
1242 1021 1297 1059 ab
1322 1023 1500 1058 ineunte
1526 1026 1666 1064 aetate,
1694 1020 1723 1058 fi
1751 1022 1848 1068 quis
1876 1021 2002 1065 alius,

361 1077 684 1120 nudiofissimus‚
706 1087 946 1123 earumque
964 1074 1224 1113 excellenter
1239 1085 1413 1122 gnarus.
1435 1073 1475 1111 Is
1492 1074 1722 1117 eruditum,
1744 1073 1782 1111 &
1802 1075 2002 1122 inprimis

361 1130 636 1173 laboriosum,
657 1130 709 1167 de
729 1129 812 1167 hoc
829 1129 1015 1167 Cometa
1029 1128 1232 1175 scriptum
1248 1129 1293 1164 in
1309 1127 1453 1165 lucem
1469 1127 1615 1165 emiflt.
1638 1127 1687 1165 In
1703 1129 1827 1165 cuius
1843 1127 1999 1165 Praefa-
2012 1140 2032 1171 «ι-
2044 1140 2074 1165 15

360 1185 490 1225 tione,
511 1183 580 1221 vel
598 1185 741 1230 potius
758 1183 1093 1229 Nuncupatoria
1110 1180 1296 1228 Epistola
1312 1181 1367 1218 ad
1383 1180 1573 1228 Ampliss.
1591 1180 1804 1218 Ordinem
1820 1180 1999 1218 Senato-

360 1238 474 1273 rium
498 1235 824 1280 Gorliciensem,
850 1235 1082 1273 duodecim
1104 1233 1523 1272 Animaduerfiones
1545 1233 1800 1281 peculiares,
1825 1234 1879 1271 ab
1903 1233 2000 1281 alijs

361 1290 421 1335 (vt
437 1289 512 1335 ait)
533 1301 624 1326 non
641 1288 864 1336 expolitas,
885 1288 1086 1332 breuiter,
1108 1292 1236 1335 prout
1251 1289 1297 1324 in
1313 1292 1403 1324 toto
1419 1287 1550 1324 Libro
1568 1286 1712 1331 fufius,
1734 1298 1999 1324 commemo-

360 1348 436 1384 rat,
453 1342 490 1380 8(
507 1344 733 1379 memoriae
750 1341 889 1385 causa,
906 1341 1154 1379 summatim
1170 1339 1427 1387 repetendas
1443 1340 1617 1378 iudicat.
1634 1339 1703 1377 De
1714 1339 1782 1377 his
1794 1351 1911 1383 vero,
1928 1339 2000 1378 etfi

360 1395 467 1432 ordo
484 1395 651 1433 debitus
668 1397 867 1442 exigeret,
883 1399 927 1432 vt
941 1394 995 1432 ab
1008 1396 1132 1431 initio
1145 1393 1351 1441 quaedam
1363 1393 1622 1431 diceremus:
1639 1398 1800 1436 tamen,
1817 1405 1918 1431 cum
1934 1404 1998 1437 ea,
2037 1406 2071 1431 20

359 1448 472 1485 vnde
489 1448 559 1485 hae
575 1448 792 1486 duodenae
809 1446 1107 1486 conclusiones
1123 1447 1391 1491 deriuantur,
1412 1448 1477 1494 ijs,
1499 1457 1599 1493 quae
1619 1452 1735 1484 totus
1751 1446 1878 1484 Liber
1899 1458 1999 1484 con—

359 1503 475 1545 tinet,
485 1501 751 1545 incumbant,
762 1501 878 1538 lubet
887 1502 1031 1548 potius
1040 1499 1201 1538 horum
1210 1499 1600 1537 considerationem
1609 1498 1782 1537 differre
1793 1511 1846 1537 eo
1855 1499 1999 1547 vsque,

359 1555 496 1592 donec
519 1554 740 1601 pleraque,
764 1565 864 1601 quae
887 1556 933 1591 in
955 1553 1045 1601 ipso
1068 1553 1234 1600 Scripto
1258 1552 1703 1600 comprehenduntur,
1729 1552 2000 1591 enucleatius

359 1606 517 1645 fuerint
533 1607 759 1654 disquisita,
776 1607 814 1644 8(
830 1613 923 1645 tum
938 1608 1142 1650 inuicem,
1158 1612 1252 1644 tum
1264 1608 1396 1644 etiam
1407 1617 1508 1644 cum
1520 1605 1774 1644 certioribus
1786 1605 1998 1644 Obserua-

358 1660 561 1703 tionibus,
587 1660 811 1708 diligenter
833 1659 1002 1698 collata.
1029 1659 1177 1697 Postea
1199 1660 1252 1697 de
1275 1658 1344 1697 his
1366 1659 1660 1707 peculiaribus
1682 1659 1783 1697 inde
1807 1657 1999 1697 deductis
2037 1672 2070 1697 25

359 1713 730 1761 Conceptionibus
743 1713 846 1760 quid
858 1713 1051 1757 sentiam,
1068 1713 1241 1760 planior
1253 1712 1504 1750 ostendendi
1515 1712 1676 1760 patebit
1687 1714 1771 1750 via.
1788 1712 1858 1750 Ad
1870 1711 1999 1759 ipsius

358 1768 504 1813 itaque
528 1767 680 1813 Scripti
704 1766 1080 1813 ponderationem,
1105 1766 1402 1814 praetergressis
1427 1767 1492 1813 ijs,
1518 1777 1619 1813 quae
1643 1767 1690 1803 in
1713 1765 1900 1813 Epistola
1925 1765 2000 1803 illa

359 1821 691 1865 praemittuntur,
715 1831 796 1857 nos
819 1817 1119 1857 incunctanter
1142 1818 1431 1861 conferemus,
1454 1819 1573 1866 quod
1592 1818 1768 1856 Author
1787 1818 1999 1857 trifariam

362 1871 557 1910 distinxit.

412 1925 461 1962 In
477 1924 633 1963 Prima
644 1927 792 1974 par-te,
810 1924 986 1964 ductum
1002 1925 1211 1963 visibilem
1227 1925 1487 1963 diurnarum
1503 1924 1845 1968 reuolutionum,
1861 1926 1997 1962 viam-
2036 1937 2070 1962 30

360 1989 444 2024 que
459 1980 618 2026 proprij
633 1978 779 2016 cursus
792 1979 989 2017 Cometae
1001 1978 1249 2026 praefiniuit.
1267 1979 1317 2016 In
1330 1977 1546 2017 Secunda
1558 1980 1652 2016 eius
1663 1989 1818 2016 verum
1828 1983 1998 2016 motum

361 2031 480 2076 (eum
497 2033 614 2068 enim
627 2031 703 2069 sua
715 2032 936 2078 Opinione
952 2043 979 2069 a
994 2031 1146 2069 vifibili
1162 2030 1392 2079 distinguit)
1410 2031 1448 2068 8(
1464 2031 1726 2075 Parallaxin‚
1743 2031 1998 2078 Locumque

362 2085 407 2120 in
426 2083 648 2121 sublunari
664 2084 866 2132 Regione‚
887 2096 974 2122 vna
995 2096 1095 2123 cum
1115 2084 1422 2133 Magnitudine
1440 2084 1607 2132 Capitis
1623 2084 1660 2122 8(
1678 2084 1847 2123 Caudae
1868 2095 1998 2131 expo-

362 2136 452 2173 suit.
475 2136 523 2174 In
546 2136 695 2175 Tertia
710 2149 815 2175 vero
831 2137 1146 2185 Astrologicum
1162 2138 1385 2182 iudicium,
1403 2138 1455 2175 de
1471 2137 1600 2185 ipfius
1616 2136 1999 2185 fignificationibus

363 2188 400 2226 8(
417 2188 650 2233 effectibus,
671 2190 839 2237 copiose
860 2193 1085 2237 pertexuit.
1107 2191 1175 2229 De
1191 2190 1274 2229 hac
1290 2191 1441 2228 vltima
1457 2190 1568 2228 nihil
1583 2190 1790 2235 dicemus,
1811 2202 1864 2228 eo
1881 2190 1999 2238 quod
2036 2203 2070 2228 35

363 2242 497 2287 (velut
512 2242 667 2289 saepius
682 2243 852 2281 testatus
868 2243 978 2290 sum)
995 2255 1086 2281 non
1101 2243 1379 2292 Astrologica‚
1398 2243 1469 2282 sed
1484 2243 1787 2281 Astronomica
1804 2243 1876 2281 hic
1891 2249 1998 2281 trac-

362 2291 487 2344 ta-ssre
504 2295 812 2342 proposuerim.
830 2296 955 2334 Duas
970 2302 1118 2334 autem
1134 2299 1312 2344 priores,
1329 2302 1473 2334 vtrum
1488 2296 1692 2344 ipfissimis
1703 2297 1996 2344 Apparentijs,
2021 2303 2086 2334 370

363 2347 399 2384 &
416 2348 617 2386 Veritatis
633 2360 801 2386 normae
818 2349 1080 2396 exquifitiori
1096 2349 1342 2388 conformes
1358 2349 1448 2394 fint,
1469 2361 1549 2387 nec
1568 2361 1635 2394 ne,
1656 2349 1893 2397 praesertim
1910 2361 1998 2397 quo

361 2401 416 2438 ad
432 2401 740 2448 principaliora
756 2402 973 2448 quaedam,
992 2403 1211 2450 magisque
1228 2403 1283 2441 ad
1299 2414 1393 2441 rem
1408 2402 1623 2447 facientia,
1640 2402 1774 2450 paulo
1792 2401 1999 2440 exactiori

361 2456 522 2491 trutina
538 2454 795 2501 expendam.
2035 2467 2069 2493 40

414 2506 467 2544 Vt
488 2509 633 2554 itaque
654 2519 680 2544 a
701 2507 884 2545 PRIMA
901 2508 1086 2546 PARTE
1103 2509 1339 2554 ordiamur,
1361 2511 1407 2547 in
1427 2511 1521 2547 eius
1541 2510 1754 2556 principio
1770 2508 1998 2556 Angulum

1699 2561 1998 2600 Inclinationis
