2209 3213
137 490 201 521 334

156 814 186 839 10

156 1081 186 1105 15

151 1346 184 1371 20

148 1612 182 1637 25

149 1878 182 1903 30

132 2085 195 2116 335

151 2144 185 2169 35

152 2410 185 2435 40

547 214 1067 254 RECENTIORIBUS
1088 215 1545 255 PHAENOMENIS
1801 218 1870 256 271

226 322 331 359 tudo
349 321 403 359 G.
420 321 482 359 27.
501 321 564 358 M.
581 322 617 364 4,
639 322 757 368 quod
778 322 942 360 nostros
963 334 1172 360 numeros
1193 334 1280 370 quo
1301 323 1356 360 ad
1374 323 1711 370 Longitudinem
1732 323 1831 361 solis
1847 324 1871 361 6

226 374 435 421 scrupulis
451 374 633 421 superat,
650 375 688 412 8(
704 377 751 412 in
767 375 1014 413 Latitudine
1030 375 1071 412 14
1087 378 1192 413 min.
1209 376 1263 413 ab
1280 375 1348 413 his
1364 375 1518 414 deficit.

280 427 379 465 DIE
395 427 519 465 XIIII
535 427 887 471 DECEMBRIS,
908 428 1036 466 refert
1053 428 1285 467 Cometam
1305 429 1556 476 elongatum
1573 429 1688 467 fuisse
1705 441 1732 467 a
1748 428 1870 468 Ric‘tu

226 480 381 528 Pegafi,
403 480 519 528 grad.
539 481 575 518 5.
596 483 700 518 min.
720 481 783 524 43,
805 482 984 528 quando
1005 493 1086 519 nos
1107 482 1294 519 eandem
1315 478 1329 532 ΙΙ
1351 482 1594 520 distantiam
1615 484 1869 520 inuenimus

226 534 268 571 P.
285 534 320 571 5.
341 534 404 571 M.
421 534 484 577 50,
505 533 655 571 saltem
675 534 699 572 7
719 534 928 581 scrupulis
949 536 1176 578 maiorem,
1198 546 1298 582 quae
1319 535 1387 572 die
1408 536 1680 582 praecedente
1703 534 1870 574 octonis

225 587 470 624 excedebat.
489 587 665 624 Motum
682 587 890 625 diurnum
907 587 1065 635 colligit
1081 587 1130 626 35
1147 588 1461 635 scrupulorum,
1479 591 1554 635 qui
1565 594 1713 626 tamen
1725 591 1870 636 potius

225 645 315 677 erat
330 640 381 678 47
397 642 502 677 min.
520 639 558 677 &
574 640 913 688 Longitudinem
930 642 1024 678 eius
1040 643 1086 678 in
1102 643 1316 688 principio
1332 641 1516 679 Piscium
1534 642 1678 679 adhuc
1699 641 1869 679 haeren-

224 698 311 730 tem
331 692 443 736 facit,
465 695 671 740 quamuis
687 695 854 741 integro
870 694 1007 741 gradu
1023 694 1078 731 ab
1094 693 1184 741 ipso
1200 696 1325 731 initio
1348 696 1385 738 )(
1407 694 1605 732 abfuerit.
1622 695 1777 732 Verior
1793 707 1868 733 au-

224 751 311 783 tem
321 746 578 793 Longitudo‚
590 758 642 784 ea
651 758 739 794 qua
748 749 880 794 prius,
891 746 1113 794 diligentia
1122 747 1335 793 inquisita,
1346 747 1519 785 resultat
1529 750 1574 785 in
1584 748 1626 785 P.
1637 748 1699 785 29.
1711 748 1774 785 M.
1784 749 1796 785 l
1809 757 1850 784 zzz
1860 778 1867 791 ‚

223 799 368 837 adhuc
390 799 666 837 solummodo
690 800 714 837 6
736 799 946 847 scrupulis
968 799 1158 837 nostram
1181 801 1408 844 excedens,
1434 800 1637 838 Latitudo
1661 801 1715 838 est
1738 801 1780 838 P.
1805 801 1867 839 27.

224 852 287 890 M.
305 852 340 895 8,
358 854 430 890 vix
446 854 571 890 tertia
586 858 707 899 parte
723 853 882 900 gradus
898 852 1040 890 nostra
1056 854 1213 890 minor.

277 905 568 953 Sequentibus
584 905 749 949 diebus,
765 908 924 952 partim
940 906 1057 952 quod
1071 905 1250 944 Coelum
1265 905 1352 943 illic
1368 905 1496 944 fuerit
1508 907 1697 944 nubibus
1709 907 1868 945 obduc-

222 963 328 1003 tum,
345 961 515 1006 partim,
533 959 651 1006 quod
663 959 718 996 ob
729 961 987 996 tenuitatem
999 959 1198 997 Cometae
1211 970 1313 996 eurn
1325 959 1512 997 dimetiri
1524 971 1550 997 a
1561 961 1715 997 vicinis
1727 960 1869 998 Stellis

224 1014 482 1059 nequiuerit‚
499 1012 644 1050 nullas
657 1011 996 1050 Obseruationes
1012 1011 1164 1050 nactus
1181 1012 1248 1055 est,
1265 1012 1396 1059 vsque
1413 1014 1459 1050 in
1470 1012 1672 1050 Vltimum
1685 1013 1868 1051 Decem-

223 1065 310 1102 bris
330 1066 458 1109 diem,
480 1077 568 1113 quo
589 1077 692 1103 eurn
712 1070 931 1103 remotum
951 1065 1067 1103 fuisse
1088 1065 1142 1103 ab
1160 1065 1248 1103 Ore
1268 1065 1413 1113 Pegafi
1434 1066 1475 1103 14
1495 1065 1699 1113 gradibus
1719 1067 1866 1109 asserit,

223 1124 435 1165 quantam
458 1118 496 1156 8(
519 1130 600 1156 nos
622 1118 797 1166 praecise
821 1119 976 1156 eodem
997 1119 1066 1156 die
1088 1120 1200 1156 circa
1221 1119 1396 1156 Horam
1415 1117 1579 1156 sextam
1599 1120 1654 1157 ab
1675 1119 1758 1157 hae
1778 1119 1868 1166 ipsa

223 1171 355 1209 Stella
371 1174 625 1209 inuenimus
641 1171 897 1210 distantiam.
916 1172 957 1209 A
974 1171 1131 1210 Scheat
1147 1183 1252 1209 vero
1268 1171 1413 1219 Pegafi
1434 1172 1475 1209 12
1495 1172 1711 1219 gradibus,
1733 1184 1868 1219 quam

222 1225 593 1272 intercapedinem
603 1236 682 1273 ego
690 1225 818 1263 Hora
827 1225 943 1263 sexta
952 1225 1083 1272 plane
1094 1227 1225 1263 etiam
1236 1225 1423 1263 eandem
1432 1224 1713 1272 deprehendi,
1722 1225 1866 1263 Hora-

223 1289 308 1325 que
328 1290 448 1316 nona
468 1278 640 1316 duobus
660 1278 801 1316 solum
820 1278 1031 1326 scrupulis
1050 1280 1281 1316 minorem.
1304 1279 1449 1325 Atque
1470 1278 1541 1316 hic
1562 1278 1673 1316 adeo
1690 1277 1867 1316 exactus

221 1333 267 1368 in
283 1331 490 1379 distantijs
507 1331 748 1376 consensus,
767 1331 865 1369 satis
882 1331 1112 1370 confirmat
1128 1331 1317 1369 nostram
1333 1331 1616 1375 Sententiam,
1634 1331 1867 1370 Cometam

221 1384 339 1422 hunc
355 1384 614 1423 AEthereum
636 1385 819 1423 extitisse.
842 1385 886 1423 Si
907 1386 1025 1422 enim
1041 1386 1064 1423 5
1080 1385 1297 1433 graduum
1313 1384 1534 1423 admifisset
1550 1385 1800 1423 Parallaxin
1821 1387 1866 1422 in

222 1437 400 1475 Circulo
422 1438 690 1481 Altitudinis‚
715 1440 897 1476 minime
920 1438 1070 1486 Pragae
1093 1438 1130 1476 8(
1154 1437 1225 1476 hic
1251 1440 1296 1475 in
1322 1438 1477 1476 eadem
1500 1438 1697 1476 distantia
1720 1450 1746 1476 a
1768 1437 1866 1475 fixis

221 1491 362 1528 Stellis
378 1491 492 1529 visus
508 1491 653 1529 fuisset.
672 1491 1010 1539 Longitudinem
1021 1491 1220 1529 Cometae
1236 1491 1321 1529 hoc
1337 1491 1419 1535 die,
1437 1503 1525 1538 quo
1542 1492 1597 1529 ad
1608 1491 1864 1536 Zodiacum,

219 1543 320 1582 facit
335 1546 381 1582 in
397 1544 439 1582 10
454 1544 658 1592 gradibus
682 1547 718 1589 )(
729 1575 737 1589 ,
759 1556 859 1583 cum
876 1545 1123 1582 Latitudine
1139 1545 1189 1583 27
1206 1550 1313 1591 part.
1330 1544 1415 1589 vbi,
1437 1556 1525 1592 quo
1541 1544 1597 1582 ad
1614 1544 1864 1592 Longitudi-

220 1609 334 1641 nem,
360 1597 458 1635 satis
480 1598 591 1635 bene
614 1600 821 1636 conuenit
844 1609 944 1635 cum
969 1598 1111 1636 nostra
1135 1598 1464 1642 Obseruatione‚
1490 1597 1528 1635 8(
1552 1597 1655 1635 hinc
1681 1596 1865 1636 deducta

218 1650 537 1698 supputatione,
555 1651 768 1689 duntaxat
780 1651 822 1688 12
833 1651 1055 1698 scrupulis,
1073 1663 1173 1699 quae
1185 1653 1231 1688 in
1243 1650 1391 1689 Globo
1403 1662 1495 1689 non
1506 1651 1866 1689 animaduertun-

218 1709 299 1749 tur,
317 1704 506 1742 nostram
522 1705 847 1752 assignationem
861 1704 1088 1749 excedens,
1105 1704 1232 1742 sedin
1244 1705 1491 1742 Latitudine
1503 1703 1639 1742 ferme
1651 1704 1762 1742 duos
1773 1716 1866 1752 gra-

219 1757 299 1795 dus
320 1757 427 1795 iusto
447 1760 595 1795 minus
616 1757 758 1796 habet.
780 1758 938 1805 Neque
959 1757 1054 1795 fieri
1074 1759 1224 1805 potuit,
1243 1763 1287 1795 vt
1304 1758 1491 1796 Cometa
1506 1769 1533 1795 a
1549 1758 1618 1795 die
1635 1757 1696 1795 XI
1712 1757 1866 1795 hucus-

218 1822 316 1858 que,
333 1811 568 1849 interuallo
582 1811 633 1849 20
647 1811 831 1855 dierum,
849 1811 1144 1849 Latitudinem
1156 1822 1247 1849 non
1258 1813 1447 1854 mutarit,
1465 1822 1600 1858 quam
1612 1815 1743 1848 antea
1754 1811 1866 1849 adeo

220 1863 466 1902 sensibiliter
478 1866 680 1902 variarat.
698 1864 912 1902 Nondum
929 1866 1047 1902 enim
1062 1866 1299 1902 terminum
1314 1866 1522 1902 maximae
1538 1864 1799 1912 digressionis
1811 1864 1866 1902 ab

220 1917 427 1964 Ecliptica
443 1920 655 1965 attigerat;
677 1917 887 1964 siquidem
903 1917 958 1955 ab
976 1916 1278 1956 Intersedtione
1295 1917 1459 1956 Circuli
1476 1917 1538 1955 sui
1555 1929 1654 1955 cum
1675 1917 1771 1961 hac,
1792 1918 1865 1955 ad—

219 1969 305 2008 huc
322 1970 626 2017 Quadrantem
648 1982 739 2008 non
760 1976 851 2009 erat
873 1970 1085 2015 emensus,
1107 1970 1407 2008 deficientibus
1423 1971 1575 2008 vltimo
1594 1970 1663 2008 die
1681 1970 1865 2008 Decern-

219 2023 305 2061 bris
322 2025 354 2061 ll
370 2024 586 2071 gradibus.
609 2024 800 2071 Idquue
816 2025 963 2061 minus
979 2024 1260 2072 Apparentijs
1277 2024 1518 2062 consonum
1535 2024 1602 2067 est,
1619 2024 1737 2071 quod
1754 2024 1866 2067 dicit,

222 2077 455 2115 Cometam
470 2077 606 2124 spatio
622 2077 673 2115 20
689 2074 896 2127 die-Hrum
912 2077 1208 2115 Latitudinem
1224 2089 1315 2115 non
1331 2078 1519 2115 mutasse.
1542 2077 1652 2115 Eam
1668 2079 1786 2114 enim
1803 2088 1865 2114 re-

223 2141 330 2168 uera
350 2132 516 2168 interea
537 2131 708 2168 duobus
724 2130 928 2178 gradibus
944 2132 1091 2168 minus
1107 2142 1195 2168 vna
1211 2135 1366 2178 quarta
1382 2130 1636 2174 adauxerat,
1658 2130 1866 2168 consenti-

224 2189 321 2221 ente
338 2184 463 2221 nobis
479 2186 525 2221 in
541 2183 625 2221 hoc
642 2184 942 2222 Moestliniana
958 2186 1257 2221 annotatione.
1276 2183 1491 2222 Praeterea
1503 2195 1529 2222 a
1541 2184 1609 2222 die
1621 2183 1746 2221 XIIII
1761 2183 1865 2221 huc-

223 2237 369 2284 usque,
387 2237 621 2275 interuallo
638 2238 678 2275 17
695 2237 878 2281 dierum,
898 2248 989 2274 non
1004 2237 1311 2275 tantummodo
1327 2237 1351 2275 8
1367 2237 1538 2285 gradus,
1555 2242 1598 2274 vt
1614 2236 1706 2274 vult
1721 2236 1865 2274 Thad-

223 2290 358 2334 daeuS,
379 2290 448 2328 sed
469 2301 581 2337 pene
602 2292 790 2338 integros
811 2291 843 2328 11
864 2290 1063 2328 emensus
1084 2290 1151 2334 est,
1172 2295 1215 2328 vt
1234 2290 1289 2328 ob
1310 2291 1352 2328 id
1373 2302 1465 2328 non
1481 2290 1592 2328 adeo
1608 2289 1866 2338 defatigatus

223 2355 276 2381 ex
292 2345 445 2381 itinere
461 2344 600 2387 fuerit,
617 2349 746 2391 prout
762 2343 833 2381 ille
850 2343 954 2386 vult,
972 2344 1090 2390 quod
1106 2346 1179 2381 vix
1194 2355 1427 2391 prorepere
1443 2345 1642 2391 potuerit.
1662 2343 1867 2381 Seruauit

224 2398 342 2434 enim
360 2396 583 2444 hucusque
600 2397 754 2435 iustam
769 2397 832 2434 sui
848 2401 1005 2441 motus,
1026 2396 1178 2434 senfim
1194 2408 1221 2434 a
1237 2397 1433 2435 celeriori
1449 2399 1495 2434 in
1511 2396 1747 2434 tardiorem
1764 2396 1865 2434 des1-

223 2452 377 2494 nentis‚
390 2450 673 2498 Analogiam:
687 2450 1063 2497 quemadmodum
1072 2452 1118 2487 in
1127 2450 1343 2497 posterum
1354 2452 1498 2494 etiam,
1510 2462 1586 2497 per
1597 2455 1735 2487 totam
1744 2450 1865 2487 suam

221 2504 511 2547 durationem,
539 2503 726 2541 eandem
752 2504 976 2541 ordinaria
1001 2503 1093 2551 lege
1119 2505 1306 2541 retinuit.
1332 2503 1498 2541 Verum
1523 2503 1626 2541 huic
1653 2503 1865 2550 Opinioni

1716 2567 1864 2593 mmus
