2209 3213
381 205 457 242 492
782 200 1298 240 ANNOTATIONES
1319 199 1621 238 EDITORIS

382 309 519 346 explet.
544 308 579 337 in
600 306 794 345 prioribus
812 306 969 344 quidem
987 305 1157 344 quinque
1174 305 1223 335 ab
1240 304 1316 341 illo,
1339 304 1444 343 quod
1463 313 1496 334 a.
1517 303 1600 334 1588
1618 304 1748 335 lucem
1764 303 1871 340 vidit,
1892 303 2022 335 verbis

381 363 532 391 tantum
555 360 761 397 discrepat.
786 366 864 389 non
885 358 1092 395 sententia;
1116 360 1155 388 at
1176 365 1196 388 e
1217 357 1372 388 duabus
1392 356 1539 387 ultimis
1559 356 1707 396 paginis
1728 357 1933 388 consilium
1953 356 2023 396 Ty-

382 413 518 444 chonis
540 412 708 450 primurn
731 411 767 441 id
788 411 907 441 fuisse
928 411 1121 447 videmus,
1143 412 1185 441 ut
1206 413 1297 441 octo
1316 412 1471 440 tanturn
1493 409 1634 449 capita,
1656 418 1735 440 non
1753 410 1904 446 decem,
1926 409 2024 440 liber

382 466 720 504 complecteretur.
743 463 845 494 Nam
862 472 933 494 nec
951 464 998 495 de
1016 466 1186 495 cometae
1203 463 1340 503 capitis
1357 464 1395 493 et
1410 462 1551 494 caudae
1567 471 1662 493 vera
1679 462 1956 502 magnitudine,
1974 462 2023 493 de

382 528 457 557 qua
475 517 601 556 capite
618 525 722 547 nono
740 525 842 547 nunc
860 516 1091 556 disputatur,
1114 518 1155 547 ut
1173 516 1333 556 proprio
1350 515 1478 555 capite
1494 515 1721 555 disputaret,
1743 515 1815 546 sibi
1835 523 2023 555 proposu-

382 574 464 602 erat
476 570 622 609 Tycho.
641 578 712 600 nec
730 572 848 609 caput
861 570 954 601 illud
968 570 1113 601 addere
1126 569 1258 601 animo
1271 569 1501 605 intenderat,
1520 569 1626 608 quod
1637 577 1740 600 nunc
1752 571 1810 600 est
1821 571 2021 606 octavum,

381 624 445 654 ubi
463 626 631 654 cometae
648 623 886 654 curriculum
903 622 1003 654 inter
1018 623 1191 654 caelestia
1203 622 1447 659 describitur,
1465 624 1502 653 et
1514 630 1662 653 novum
1673 624 1850 661 systema
1862 621 2024 653 munda-

382 685 474 706 num
488 676 729 715 proponitur.
749 675 835 707 Hoc
848 676 1048 715 praecipue
1062 678 1199 707 notatu
1211 675 1370 715 dignum
1383 678 1452 711 est,
1470 683 1562 706 cum
1574 674 1626 705 ita
1639 675 1762 715 magis
1774 683 1895 714 quarn
1907 677 2023 706 antea

381 729 492 759 nobis
515 729 736 768 perspicere
762 728 889 765 liceat,
916 729 1118 768 quomodo
1142 728 1179 759 in
1202 731 1333 759 mente
1352 728 1550 768 Tychonis
1573 727 1718 759 sensim
1742 727 1910 759 ereverit
1931 727 2023 759 illud

381 784 566 820 systema.
586 781 710 821 Hujus
727 782 908 821 prooemii
924 781 1072 821 pristini
1089 782 1269 813 ultimam
1286 783 1439 821 partem
1455 780 1556 811 infra
1572 780 1853 812 describemus.

435 834 492 865 Ne
509 835 545 865 in
562 834 625 865 illo
643 834 801 873 quidem
817 835 941 872 titulo,
959 834 1024 874 qui
1040 834 1138 866 libro
1155 835 1337 866 absoluto
1354 833 1541 874 praefixus
1557 836 1626 870 est,
1645 842 1770 865 annus
1787 836 1965 873 apparet3
1984 836 2023 864 at

382 888 419 918 in
436 887 657 927 colophone
673 888 721 927 (p.
735 887 812 928 378)
829 896 954 919 annus
970 888 1108 928 legitur
1127 887 1221 918 1588.
1240 887 1282 918 In
1298 887 1463 927 epistula
1479 889 1625 924 tamen,
1643 895 1764 926 quam
1776 887 1811 918 d.
1824 886 1845 918 4
1857 896 1908 917 m.
1922 886 2020 918 Nov.

382 951 416 972 a.
438 940 519 971 1588
539 940 710 972 Henrico
729 941 892 972 Brucaeo
913 941 1030 978 dedit,
1053 941 1196 972 librum
1212 940 1295 981 jam
1318 949 1352 971 a.
1374 939 1455 971 1587
1477 940 1514 970 in
1535 948 1606 971 sua
1626 940 1889 980 typographia
1910 948 2024 972 excu-

381 1003 468 1025 sum
490 1002 574 1025 esse
592 994 727 1033 Tycho
749 994 812 1031 ait,
838 994 950 1025 »data
972 1002 1093 1034 opera
1114 996 1247 1025 autem
1268 1002 1346 1025 uno
1369 1001 1473 1025 anno
1493 993 1710 1024 tardiorem
1730 995 1923 1031 notatum,
1945 1001 2023 1033 quo

382 1050 482 1078 esset
503 1047 553 1078 ob
575 1047 791 1078 novitatem
813 1047 1046 1087 acceptior«.
1071 1048 1200 1078 Pauca
1221 1047 1407 1086 quaedam
1429 1046 1612 1086 exempla
1635 1046 1755 1077 missa
1775 1049 1865 1077 sunt
1885 1046 2023 1078 amicis

382 1104 498 1140 atque
523 1100 578 1136 iis,
605 1100 840 1139 quibuscum
865 1100 1085 1131 litterarum
1110 1099 1355 1132 commercio
1378 1099 1611 1140 conjunctus
1636 1102 1736 1136 erat;
1763 1099 1906 1130 horum
1930 1108 2024 1131 non—

380 1154 485 1184 nulla
507 1153 723 1184 etiamnum
745 1155 910 1190 exstant,
934 1162 1023 1193 quae
1043 1153 1198 1184 titulum
1220 1156 1257 1184 et
1277 1153 1544 1192 colophonem
1564 1161 1647 1192 prae
1665 1161 1707 1184 se
1726 1152 1865 1190 ferunt,
1888 1153 2023 1192 quales

381 1210 514 1238 nostra
536 1206 652 1238 editio
674 1206 836 1246 praebet.
863 1205 944 1237 Nec
964 1209 1100 1237 tamen
1120 1207 1275 1246 publice
1295 1206 1392 1238 liber
1412 1205 1628 1245 prostitisse
1648 1206 1817 1243 videtum
1842 1206 2023 1237 conicere

380 1260 480 1296 licet,
504 1262 717 1299 antequam
739 1259 888 1299 primus
909 1259 1007 1290 liber
1027 1259 1230 1291 absolutus
1251 1261 1364 1297 esset,
1386 1259 1606 1290 secundum
1626 1259 1848 1299 bibliopolis
1866 1259 2023 1290 tradere

380 1313 611 1352 Tychonem
632 1312 815 1350 noluisse,
837 1312 899 1344 cui
920 1313 1061 1344 rationi
1080 1321 1231 1352 paucos
1246 1315 1334 1352 post
1350 1321 1475 1344 annos
1491 1312 1529 1343 id
1545 1320 1702 1352 quoque
1719 1312 1896 1349 accessit,
1919 1312 2024 1352 quod

381 1375 428 1397 ne
444 1366 506 1397 hic
525 1366 682 1405 quidem
699 1366 796 1397 liber
812 1366 845 1397 ei
862 1366 1066 1397 absolutus
1082 1366 1299 1397 videbatur.
1319 1365 1421 1396 Nam
1438 1374 1530 1397 curn
1545 1374 1579 1396 a.
1595 1365 1679 1396 1589
1695 1365 1957 1397 dubitationes
1973 1365 2022 1396 ab

382 1420 527 1450 Ioanne
540 1419 676 1459 Craigo
689 1419 807 1451 Scoto
824 1419 862 1450 in
879 1419 1052 1459 epistulis
1065 1419 1301 1459 quibusdam
1314 1421 1444 1450 motas
1455 1417 1723 1458 Apologetica
1735 1417 2024 1458 Responsione

381 1472 595 1509 refellisset,
620 1472 722 1503 hanc
746 1472 861 1503 simul
885 1481 979 1503 cum
1000 1472 1074 1504 illis
1096 1472 1269 1512 epistulis
1292 1472 1390 1503 libro
1415 1471 1570 1503 adicere
1593 1471 1803 1503 constituit.
1831 1471 1918 1503 Hoc
1942 1472 2024 1512 ejus

382 1526 587 1557 consilium
609 1534 687 1556 non
706 1526 834 1557 solum
851 1534 899 1556 ex
915 1526 1089 1565 epistulis
1104 1525 1302 1565 Tychonis
1318 1525 1369 1556 ad
1386 1525 1538 1556 amicos
1555 1524 1655 1556 datis
1671 1524 1784 1556 nobis
1800 1527 1938 1556 notum
1954 1527 2023 1563 est,

381 1579 449 1610 sed
467 1578 604 1609 melius
621 1578 739 1609 etiam
756 1587 804 1609 ex
821 1578 884 1610 illo
896 1577 1173 1610 Astronomiae
1189 1577 1468 1609 instaurandae
1484 1577 1896 1618 Progymnasmatum
1913 1578 2023 1609 titulo

383 1640 416 1663 a.
438 1631 520 1662 1592
539 1631 734 1669 confecto,
756 1641 874 1671 quem
894 1635 990 1663 torn.
1009 1632 1041 1662 II
1063 1641 1098 1672 p.
1116 1631 1181 1663 439
1197 1631 1474 1671 expressimus,
1495 1631 1561 1662 ubi
1582 1631 1630 1662 de
1650 1631 1748 1663 libro
1770 1631 1944 1662 secundo
1964 1630 2024 1662 his

383 1684 511 1716 verbis
523 1684 657 1716 utitur:
677 1686 724 1715 »8ι
738 1684 971 1725 Apologiam
984 1685 1185 1725 quandam
1197 1684 1331 1716 omnia
1342 1684 1405 1716 hic
1418 1684 1569 1724 plenius
1580 1685 1874 1724 explanantem:
1892 1684 2024 1715 Trium

383 1738 540 1777 insuper
555 1738 913 1769 remotissimorum
929 1739 1190 1775 Planetarum‚
1207 1737 1375 1774 Saturni,
1393 1737 1496 1769 Iovis
1512 1737 1541 1768 81
1560 1737 1708 1776 Marus,
1728 1737 1935 1775 motiones,
1952 1737 2025 1777 ipsi

385 1792 490 1823 Coelo
513 1800 718 1831 congruas,
741 1791 931 1823 exhibet«.
955 1791 1069 1822 Hanc
1089 1791 1360 1831 »Apologiam«
1380 1799 1452 1822 nos
1467 1790 1582 1822 simul
1599 1799 1691 1822 curn
1712 1791 1929 1822 minoribus
1946 1790 2025 1830 qui-

386 1845 553 1875 busdam
570 1844 970 1876 commentationibus
990 1844 1081 1876 huic
1099 1848 1210 1876 tomo
1231 1844 1466 1881 addidimus,
1488 1844 1553 1884 qui
1574 1844 1708 1875 omnia
1728 1843 1912 1881 continet,
1935 1852 2024 1884 quae

386 1899 433 1928 de
450 1898 614 1929 cometis
625 1897 760 1937 Tycho
775 1897 1018 1937 conscripsit,
1036 1900 1180 1937 praeter
1196 1897 1300 1937 ipsas
1317 1897 1625 1935 observationes,
1643 1906 1741 1937 quas
1758 1897 1808 1928 ad
1823 1897 1943 1928 finem
1960 1896 2025 1928 ob-

385 1950 654 1981 servationum
670 1952 918 1990 planetarum
935 1953 972 1982 et
987 1951 1189 1982 stellarum
1206 1950 1377 1981 fixarum
1393 1950 1431 1981 in
1447 1953 1543 1981 tom.
1561 1950 1649 1981 XIII
1665 1950 1949 1982 exhibebimus.

440 2004 515 2034 Etsi
531 2012 625 2035 vero
643 2012 745 2035 anno
763 2004 923 2035 demum
944 2003 1026 2034 1587
1043 2004 1140 2035 liber
1155 2004 1205 2035 ad
1221 2003 1341 2035 finem
1358 2003 1558 2043 quendam
1574 2004 1786 2044 perductus
1802 2006 1871 2041 est,
1891 2003 2024 2035 omnia

386 2059 531 2093 tamen,
556 2066 645 2095 quae
668 2057 851 2091 continet,
876 2059 1041 2097 excepto
1065 2057 1149 2088 solo
1170 2057 1308 2088 ultimo
1330 2057 1470 2097 capite,
1489 2057 1574 2097 jam
1596 2066 1629 2088 a.
1655 2056 1738 2088 1578
1763 2056 1913 2087 »statim
1936 2058 2025 2096 post

388 2109 560 2140 Cometae
577 2109 690 2140 huius
706 2110 1013 2149 disparitionem,
1031 2112 1120 2141 ante
1138 2118 1262 2141 annos
1279 2118 1443 2141 nouem«
1463 2110 1687 2150 conscripta
1699 2118 1784 2141 esse
1795 2110 1877 2149 ipse
1888 2109 2023 2149 Tycho

387 2165 551 2193 testatur
570 2165 618 2201 (p.
635 2162 729 2202 34⁸2).
753 2162 834 2194 Nec
855 2165 989 2194 tamen
1010 2163 1098 2194 inde
1119 2163 1357 2195 concludere
1377 2163 1467 2195 licet
1486 2171 1632 2195 novem
1649 2163 1778 2203 capita
1794 2162 1926 2202 priora
1941 2165 2024 2194 tam

389 2218 541 2246 mature
562 2215 784 2254 conscripta
806 2224 906 2251 esse;
929 2225 1022 2246 nam
1042 2216 1282 2255 prooemium
1302 2216 1406 2254 illud,
1429 2216 1535 2256 quod
1555 2225 1675 2256 supra
1696 2216 2025 2248 commemoravi-

388 2277 487 2304 mus,
505 2268 598 2298 satis
615 2269 721 2299 clare
737 2276 807 2299 nos
825 2269 957 2300 docuit
973 2269 1145 2308 primum
1156 2269 1353 2309 Tychonis
1365 2269 1572 2300 consilium
1584 2269 1622 2300 id
1634 2269 1764 2306 fuisse,
1782 2272 1823 2300 ut
1839 2271 1929 2301 octo
1943 2271 2025 2300 tan-

387 2323 469 2351 tum
487 2320 616 2360 capita
633 2321 729 2352 liber
745 2322 1084 2361 complecteretur.
1107 2322 1242 2361 Itaque
1260 2325 1411 2362 septem
1429 2325 1583 2353 tantum
1604 2322 1734 2362 capita
1755 2322 1887 2362 priora
1907 2324 2024 2362 atque

388 2382 446 2407 ea.
473 2383 561 2413 quae
588 2374 714 2413 capite
740 2382 844 2405 nono
870 2374 1129 2412 continentur,
1156 2384 1244 2414 quae
1269 2375 1424 2415 septimi
1449 2376 1709 2415 appendicem
1734 2383 1819 2407 esse
1842 2374 1892 2406 ab
1917 2374 2023 2406 initio

388 2427 578 2460 voluerat.
604 2436 636 2457 a.
663 2426 745 2457 1578
766 2427 990 2466 conscripta
1011 2436 1095 2458 esse
1119 2428 1321 2459 affirmare
1344 2428 1447 2465 licet;
1473 2431 1660 2460 octavum
1681 2437 1776 2460 vero
1797 2430 1917 2468 caput
1935 2430 2025 2467 post

388 2479 495 2509 illam
519 2479 786 2510 »Additionem
803 2480 1006 2511 Authoris«
1030 2481 1106 2521 (pp.
1124 2480 1279 2522 33—37)‚
1301 2489 1322 2512 e
1343 2490 1421 2521 qua
1441 2481 1563 2513 verba
1583 2490 1703 2521 supra
1724 2481 1842 2512 allata
1862 2479 2025 2520 sumpsi-
