2209 3213
361 252 409 289 48
854 246 936 283 DE
958 243 1184 283 MUNDI
1206 243 1507 282 AETHEREI

362 358 402 394 Ρ.
421 357 481 393 30.
501 355 561 392 M.
581 355 633 395 16,
652 364 782 400 quem
799 353 973 389 metitur
990 349 1234 387 differentia
1249 349 1573 397 longitudinum
1590 349 1834 394 Stellarum,
1854 353 1931 388 erit
1948 362 2001 389 ex

363 408 701 454 Triangulorum
724 405 891 452 placitis
914 404 1026 440 latus
1050 403 1268 449 reliquum
1284 403 1379 445 ΑΒ,
1403 403 1445 440 Ρ.
1466 402 1529 440 28.
1552 403 1614 440 Μ.
1636 404 1673 446 7,
1697 402 1735 440 8(
1755 403 1810 441 ob
1831 406 2002 452 cognita

363 473 478 499 nunc
499 462 580 497 tria
601 460 737 496 latera
754 460 830 494 erit
847 456 1048 503 Angulus
1064 456 1196 499 PBA‚
1219 455 1260 493 P.
1277 456 1340 493 68.
1359 455 1421 493 M.
1438 455 1490 493 51.
1513 455 1685 493 Deinde
1702 458 1747 493 in
1762 456 2002 504 Triangulo

363 514 501 555 ΑΒΕ,
526 524 624 550 cum
646 514 777 549 etiam
798 509 987 547 constent
1008 510 1158 546 omnia
1178 511 1260 546 tria
1281 509 1448 552 Latera,
1470 520 1575 546 nam
1591 509 1673 546 AB
1692 511 1781 547 iam
1801 511 2001 555 innotuit,

688 586 730 635 Ρ
999 561 2003 663 {Satessai‘ssff’si‘gflffffihssssssffifflfflffffiz

999 667 1352 711 manifestabitur,
1374 667 1415 705 Ρ.
1433 667 1495 705 23.
1514 667 1577 705 Μ.
1594 668 1657 712 54,
1680 670 1754 715 qui
1772 668 1801 706 fi
1819 669 2005 706 addatur

1000 720 1176 767 Angulo
1198 721 1330 764 ΡΒΑ,
1352 721 1485 758 modo
1506 723 1701 765 inuento,
1722 723 1925 768 prouenit
1942 727 2003 759 to-

999 779 1067 811 tus
1077 774 1148 811 ΡΒ
1158 773 1207 817 C,
1219 774 1260 811 P.
1271 774 1334 811 92.
1346 773 1408 811 M.
1419 774 1481 812 45.
1493 773 1697 821 Cumque
1709 776 1754 812 in
1766 774 2005 822 Triangulo

1001 827 1129 870 CPB‚
1156 827 1244 864 duo
1269 826 1405 865 latera
1430 827 1862 874 compraehendentia
1886 827 2005 865 hunc

999 879 1226 927 Angulum
1236 884 1341 917 nota
1350 879 1439 924 sint,
1450 880 1484 917 B
1494 880 1530 918 C
1539 880 1739 918 videlicet
1748 881 1790 918 P.
1799 881 1862 918 23.
1871 881 1934 918 M.
1943 881 2005 925 35,

382 929 435 988 A
1001 932 1038 970 &
1060 933 1144 976 PB,
1166 933 1208 970 P.
1225 933 1287 971 67.
1308 933 1370 970 M.
1387 933 1450 977 53,
1471 938 1515 971 vt
1536 935 1656 980 prius
1676 934 1916 972 indicatum
1938 933 2004 978 est,

927 991 965 1040 ‘B
1000 985 1353 1030 manifestabitur,
1371 988 1492 1024 iuxta
1503 986 1843 1034 Triangulorum
1856 986 2005 1034 Sphae·

659 1013 940 1212 α
1001 1040 1192 1076 ricorum
1207 1039 1534 1086 Operationem,
1552 1036 1566 1089 ΙΙ
1583 1039 1716 1077 Latus
1732 1041 1906 1078 tertium
1922 1039 2005 1083 PC,

1002 1092 1043 1129 Ρ.
1061 1093 1115 1130 71.
1133 1092 1195 1129 Μ.
1213 1092 1276 1135 45,
1296 1093 1414 1139 quod
1431 1093 1803 1139 complementum
1818 1093 2006 1131 latitudi-

1002 1147 1069 1182 nis
1087 1144 1284 1183 Cometae
1301 1145 1548 1189 demetitur;
1571 1146 1621 1183 Et
1638 1151 1851 1193 praeterea
1871 1148 1916 1184 in
1937 1157 2007 1184 eo-

384 1200 424 1245 Ἐ
642 1224 684 1265 E
927 1202 975 1246 D
1002 1198 1102 1289 gergi
1116 1197 1367 1288 TrignguIIO,
1385 1209 1438 1289 eg
1443 1199 1786 1290 ln}‹133g1113iti2s9trhilb138
1802 1199 2009 1290 latetlli}m

1032 1253 1173 1288 aitur
1228 1263 1386 1298 nguus
1520 1282 1528 1295 ‚
1576 1282 1583 1289 .
1651 1283 1658 1289 .
1728 1254 1872 1299 .‚qui
1918 1254 1931 1289 i
1968 1263 2008 1290 e-

368 1307 553 1342 rentiam
570 1305 852 1352 longitudinis
869 1304 1066 1342 Cometae
1082 1316 1108 1342 a
1125 1303 1257 1342 Stella
1273 1306 1318 1341 in
1335 1315 1409 1342 ore
1426 1305 1570 1352 Pegafi
1590 1305 1739 1352 palam
1759 1305 1870 1343 facit.
1893 1305 2010 1344 Cum

369 1360 514 1404 itaque
532 1357 663 1395 huius
676 1357 819 1395 Stellae
835 1357 1061 1404 longitudo
1078 1369 1104 1395 a
1120 1356 1246 1394 nobis
1262 1357 1635 1404 praesupponatur‚
1653 1360 1698 1395 in
1710 1358 1752 1396 P.
1766 1358 1828 1396 26.
1841 1358 1904 1396 M.
1917 1358 1941 1396 8
1952 1367 2011 1402 zzz,

370 1410 407 1447 &
428 1411 652 1458 longitudo
675 1410 872 1448 Cometae
893 1409 939 1447 fit
959 1412 1162 1453 anterior,
1184 1412 1262 1447 erit
1284 1422 1335 1448 ea
1356 1412 1401 1447 in
1423 1411 1465 1448 P.
1482 1411 1545 1449 26.
1567 1411 1630 1448 M.
1647 1412 1698 1449 59
1723 1417 1764 1455 z,
1785 1411 2012 1449 latitudine

370 1463 571 1501 existente
584 1464 625 1500 Ρ.
639 1464 691 1501 18.
705 1463 768 1500 Μ.
781 1464 822 1501 15
833 1463 979 1507 borea,
994 1468 1037 1500 vt
1050 1474 1102 1500 ex
1114 1463 1436 1510 complemento
1448 1463 1688 1502 latitudinis
1699 1466 1819 1511 prius
1830 1466 2013 1502 inuento

369 1518 518 1563 patuit,
537 1528 636 1563 quae
653 1516 741 1553 duo
758 1518 803 1553 in
819 1515 937 1553 hunc
953 1516 1135 1554 modum
1152 1521 1275 1554 erant
1291 1517 1565 1563 inquirenda.

423 1569 565 1607 Placet
574 1580 678 1606 vero
688 1581 775 1606 vna
787 1571 832 1606 in
844 1569 1071 1606 arbitrium
1081 1568 1288 1607 adhibere
1299 1569 1662 1608 Obseruationem
1672 1571 1827 1608 eadem
1837 1570 2015 1617 vespera

370 1622 577 1665 habitam,
595 1634 683 1668 qua
695 1622 881 1660 Cometa
897 1621 1330 1669 depraehendebatur,
1348 1624 1393 1660 in
1406 1634 1458 1660 ea
1471 1623 1589 1661 linea
1600 1622 1715 1662 recta
1725 1623 1896 1668 versari,
1914 1634 2014 1670 quae

371 1675 563 1722 procedit
579 1686 605 1712 a
622 1675 747 1722 Lyrae
765 1675 882 1713 clara
898 1675 1030 1713 Stella
1045 1686 1122 1721 per
1138 1675 1333 1713 Vulturis
1349 1675 1553 1720 lucidam,
1573 1678 1632 1714 ita
1647 1682 1691 1714 vt
1707 1676 1802 1715 haec
1818 1676 1936 1714 linea
1952 1688 2014 1714 re-

371 1728 586 1775 linqueret
603 1728 835 1766 Cometam
854 1727 1000 1765 versus
1018 1728 1242 1772 occasum,
1265 1728 1385 1776 quafi
1406 1729 1461 1767 ad
1482 1729 1674 1776 spacium
1694 1732 1824 1768 vnius
1843 1730 2015 1778 gradus,

373 1793 460 1828 quo
482 1781 537 1819 ad
557 1781 708 1823 visum,
732 1781 862 1828 idque
884 1783 1006 1819 iuxta
1027 1793 1129 1819 eum
1149 1781 1308 1825 locum,
1330 1781 1401 1819 vbi
1423 1782 1608 1820 Cometa
1630 1783 1772 1821 eidem
1792 1783 1922 1821 lineae
1942 1794 2016 1830 ap-

373 1834 664 1881 proximabat;
690 1846 742 1871 ex
765 1833 847 1872 hac
870 1834 1086 1881 (inquam)
1108 1835 1500 1878 animaduerfione,
1524 1835 1642 1874 lubet
1663 1838 1794 1874 etiam
1818 1837 2016 1884 experiri,

375 1886 581 1933 quorsum
599 1887 795 1924 Cometae
812 1887 934 1924 locus
950 1887 990 1924 se
1006 1889 1196 1934 recipiat,
1215 1887 1252 1925 &
1268 1899 1326 1926 an
1343 1899 1443 1925 cum
1464 1890 1597 1935 priori
1613 1891 1899 1927 annotatione
1916 1900 2016 1926 con-

375 1940 537 1982 sentiat,
560 1951 638 1976 nec
656 1952 727 1983 ne;
749 1940 884 1987 quue
900 1942 1069 1987 partim,
1086 1946 1130 1977 vt
1147 1952 1200 1978 ex
1215 1943 1424 1979 varietate
1442 1941 1769 1979 Obseruationis
1785 1953 1861 1989 per
1877 1942 2017 1980 diuer-

376 1992 440 2030 sas
453 1992 618 2035 Stellas,
636 1993 723 2030 alia
739 1995 870 2031 etiam
887 1995 1054 2031 ratione
1071 1993 1244 2037 habitae,
1262 1996 1485 2042 negotium
1497 1994 1580 2032 hoc
1592 1997 1748 2032 certius
1760 1994 2017 2039 verificetur,

377 2047 534 2092 partim
554 2051 597 2082 vt
618 2045 787 2083 illustris
809 2045 846 2083 &
867 2045 1066 2083 formosae
1088 2048 1182 2084 eius
1202 2046 1359 2091 Stellae,
1383 2059 1483 2094 quae
1505 2049 1550 2085 in
1572 2048 1685 2096 Lyra
1706 2050 1873 2092 emicat,
1896 2047 2019 2086 vsum

378 2098 572 2144 aliquem
588 2098 888 2141 adhibeamus,
910 2101 1034 2136 cuius
1051 2099 1199 2137 locum
1215 2100 1270 2138 ob
1287 2100 1328 2137 id
1346 2102 1477 2138 etiam
1495 2101 1649 2148 Capite
1665 2101 1866 2144 secundo,
1884 2112 1906 2138 e
1922 2112 2018 2148 pro-

378 2153 472 2198 pria
494 2150 808 2189 Obseruatione
830 2152 1079 2195 restitutum,
1104 2153 1410 2191 iudicauimus.
1435 2153 1500 2191 Est
1522 2156 1639 2191 enim
1660 2154 1755 2192 haec
1776 2154 1908 2192 Stella
1928 2166 2019 2192 non

378 2203 516 2241 solum
538 2204 704 2241 lumine
725 2204 762 2241 8(
784 2205 971 2242 radianti
988 2205 1176 2243 candore
1193 2217 1284 2253 prae
1300 2208 1467 2244 caeteris
1484 2207 1688 2245 omnibus
1705 2206 1847 2245 affixis
1864 2207 2019 2245 Sideri-

378 2257 471 2299 bus,
488 2257 614 2294 nobis
631 2257 871 2304 conspicuis
888 2258 1084 2305 (excepta
1100 2258 1189 2296 sola
1206 2270 1270 2303 ea,
1288 2271 1387 2306 quae
1399 2261 1444 2297 in
1456 2271 1531 2297 ore
1544 2259 1652 2307 Syrij
1667 2259 1838 2306 emicat)
1856 2259 2020 2307 fulgen-

379 2310 539 2353 tissima,
570 2309 639 2347 sed
665 2312 796 2347 etiam
821 2310 1058 2348 secundum
1084 2311 1396 2359 Astrologicam
1421 2312 1792 2360 dijudicationem,
1823 2315 2021 2360 inprimis

381 2362 568 2410 Ingenijs
585 2362 622 2400 8(
639 2362 799 2410 Studijs
815 2363 1066 2401 liberalibus
1082 2364 1212 2407 fauet,
1229 2365 1465 2411 praesertim
1481 2365 1614 2403 Poaefi
1629 2365 1666 2403 8(
1681 2365 1873 2409 Muficae,
1891 2371 2021 2412 atque

381 2414 598 2452 Oratoriae
618 2415 823 2458 facultati,
846 2416 1225 2464 Historiarumque
1246 2418 1450 2456 iucundae
1468 2417 1505 2455 &
1521 2418 1613 2455 vtili
1634 2420 1882 2466 cognitioni,
1903 2424 1946 2456 vt
1966 2418 2021 2456 ob

381 2468 423 2504 id
440 2479 530 2505 non
547 2470 763 2505 immerito
780 2480 806 2506 a
823 2469 963 2506 Poetis
979 2469 1179 2516 fingatur,
1202 2471 1361 2518 Lyram
1378 2482 1404 2508 a
1420 2471 1644 2509 Mercurio
1660 2473 1852 2518 primum
1867 2474 2020 2509 inuen-

381 2526 482 2562 tam,
499 2520 535 2557 8(
550 2521 694 2568 postea
705 2521 901 2568 Apollini
914 2523 1163 2566 concessam,
1181 2525 1255 2569 qui
1268 2535 1366 2561 eam
1378 2524 1555 2561 tandem
1568 2523 1748 2571 Orpheo
1760 2525 1878 2562 dono
1890 2524 2021 2562 dedit:

1900 2576 2022 2624 Isque

2046 841 2076 866 10

2040 1047 2082 1079 48

2048 1107 2078 1132 15

2050 1371 2083 1397 20

2053 1637 2086 1662 25

2054 1901 2088 1927 30

2057 2166 2091 2192 35

2059 2431 2093 2455 40

2059 2475 2079 2505 ἦ.
