2209 3213
388 219 455 255 410
860 215 943 252 DE
965 213 1236 252 COMETA
1257 212 1424 250 ANNI
1446 212 1553 251 1585

386 324 636 361 mortalium
666 322 741 358 sua
765 321 998 358 virulentia
1028 319 1296 357 inficientem
1325 317 1715 366 suffocantemque;
1745 319 1879 357 talem
1908 322 2026 358 enim

387 377 547 414 habent
570 380 774 412 naturam
798 373 883 410 istae
907 372 1128 410 nebulosae
1151 372 1294 415 stellae,
1316 374 1386 409 cui
1406 371 1477 409 hic
1493 371 1699 410 Cometes
1716 378 1807 411 erat
1823 384 1959 420 quarn
1979 373 2025 411 si-

386 429 606 466 millimus
625 428 934 473 Experimento
952 431 1042 463 erat
1059 437 1204 463 annus
1220 425 1282 469 63,
1300 436 1389 472 quo
1401 424 1650 463 coniunctio
1664 437 1826 473 magna
1836 426 2025 474 superio-

386 493 482 518 rum
500 481 778 517 Planetarum
796 482 841 516 in
860 479 947 516 fine
965 479 1127 516 Cancri
1144 479 1181 516 &
1197 480 1411 526 principio
1430 478 1591 516 Leonis
1610 480 1733 516 iuxta
1752 478 1871 517 hunc
1891 480 2025 518 nebu-

386 534 522 571 losum
544 540 584 573 <sz
605 545 758 580 gyrum
781 534 927 575 extitit,
950 532 987 570 8(
1008 532 1131 579 pestis
1153 531 1273 579 quafi
1289 528 1303 581 ΙΙ
1320 531 1576 569 vniuersalis
1596 531 1732 569 tribus
1752 535 1951 579 proxime
1967 533 2025 571 se·
2088 547 2098 560 r

385 587 616 634 quentibus
637 588 764 623 annis
785 585 1033 623 vniuersam
1054 585 1278 632 Europam
1301 584 1516 622 infestauit
1540 587 1862 633 innumeraque
1885 585 2026 624 homi-

385 651 491 677 nurn
513 639 633 676 milia
654 638 866 676 absorbsit.
889 638 1263 686 Significationem
1279 649 1384 675 vero
1403 637 1673 675 maleuolam
1694 638 1827 676 huius
1845 639 2027 678 Crinitae

384 694 437 730 ab
454 692 543 739 ipsa
558 691 699 729 forma
717 691 754 728 8(
770 691 938 729 lumine
955 692 1141 730 sumtam
1159 691 1401 739 plurimum
1416 691 1612 735 intendit,
1634 703 1727 729 non
1742 691 1891 730 saltem
1908 693 2027 739 quod

384 746 629 783 Saturninis
652 744 749 782 fixis
772 744 898 782 stellis
921 747 968 782 in
990 745 1082 782 lino
1103 745 1230 783 Piscis
1251 744 1537 782 Meridionali
1558 744 1793 782 constitutis
1815 747 1862 782 in
1883 747 2027 792 prima

383 799 445 836 sui
466 798 646 835 fulsione
668 798 919 841 insinuetur,
942 798 1012 836 sed
1032 798 1172 836 multo
1194 798 1442 836 euidentius
1463 798 1581 844 quod
1602 797 1692 845 ipsa
1713 798 1889 836 Saturni
1909 798 2027 837 stella

383 852 483 889 huic
508 854 552 888 in
575 853 717 898 prima
736 851 799 888 sui
819 853 1094 898 apparitione
1115 851 1398 899 corporaliter
1422 853 1638 898 permixta
1664 850 1801 899 [erat].
1828 852 1930 890 Erat
1951 863 2026 890 au-

382 911 468 942 tem
492 904 577 951 ipse
600 904 785 942 Cometa
806 904 995 942 Saturno
1017 905 1072 942 ob
1093 904 1272 942 luminis
1293 904 1641 942 tenebrositatem
1662 903 1700 941 8(
1720 904 1884 942 fuscam
1903 905 2026 952 palli·

382 958 571 1004 damque
592 959 896 1004 apparentiam
919 959 1119 1005 inprimis
1142 957 1423 995 assimilanda.
1448 957 1538 1005 Ipse
1558 969 1663 995 vero
1686 957 1901 996 Saturnus
1923 963 2026 996 tunc

381 1011 621 1048 admodum
637 1010 752 1048 male
770 1011 1118 1054 constituebatur,
1137 1016 1283 1058 vtpote
1301 1012 1347 1048 in
1365 1016 1412 1051 V
1430 1010 1506 1048 suo
1523 1010 1634 1055 casu,
1657 1016 1836 1058 eratque
1852 1011 2027 1059 insuper

381 1064 655 1110 retrogradus
679 1063 717 1100 8(
741 1064 1034 1108 occidentalis,
1058 1066 1186 1112 igitur
1207 1064 1449 1111 plurimum
1472 1063 1525 1101 de
1548 1063 1624 1102 sua
1646 1069 1805 1102 natura
1826 1064 2025 1103 Cometae

381 1117 512 1154 huius
535 1117 816 1154 virulentiam
840 1117 1024 1155 intendit
1046 1117 1083 1154 8(
1104 1117 1358 1155 diuturnam
1383 1117 1557 1164 lateque
1579 1116 1617 1154 8(
1637 1119 1764 1155 tacite
1784 1117 2026 1165 serpentem

380 1170 700 1213 mortalitatem,
720 1175 813 1207 tum
830 1182 883 1207 ex
899 1170 1011 1218 peste
1028 1170 1208 1218 alijsque
1225 1170 1481 1218 contagiosis
1497 1170 1660 1208 morbis
1677 1182 1729 1208 ex
1746 1173 2025 1218 corruptione

380 1225 491 1261 aeris
513 1223 550 1260 &
571 1229 831 1261 caeterorum
853 1224 1173 1261 elementorum
1193 1225 1407 1271 originem
1430 1224 1674 1266 ducentem,
1698 1229 1793 1261 tum
1816 1226 1949 1262 etiam
1971 1236 2025 1262 ex

379 1277 475 1324 alijs
495 1278 624 1314 nouis
642 1276 678 1313 8(
695 1276 905 1314 inusitatis
925 1277 1183 1315 morborum
1203 1277 1446 1324 generibus,
1467 1279 1626 1324 partim
1648 1279 1844 1321 cronicis,
1866 1279 2025 1324 partim

380 1332 510 1367 etiam
531 1332 680 1373 acutis,
702 1330 938 1376 praesertim
955 1342 1008 1368 ex
1024 1332 1089 1378 ijs,
1111 1341 1211 1377 quae
1228 1335 1370 1377 caput,
1393 1329 1542 1377 peetus
1558 1330 1595 1368 8(
1612 1330 1805 1377 splenem
1826 1330 2023 1369 infestare

378 1385 576 1430 poterint,
603 1383 897 1431 significatque
922 1384 1099 1422 morbos
1123 1395 1176 1421 ex
1200 1389 1294 1421 atra
1316 1383 1401 1421 bile
1425 1385 1639 1431 originem
1662 1383 1869 1421 ducentes
1892 1384 2024 1431 pluri-

379 1448 501 1473 mum
517 1437 771 1483 grassaturos
788 1437 826 1474 &
842 1436 982 1474 febres
999 1442 1239 1484 quartanas
1256 1437 1485 1474 diuturnas
1502 1436 1539 1474 8(
1555 1436 1819 1484 periculosas
1840 1437 2023 1484 popula-

378 1492 478 1526 riter
486 1491 532 1526 in
541 1501 702 1537 magno
710 1492 857 1538 vigore
867 1490 1052 1534 futuras;
1063 1495 1190 1528 erunt
1200 1492 1331 1528 etiam
1341 1492 1510 1533 catarri,
1519 1490 1765 1537 apoplexiae
1774 1489 2023 1537 frequentes

379 1542 415 1579 8(
433 1543 596 1586 caduci,
614 1543 735 1590 lepra
751 1543 1143 1590 melancolicaeque
1161 1543 1440 1591 aegritudines
1456 1545 1563 1591 varij
1582 1545 1764 1591 generis.
1782 1539 1797 1593 ΙΙ

432 1596 478 1633 Id
495 1608 611 1641 vero,
634 1597 752 1643 quod
771 1597 904 1634 modo
921 1597 1124 1641 diximus,
1144 1608 1354 1644 magnam
1370 1596 1408 1634 8(
1424 1596 1510 1634 late
1525 1596 1768 1644 serpentem
1783 1596 2022 1635 mortalita·
2084 1611 2100 1623 v

378 1654 464 1686 tem
480 1661 556 1696 per
572 1649 689 1687 hunc
704 1650 919 1688 Cometen
934 1650 1148 1697 portendi,
1165 1650 1406 1697 plurimum
1420 1649 1677 1697 comprobat
1691 1651 1784 1688 eius
1800 1649 1961 1697 positus
1976 1652 2023 1688 in

379 1703 510 1739 domo
532 1702 700 1747 octaua,
723 1715 857 1750 quam
878 1703 1015 1741 Morti
1035 1703 1319 1751 ascripserunt
1336 1702 1563 1751 Astrologi,
1587 1703 1718 1750 idque
1740 1714 1793 1741 eo
1814 1708 2022 1751 tempore,

379 1767 466 1802 quo
477 1755 754 1803 Ecclipticam
763 1758 882 1794 viam
894 1756 1079 1794 solarem
1090 1762 1214 1794 motu
1225 1756 1301 1794 suo
1314 1758 1543 1804 apparenti
1555 1755 1842 1804 pertranfiuit,
1852 1757 1895 1794 id
1905 1757 2023 1804 quod

378 1808 507 1846 fiebat
523 1809 591 1846 die
607 1809 658 1846 22
676 1808 874 1848 Octobris
891 1810 949 1847 H.
967 1810 1007 1847 14
1025 1810 1088 1848 M.
1101 1810 1152 1847 40
1163 1810 1205 1847 P.
1219 1809 1282 1847 M.
1300 1812 1345 1847 in
1361 1809 1437 1848 tali
1453 1809 1553 1848 coeli
1569 1809 1871 1847 constitutione
1888 1809 2020 1857 (pone

378 1861 448 1898 hic
464 1861 649 1909 figuram
665 1862 864 1900 tranfitus
880 1875 956 1910 per
973 1863 1257 1910 Eclipticam).

431 1915 549 1952 Nota
572 1918 676 1962 quia
698 1915 768 1953 hic
790 1916 995 1954 Cometes
1018 1928 1094 1964 per
1114 1916 1154 1954 se
1178 1921 1383 1954 naturam
1403 1915 1460 1963 ΒΜ
1478 1916 1714 1954 aemulatur
1734 1915 1897 1963 ipsique
1919 1927 2019 1954 con-

378 1969 569 2015 iungitur
584 1969 794 2015 partiliter
809 1969 864 2007 ab
881 1971 1005 2007 initio
1022 1969 1060 2007 &
1076 1969 1250 2016 insuper
1261 1971 1307 2007 in
1319 1969 1541 2007 domicilio
1561 1972 1596 2012 ἅ
1616 1968 1740 2013 exest,
1757 1971 1904 2016 itaque
1920 1981 2020 2007 cum

376 2026 559 2067 Vtroque
580 2021 781 2060 malefico
802 2025 1031 2070 participat
1052 2022 1089 2060 8(
1110 2023 1165 2061 ob
1186 2023 1229 2060 id
1251 2024 1403 2060 omnia
1422 2034 1583 2071 genera
1601 2022 1823 2061 malorum
1838 2027 1929 2060 tam
1945 2022 2019 2061 Sa-

377 2076 673 2122 turniabquam
690 2075 915 2113 Martialia
931 2076 1190 2123 portendere
1206 2076 1389 2114 videtur.

431 2127 605 2164 Malum
621 2139 725 2165 vero
742 2140 768 2165 a
784 2128 960 2166 Saturni
981 2129 1130 2167 infesto
1152 2129 1319 2167 lumine
1340 2131 1503 2176 augeri,
1524 2128 1654 2177 ipsius
1674 2128 1903 2176 praesentia
1919 2140 2020 2166 cum

378 2179 564 2217 Cometa
585 2182 630 2217 in
654 2179 765 2219 dicta
788 2180 945 2219 otftaua
968 2183 1100 2220 domo
1123 2182 1364 2229 plurimum
1387 2182 1652 2230 astipulatur,
1679 2182 1797 2229 quod
1821 2186 1861 2219 et
1883 2182 2019 2229 appli-

377 2235 489 2270 catio
507 2233 704 2271 Cometae
721 2234 776 2271 ad
793 2235 981 2272 caudam
997 2235 1215 2273 Draconis
1231 2236 1284 2273 de
1301 2240 1460 2273 natura
1479 2234 1783 2273 maleficarum
1801 2234 2020 2272 stellarum

376 2297 468 2323 non
490 2286 764 2324 mediocriter
787 2288 981 2325 intendit.
1005 2288 1221 2326 Praeterea
1241 2300 1341 2326 cum
1363 2291 1476 2327 circa
1496 2289 1644 2326 locum
1664 2287 2020 2335 aequinodtialem

376 2341 583 2386 inceperit
595 2340 664 2377 hic
677 2340 882 2378 Cometes
895 2340 932 2377 8(
944 2340 1195 2379 Saturniam
1208 2347 1412 2380 naturam
1424 2341 1682 2389 praeseferat,
1694 2341 1864 2379 videtur
1875 2339 2018 2379 fructi-

376 2392 456 2430 bus
478 2392 515 2430 &
536 2393 664 2430 rebus
686 2404 708 2430 e
730 2399 844 2430 terra
864 2394 1150 2438 nascentibus,
1172 2406 1272 2442 quae
1288 2394 1420 2433 vietui
1441 2395 1676 2433 hominum
1697 2394 1735 2432 8(
1755 2394 2017 2432 animalium

377 2450 636 2483 caeterorum
660 2452 922 2493 competunt,
948 2447 1137 2485 multum
1161 2448 1408 2486 detrimenti
1431 2460 1485 2486 ex
1508 2448 1758 2486 inordinata
1781 2449 1894 2485 aeris
1918 2459 2019 2485 con-

376 2498 602 2542 stitutione,
624 2501 669 2536 in
690 2499 948 2546 quibusdam
970 2502 1101 2538 etiam
1117 2501 1223 2538 locis
1239 2513 1265 2538 a
1281 2501 1451 2539 locustis
1468 2501 1506 2539 8(
1522 2503 1649 2539 tineis
1665 2501 1829 2539 damna
1845 2506 2018 2591 pocriten-

1932 2565 2016 2591 ere.

2068 812 2099 837 lo

2067 1078 2097 1103 15

2061 1343 2096 1369 20

2058 2142 2091 2167 35

2055 2407 2089 2432 40
