2209 3213
350 224 426 261 272
843 218 925 255 DE
947 216 1172 255 MUNDI
1193 215 1494 253 AETHEREI

350 330 493 364 minus
516 326 711 363 Cometae
733 325 1012 371 Apparentijs
1033 324 1306 369 competenti,
1330 321 1480 359 ansam
1500 321 1625 359 facile
1646 322 1842 369 praebuit,
1867 323 1984 369 quod

350 380 579 418 Stellarum
600 378 705 414 locis
726 388 816 413 non
837 375 1045 417 restitutis,
1067 374 1215 412 saltem
1235 376 1278 411 in
1299 374 1432 412 Globi
1452 374 1689 421 superficie,
1711 375 1984 419 Mechanice‚

350 432 386 469 8(
407 434 551 468 minus
574 429 777 476 exquisite
798 430 1021 475 negotium
1044 427 1127 465 hoc
1149 433 1448 474 exequeretur.
1473 427 1517 465 Si
1541 430 1658 465 enim
1678 429 1733 466 ad
1754 428 1871 466 hunc
1893 428 1984 466 vlti-

349 496 469 521 mum
482 483 735 520 Decembris
752 482 879 523 diem,
897 492 919 518 e
936 482 1121 528 proprijs
1133 480 1346 518 Thaddaei
1363 480 1485 525 datis,
1502 492 1594 518 rem
1610 493 1788 518 omnem
1805 482 1860 519 ad
1876 483 1984 519 veri—

348 537 474 574 ficata
496 536 701 573 Fixarum
727 535 822 572 loca
848 533 1129 576 enucleatius,
1155 538 1198 570 vt
1223 535 1354 580 prius,
1382 533 1730 581 expenderimus,
1756 537 1985 581 proueniet

348 592 536 636 primum
558 600 610 625 ex
631 588 826 625 distantia
847 586 901 624 ab
923 592 1116 623 extrema
1132 586 1231 623 Alae
1247 585 1419 624 finistrae
1436 586 1590 634 Cygni,
1612 587 1654 624 P.
1671 587 1724 625 18.
1741 589 1846 624 min.
1863 587 1926 629 26.
1948 587 1986 624 8(

348 643 400 680 ab
415 643 501 679 Ore
514 641 657 688 Pegasi
673 641 789 687 grad.
803 640 855 677 14.
868 642 972 676 min.
985 639 1021 681 0,
1039 639 1284 686 Longitudo
1299 639 1497 677 Cometae
1513 642 1559 677 in
1574 640 1690 687 grad.
1704 640 1739 678 9.
1752 642 1856 677 min.
1870 641 1911 678 51
1930 643 1985 684 )(‚

348 707 447 732 cum
471 694 716 731 Latitudine
739 698 845 740 part.
866 693 928 730 28.
950 694 1103 729 minut.
1120 692 1179 735 21;
1203 692 1321 739 quod
1345 703 1433 739 quo
1456 692 1511 730 ad
1535 692 1871 740 Longitudinem
1894 698 1986 731 tan-

347 748 574 785 tummodo
599 748 731 784 ternis
755 745 977 792 scrupulis,
1003 745 1074 782 hic
1099 744 1423 788 insensibilibus,
1450 745 1639 783 nostram
1663 746 1987 793 assignationem

346 801 527 847 superat,
544 802 589 836 in
606 799 853 836 Latitudine
869 810 974 836 vero
991 810 1107 836 nunc
1124 798 1175 835 26
1191 797 1466 836 solummodo
1482 800 1662 836 minutis
1679 798 1833 841 deficit,
1853 811 1987 846 quam

346 854 417 890 ille
434 859 580 890 tamen
596 852 730 889 ferme
748 851 919 889 duobus
934 851 1138 899 gradibus
1151 851 1210 897 (vt
1222 851 1327 897 dixi)
1340 851 1447 888 iusto
1458 853 1677 889 minorem
1688 852 1882 890 reddidit.
1900 852 1986 890 De-

346 906 446 943 inde
467 906 495 942 fi
516 906 697 943 alteram
719 907 850 942 etiam
870 904 1233 942 Obseruationem
1254 904 1585 942 adhibuerimus
1606 916 1632 942 a
1652 904 1810 943 Scheat
1829 905 1986 953 Pegasi,

346 959 461 1006 grad.
486 959 538 995 12.
562 961 713 996 minut.
737 958 773 1000 O,
800 957 837 995 &
861 958 914 995 ab
939 958 1093 995 eadem
1117 962 1311 995 extrema
1333 957 1505 995 finistrae
1528 957 1627 995 Alae
1651 958 1804 1006 Cygni,
1831 958 1987 996 euadet

348 1012 590 1059 Longitudo
614 1014 659 1048 in
681 1016 802 1058 parte
823 1011 876 1048 10.
900 1013 1053 1048 minut.
1074 1010 1099 1048 0
1121 1010 1295 1057 praecise
1319 1012 1374 1054 )(,
1399 1010 1436 1047 8(
1459 1010 1662 1048 Latitudo
1685 1011 1901 1058 graduum
1923 1011 1985 1049 28.

346 1067 497 1102 minut.
515 1065 577 1108 26,
598 1064 669 1102 vbi
690 1064 834 1102 adhuc
850 1066 895 1101 in
913 1064 1202 1111 Longitudine
1219 1075 1310 1101 non
1327 1063 1382 1101 est
1397 1065 1539 1101 maior
1556 1064 1741 1101 excessus
1758 1065 1799 1101 12
1814 1064 1986 1112 scrupu-

345 1119 407 1161 lis,
426 1118 463 1155 &
479 1120 524 1155 in
541 1118 787 1155 Latitudine
805 1116 946 1154 deficit
961 1119 1087 1154 tertia
1102 1128 1202 1163 pars
1218 1117 1389 1164 gradus,
1409 1128 1509 1164 quae
1525 1129 1617 1154 non
1632 1122 1722 1155 tam
1739 1119 1985 1161 enormiter,

346 1177 387 1208 vt
404 1183 456 1208 ea
472 1182 571 1217 quae
588 1170 674 1217 ipse
690 1170 941 1208 Thaddaeus
958 1170 1197 1217 colligebat,
1215 1181 1241 1208 a
1257 1169 1399 1217 Scopo
1415 1170 1634 1208 recedunt.

395 1224 662 1269 JANVARII
684 1223 784 1261 DIE
805 1223 834 1266 I,
856 1225 915 1261 ait
935 1223 975 1261 se
991 1223 1132 1261 vidisse
1154 1223 1344 1270 quidem,
1365 1223 1436 1261 sed
1456 1235 1548 1261 non
1564 1223 1812 1261 Obseruasse
1829 1223 1986 1262 Come-

346 1282 447 1320 tam,
470 1277 522 1314 fic
543 1288 686 1323 neque
708 1276 807 1314 DIE
828 1277 878 1320 II,
900 1276 955 1314 ob
973 1276 1152 1314 Coelum
1172 1276 1394 1314 turbidum
1415 1272 1430 1326 ΙΙ
1451 1276 1488 1314 8(
1505 1276 1787 1324 caliginosum
1804 1288 1905 1314 eum
1924 1279 1986 1314 in-

346 1330 579 1367 strumento
596 1330 921 1367 demetiebatur.
939 1329 1132 1376 Vtraque
1148 1334 1297 1367 tamen
1314 1330 1382 1367 die
1399 1330 1674 1367 mediocriter
1690 1330 1807 1377 apud
1828 1341 1908 1367 nos
1928 1329 1986 1367 se-

347 1394 503 1420 renum
520 1385 665 1420 extitit.

400 1435 499 1473 DIE
522 1436 592 1479 III,
619 1447 671 1473 ex
697 1435 894 1473 distantia
917 1435 972 1473 ab
995 1435 1066 1473 ala
1089 1435 1231 1483 Cygni
1253 1435 1295 1473 P.
1320 1435 1373 1474 18.
1398 1435 1460 1473 M.
1484 1435 1547 1479 34,
1573 1436 1611 1473 8(
1637 1448 1663 1474 a
1686 1435 1807 1474 Rictu
1830 1435 1986 1483 Pegasi,

346 1489 461 1536 grad.
480 1490 532 1527 15.
549 1491 654 1526 min.
671 1490 707 1533 7,
729 1489 941 1526 constituit
960 1490 1054 1526 eius
1070 1489 1409 1536 Longitudinem
1424 1491 1470 1526 in
1486 1489 1527 1526 12
1543 1489 1680 1536 gradu
1702 1490 1758 1533 )(‚
1781 1489 1986 1527 Latitudi-

347 1553 448 1579 nem
464 1554 568 1579 vero
584 1542 635 1580 29
650 1542 766 1589 grad.
788 1542 839 1579 Et
860 1542 1037 1589 quidem
1058 1541 1141 1585 hic,
1163 1553 1251 1589 quo
1267 1542 1323 1580 ad
1339 1542 1689 1590 Longitudinem,
1711 1542 1892 1580 dimidio
1911 1541 1987 1580 sal-

345 1600 431 1632 tem
448 1595 596 1642 gradu,
613 1595 682 1632 vel
699 1597 875 1639 circiter,
896 1595 994 1642 plus
1009 1595 1116 1632 iusto
1133 1595 1276 1639 habet,
1292 1597 1339 1632 in
1355 1595 1602 1633 Latitudine
1618 1595 1859 1633 admodum
1874 1595 1985 1633 bene

346 1660 446 1685 cum
468 1648 618 1685 nostris
639 1651 829 1686 inuentis
850 1650 1069 1686 conuenit.
1093 1648 1177 1686 Sed
1197 1650 1333 1686 miror
1354 1660 1456 1686 eum
1477 1648 1772 1686 Latitudinem
1792 1660 1818 1686 a
1837 1648 1985 1686 XXXI

347 1701 600 1739 Decembris
623 1703 668 1738 in
690 1701 808 1739 hunc
832 1701 890 1739 III
914 1701 1120 1750 Ianuarij,
1146 1702 1304 1739 auxisse
1330 1702 1502 1739 duobus
1527 1701 1729 1749 gradibus
1751 1701 1985 1739 interuallo

345 1756 474 1791 trium
487 1755 668 1797 dierum,
680 1766 778 1792 cum
791 1760 938 1792 tamen
950 1754 1084 1802 paulo
1096 1760 1196 1792 ante
1208 1755 1263 1793 ab
1274 1754 1335 1792 XI
1347 1755 1616 1797 Decembris,
1625 1754 1756 1802 vsque
1768 1756 1813 1792 in
1825 1754 1985 1797 XXXI,

345 1807 478 1854 spatio
488 1807 539 1845 20
548 1808 729 1850 dierum,
743 1808 968 1845 crediderit
978 1808 1272 1846 Latitudinem
1284 1808 1415 1855 plane
1426 1810 1692 1846 inuariatam
1704 1807 1984 1854 permansisse.

346 1860 457 1897 Haec
479 1866 590 1898 certe
611 1861 860 1899 inordinata
877 1861 914 1898 &
930 1863 1158 1908 repentina
1178 1863 1373 1905 mutatio,
1394 1873 1679 1908 nequaquam
1695 1860 1770 1908 ipfi
1788 1861 1985 1899 Cometae

346 1914 620 1960 congruebat,
646 1913 716 1951 sed
738 1919 782 1951 vt
804 1916 924 1961 prius
946 1914 1118 1952 testatus
1140 1914 1246 1958 sum,
1272 1914 1506 1952 interuallo
1529 1914 1706 1952 illorum
1728 1914 1780 1951 20
1802 1914 1984 1957 dierum,

346 1966 545 2003 alterauit
562 1966 855 2004 Latitudinem
871 1967 987 2014 grad.
1005 1968 1054 2011 12,
1075 1979 1193 2005 nunc
1209 1979 1314 2005 vero
1331 1968 1384 2005 ab
1400 1967 1553 2005 vltimo
1570 1967 1826 2005 Decembris
1843 1969 1889 2004 in
1905 1973 1984 2004 ter-

345 2020 453 2055 tium
467 2019 671 2066 Ianuarij,
689 2018 844 2057 octaua
860 2020 1019 2067 gradus
1034 2025 1155 2067 parte
1173 2020 1359 2058 eandem
1375 2020 1567 2064 adauxit,
1584 2020 1722 2057 multo
1734 2020 1802 2057 his
1814 2019 1985 2058 duobus

346 2071 497 2108 diebus
518 2074 562 2109 in
583 2078 705 2109 motu
726 2073 997 2117 Latitudinis,
1022 2085 1155 2120 quam
1179 2079 1321 2117 antea,
1342 2074 1517 2118 tardior,
1540 2078 1770 2120 propterea
1791 2073 1909 2120 quod
1929 2073 1984 2110 ad

345 2124 502 2161 limites
513 2127 719 2162 maximae
732 2125 989 2163 Latitudinis
1002 2128 1090 2164 iam
1102 2129 1240 2174 magis
1251 2126 1472 2174 magisque
1484 2128 1869 2174 appropinquaret,
1884 2137 1984 2163 con-

345 2176 622 2215 sentientibus
648 2178 773 2215 nobis
796 2181 992 2225 apprime
1016 2179 1325 2218 Moestlinianis
1349 2182 1461 2218 circa
1485 2179 1778 2217 Latitudinem
1801 2184 1983 2216 annota-

345 2230 547 2267 tionibus.
561 2230 614 2268 Vt
627 2242 717 2268 non
734 2231 915 2269 dubium
932 2231 989 2274 sit,
1006 2232 1120 2270 hanc
1132 2233 1416 2280 irregularem
1427 2233 1686 2270 Latitudinis
1698 2232 1984 2269 Anomaliam

345 2282 571 2320 Thaddaeo
588 2283 785 2330 irrepsisse
804 2284 936 2321 Globi
952 2284 1013 2322 sui
1030 2287 1147 2329 vitio,
1168 2286 1237 2323 vel
1258 2286 1376 2333 quod
1397 2297 1487 2323 non
1507 2285 1605 2323 satis
1622 2283 1769 2323 exacte
1786 2285 1984 2322 Cometae

344 2335 441 2373 loca
462 2338 506 2373 in
527 2335 610 2373 hoc
631 2336 900 2380 scrutaretur,
922 2337 1062 2375 Stellis
1084 2340 1215 2376 etiam
1231 2339 1347 2376 Fixis
1364 2340 1408 2376 in
1426 2350 1477 2376 eo
1494 2338 1534 2376 se
1550 2350 1641 2375 non
1657 2336 1768 2375 redte
1787 2337 1983 2375 habenti-

344 2388 437 2426 bus.
460 2389 577 2426 Nam
599 2391 643 2426 in
665 2389 1052 2428 obseruationibus
1073 2391 1371 2429 distantiarum
1391 2396 1562 2429 tantum
1583 2402 1609 2428 a
1628 2402 1733 2428 vero
1756 2390 1983 2428 discrimen

345 2443 532 2488 irrepere
550 2453 639 2479 non
656 2445 805 2489 potuit.
828 2442 959 2488 Quod
975 2443 1077 2481 hinc
1093 2443 1218 2482 facile
1234 2444 1587 2487 manifestabitur,
1608 2443 1637 2481 fi
1659 2444 1719 2490 (vt
1739 2449 1868 2481 antea
1884 2443 1982 2481 feci-

344 2494 459 2540 mus)
481 2493 713 2532 rectificata
733 2495 967 2533 affixarum
988 2496 1084 2534 loca
1105 2496 1311 2535 exactiori
1329 2497 1477 2535 amussi
1494 2508 1594 2534 cum
1611 2496 1740 2544 ipsius
1756 2497 1866 2534 datis
1883 2508 1982 2534 con-

1740 2549 1980 2587 tulerimus.

2028 812 2058 837 10

2028 1078 2057 1102 15

2011 1283 2075 1315 336

2025 1342 2058 1367 20

2024 1608 2057 1633 25

2023 1873 2057 1898 30

2022 2138 2056 2163 35

2021 2403 2054 2427 40
