2209 3213
93 391 152 423 107

123 556 138 581 5

109 821 139 846 10

107 1086 138 1112 15

104 1352 138 1377 20

103 1618 137 1643 25

103 1883 137 1909 30

89 2036 149 2068 108

102 2149 135 2175 35

102 2414 136 2440 40

496 223 1018 264 RECENTIORIBUS
1039 225 1497 264 PHAENOMENIS
1770 226 1820 264 95

176 342 270 369 rem
286 341 465 368 omnem
480 330 520 367 se
537 332 596 367 ita
611 330 773 368 habere
791 330 1016 369 euidenter
1032 330 1312 379 deprehendi.
1330 331 1449 369 Nam
1462 331 1590 369 Hora
1605 332 1628 369 5
1645 342 1746 368 cum
1761 331 1820 369 se-

176 384 302 428 misse‚
326 383 455 430 ipsius
476 382 531 421 ab
552 379 566 432 ΙΙ
588 383 677 421 Ore
697 383 842 431 Pegafi
862 384 1106 422 distantiam
1127 386 1291 428 inueni,
1316 384 1358 422 P.
1379 384 1433 422 21.
1456 384 1519 422 M.
1541 384 1577 428 8,
1602 383 1639 421 8(
1662 384 1820 422 dehinc

177 437 236 475 H.
248 436 284 475 8.
298 436 361 474 M.
374 436 436 480 35,
453 435 693 483 interlapfis
708 436 843 483 paulo
855 437 953 484 plus
964 438 1099 475 tribus
1112 437 1261 482 Horis,
1279 438 1465 475 eandem
1477 439 1683 484 comperi,
1700 437 1743 475 P.
1756 437 1819 475 20.

176 489 240 527 M.
261 490 324 534 56,
347 489 581 527 duodecim
600 489 799 527 videlicet
821 492 1001 528 minutis
1023 492 1253 535 minorem,
1277 491 1436 538 quibus
1456 492 1623 528 interea
1642 492 1821 538 propior

175 541 313 581 factus
334 542 389 580 est
410 542 597 581 Cometa
616 541 692 589 ipfi
713 542 857 581 Stellae
879 545 924 580 in
945 543 1034 581 Ore
1052 543 1208 591 Pegafi.
1230 544 1289 581 At
1308 548 1453 581 motus
1474 544 1658 581 diurnus
1678 545 1723 580 in
1743 543 1820 581 suo

177 595 355 634 Circulo
371 595 518 634 versus
534 594 693 633 dictam
704 595 896 640 Stellam,
913 602 956 634 vt
973 608 1026 634 ex
1042 596 1327 644 praecedentis
1340 596 1427 634 diei
1437 596 1542 634 XXI
1555 596 1592 633 &
1603 596 1821 643 sequentis

174 648 300 686 XXV
312 648 703 687 Obseruationibus
715 649 858 697 colligi
869 649 1014 697 potest,
1029 649 1067 687 &
1080 652 1126 687 in
1137 649 1430 696 superioribus
1442 649 1540 687 satis
1551 649 1821 687 declaratum

175 701 242 745 est,
259 701 338 740 fuit
354 703 545 749 partium
561 701 767 749 exquifite
783 702 985 747 duarum,
1001 704 1061 740 ita
1076 702 1311 740 interuallo
1326 704 1534 750 temporis
1549 704 1718 750 vtrique
1734 702 1820 741 Ob-

174 754 410 793 seruationi
434 754 655 799 interiecti,
686 760 950 803 competunt,
981 757 1103 793 iuxta
1131 757 1461 803 proportionem
1490 760 1636 793 motus
1661 755 1820 799 diurni,

175 807 377 855 scrupula
392 808 656 855 quindecim,
673 813 717 846 vt
733 811 778 846 in
793 808 929 846 tribus
944 808 1029 846 illis
1041 808 1190 852 Horis,
1207 809 1366 855 quibus
1378 808 1565 847 Cometa
1580 808 1821 856 plurimum

174 861 466 899 Altitudinem
476 861 623 899 versus
635 861 927 899 Horizontem
943 861 1194 906 inclinabat,
1210 861 1360 899 saltem
1371 864 1504 899 ternis
1515 861 1726 909 scrupulis
1737 864 1820 910 pri-

174 915 257 952 mis
276 925 389 961 pene
409 913 735 958 insenfibilibus,
757 914 929 952 cursum
948 914 1075 952 suum
1095 916 1264 952 ratione
1280 914 1561 953 Parallaxeos
1582 915 1819 958 retardasse,

174 966 325 1005 habito
348 966 539 1015 respectu
561 973 707 1005 motus
730 968 888 1012 diurni,
911 967 1280 1015 deprehendatur;
1307 967 1424 1006 Cum
1446 973 1608 1011 tamen,
1631 967 1660 1005 fi
1682 968 1753 1005 vel
1774 970 1821 1005 in

174 1020 264 1068 ipsa
279 1020 463 1067 Sphaera
479 1020 618 1058 Lunae
639 1021 840 1065 extitisset‚
861 1020 1000 1058 multo
1021 1020 1119 1068 plus
1139 1025 1309 1058 motum
1329 1020 1455 1058 suum
1476 1032 1552 1068 per
1570 1021 1821 1059 Parallaxin

174 1073 428 1117 inhibuisset‚
451 1073 616 1111 nedum
635 1073 666 1111 fi
685 1073 814 1121 longe
834 1073 949 1112 infra
968 1073 1084 1111 hanc
1104 1076 1150 1111 in
1170 1073 1381 1121 superiori
1401 1074 1529 1111 Aeris
1550 1074 1741 1121 Regione
1763 1074 1823 1120 (vt

175 1126 329 1164 volunt
345 1126 633 1174 Peripatetici)
650 1127 851 1165 extitisset.

227 1179 348 1218 Idem
365 1179 520 1218 eadem
535 1179 725 1227 vespera,
747 1192 801 1218 ex
820 1180 933 1218 binis
955 1180 1162 1228 distantijs
1178 1180 1234 1218 ad
1250 1179 1430 1218 Stellam
1446 1182 1492 1217 in
1507 1191 1646 1218 manu
1662 1179 1823 1218 sinistra

174 1233 358 1271 Antinoi
378 1231 512 1277 factis,
533 1245 634 1280 quae
655 1233 897 1271 admodum
917 1235 1062 1271 vicina
1082 1238 1174 1271 erat
1194 1235 1278 1271 viae
1300 1233 1511 1278 Cometae,
1535 1233 1821 1281 comprobare

173 1285 305 1324 licuit.
327 1286 447 1324 Nam
467 1286 596 1324 Hora
615 1289 769 1334 quinta
788 1298 889 1325 cum
911 1288 926 1326 Ξ
949 1286 1128 1325 distabat
1148 1286 1202 1324 ab
1223 1286 1299 1324 illa
1319 1286 1464 1331 Stella,
1486 1287 1529 1324 P.
1546 1287 1582 1324 4.
1605 1286 1668 1324 M.
1686 1286 1748 1325 38.
1771 1287 1821 1324 Et

174 1339 331 1377 deinde
347 1339 476 1377 Hora
491 1340 515 1377 6
531 1351 631 1377 cum
647 1338 915 1379 {interiectis
930 1339 1067 1378 tribus
1084 1342 1249 1387 quartis
1264 1342 1394 1377 vnius
1411 1340 1564 1384 Horae,
1587 1340 1742 1378 eadem
1758 1351 1821 1377 re-

172 1394 310 1430 motio
325 1394 508 1430 inuenta
524 1392 591 1437 est,
612 1393 655 1430 P.
672 1393 708 1431 4.
726 1393 790 1431 M.
806 1393 870 1436 40,
892 1393 1064 1431 duobus
1079 1392 1291 1440 scrupulis
1306 1395 1460 1437 maior,
1483 1404 1584 1431 cum
1599 1398 1745 1431 motus
1761 1393 1822 1431 di-

174 1457 311 1483 urnus
331 1447 535 1493 requirat,
556 1451 599 1483 vt
618 1448 752 1484 ternis
769 1446 888 1493 quafi
904 1446 1126 1494 scrupulis,
1148 1445 1320 1484 cursum
1340 1448 1507 1484 interea
1523 1445 1561 1484 &
1577 1446 1822 1484 distantiam

172 1501 327 1543 variet;
346 1504 391 1537 vt
406 1498 452 1537 fit
468 1498 713 1537 differentia
728 1501 858 1537 vnius
873 1499 1023 1537 saltem
1039 1501 1196 1537 minuti
1213 1499 1344 1547 plane
1360 1499 1625 1543 insenfibilis,
1643 1511 1744 1537 cum
1759 1504 1820 1537 ta-

173 1563 277 1590 men
298 1554 440 1590 maior
462 1552 590 1600 longe
613 1552 746 1597 fieret,
772 1552 802 1590 fi
826 1552 1066 1591 senfibilem
1088 1552 1286 1600 aliquam
1308 1553 1560 1591 Parallaxin
1582 1552 1657 1590 sub
1681 1552 1820 1590 Lunae

176 1604 306 1649 Orbe,
322 1604 425 1643 huic
442 1605 640 1644 Cometae
656 1606 890 1644 attribuere
906 1606 1064 1644 liceret.

226 1658 392 1696 Verum
407 1663 451 1696 vt
468 1658 714 1697 euidentius
730 1659 1072 1703 Demonstretur,
1094 1664 1307 1706 quantam
1322 1661 1579 1697 varietatem
1595 1659 1649 1697 ab
1667 1658 1818 1697 Obser-

173 1713 366 1755 uatione,
394 1711 634 1750 Parallaxis
660 1712 859 1750 Cometae
883 1712 1120 1757 induxisset,
1146 1712 1175 1749 fi
1199 1712 1269 1750 vel
1293 1714 1339 1750 in
1364 1712 1518 1750 infima
1543 1714 1819 1750 conuexitate

174 1764 304 1803 Orbis
321 1765 507 1802 Lunaris
528 1766 729 1809 extitisset,
749 1765 915 1803 nedum
934 1765 964 1803 fi
984 1765 1129 1803 adhuc
1150 1766 1276 1803 nobis
1296 1768 1553 1813 proximiori
1573 1766 1670 1803 loco
1687 1765 1819 1803 collo-

174 1822 356 1861 caretur,
379 1818 514 1865 paulo
536 1818 666 1856 altius
689 1830 781 1856 rem
804 1818 940 1866 ipsam
962 1819 1184 1867 indagare,
1208 1819 1246 1857 &
1268 1818 1343 1857 sub
1364 1821 1610 1857 accuratius
1631 1830 1819 1857 examen

173 1882 383 1909 reuocare
399 1871 670 1915 conabimur,
687 1872 818 1919 idque
834 1871 1070 1919 praesertim
1086 1874 1132 1909 in
1147 1873 1200 1919 ijs
1215 1872 1434 1920 distantijS,
1451 1884 1561 1919 quas
1578 1884 1631 1910 ea
1641 1871 1819 1919 vespera

173 1924 229 1962 ad
241 1924 304 1963 Os
315 1924 459 1972 Pegafi
471 1924 697 1972 diligenter
712 1924 962 1969 habuimus,
980 1937 1033 1963 eo
1049 1925 1168 1972 quod
1184 1925 1268 1963 illis
1284 1925 1383 1973 plus
1398 1927 1606 1973 temporis
1622 1927 1818 1963 interiec-

172 1982 266 2015 tum
277 1977 335 2022 fit,
351 1977 389 2015 8(
403 1978 674 2016 intermediae
686 1978 742 2016 ad
754 1978 941 2016 eandem
952 1978 1127 2022 habitae,
1143 1978 1242 2016 satis
1254 1977 1402 2017 exacte
1415 1978 1791 2026 correspondeant.
1804 1974 1819 2028 ΙΙ

225 2031 283 2068 At
299 2042 400 2068 cum
415 2042 495 2069 nec
513 2031 771 2079 fimpliciter,
792 2043 872 2069 nec
888 2043 976 2069 vna
992 2032 1283 2080 Figuratione,
1305 2043 1373 2070 res
1394 2031 1490 2070 haec
1506 2031 1818 2075 Demonstrati,

173 2083 211 2121 8(
226 2085 273 2121 in
288 2089 489 2132 apertum
505 2095 581 2132 per
596 2096 806 2123 numeros
820 2085 974 2123 deduci
986 2086 1120 2132 possit;
1138 2085 1263 2132 Opus
1275 2087 1393 2123 enim
1405 2085 1460 2123 est
1471 2087 1664 2133 primum
1676 2087 1819 2133 cogni-

171 2138 290 2175 tione
306 2137 562 2175 Altitudinis
579 2138 790 2183 Cometae‚
812 2150 947 2185 quam
967 2137 1120 2176 habuit
1140 2140 1187 2176 in
1201 2138 1421 2186 Vtriusque
1442 2141 1650 2186 temporis
1667 2138 1818 2176 Obser-

172 2192 363 2235 uatione,
380 2190 591 2238 siquidem
606 2191 682 2229 illa
697 2196 800 2229 tunc
816 2203 892 2239 per
904 2191 1191 2230 Instrumenta
1206 2203 1298 2229 non
1312 2191 1367 2230 est
1379 2192 1663 2239 deprehensa;
1682 2192 1732 2229 Et
1748 2192 1818 2229 de—

172 2243 274 2281 inde
284 2243 388 2281 scire
400 2247 745 2292 operaeprecium
757 2247 847 2289 erit,
865 2245 1043 2292 qualem
1054 2245 1304 2283 Parallaxin
1315 2247 1361 2283 in
1374 2245 1553 2284 Circulo
1564 2245 1819 2283 Altitudinis

173 2295 422 2335 exhibuisset
438 2299 483 2335 in
499 2302 683 2345 Vtraque
699 2297 954 2342 Altitudine,
971 2298 1001 2335 fi
1016 2300 1215 2346 proxime
1231 2298 1346 2337 infra
1362 2298 1527 2337 Orbem
1539 2299 1679 2336 Lunae
1696 2297 1818 2336 efful-

172 2348 287 2394 fisset;
305 2355 474 2397 oportet
489 2350 663 2398 insuper
679 2350 760 2389 has
771 2351 1023 2389 Parallaxes
1035 2354 1080 2389 in
1091 2351 1273 2400 longum
1285 2352 1323 2390 &
1334 2352 1474 2390 latum
1485 2350 1677 2399 respectu
1688 2351 1818 2398 ipfius

173 2402 338 2441 Circuli
350 2403 548 2442 Cometae
560 2404 812 2449 discernere,
825 2404 897 2442 vbi
909 2404 1111 2452 Angulus
1123 2417 1255 2452 quem
1266 2405 1367 2444 facit
1378 2405 1607 2452 vtrobique
1620 2404 1819 2443 Cometae

171 2457 256 2500 via,
269 2467 369 2494 cum
379 2456 557 2495 Circulo
566 2457 759 2495 verticali
769 2460 887 2505 prior
898 2458 1173 2505 indagandus
1182 2460 1317 2503 venit;
1329 2458 1529 2497 Tandem
1538 2458 1819 2496 necessarium

173 2510 263 2553 erit,
279 2509 427 2548 locum
443 2510 543 2549 Oris
560 2510 716 2558 Pegasi,
733 2509 924 2558 respec'lu
939 2513 1024 2549 viae
1041 2511 1252 2556 Cometae,
1270 2523 1358 2559 quo
1374 2512 1430 2550 ad
1445 2511 1764 2559 longitudinem
1781 2510 1819 2548 8(

1529 2564 1817 2606 latitudinem,
