2209 3213
141 803 170 828 10

119 904 183 935 445

142 1070 172 1094 15

141 1335 174 1360 20

142 1601 176 1626 25

144 1867 177 1892 30

145 2133 179 2158 35

147 2399 180 2424 40

524 204 1047 245 RECENTIORIBUS
1067 203 1525 243 PHAENOMENIS
1771 202 1848 241 353

206 313 343 360 Medij
363 312 478 351 Coeli
494 317 600 359 part.
618 312 729 355 3391,
747 312 945 350 Cometae
961 311 1077 359 grad.
1095 311 1197 354 3163,
1214 311 1391 357 Aquilae
1407 314 1513 357 part.
1531 310 1642 353 2923,
1659 310 1850 346 inuicem

206 366 350 404 debito
366 365 499 403 modo
516 365 695 409 collatis,
716 364 842 402 facile
863 364 1034 402 constat.
1058 364 1108 401 Et
1124 364 1303 410 quando
1319 363 1485 410 Aquila
1501 374 1552 400 eo
1569 362 1638 400 die
1655 364 1700 399 in
1717 361 1850 399 Meri-

206 419 339 457 diano
352 424 454 462 erat,
470 418 606 456 Horis
618 417 753 455 ferme
765 417 936 455 duabus
948 417 1048 461 PM,
1067 417 1322 454 eleuabatur
1334 415 1408 454 Sol
1419 415 1546 462 supra
1559 415 1851 453 Horizontem

207 474 300 510 eius
316 471 400 509 loci
412 472 453 509 13
464 470 680 519 gradibus,
697 470 938 517 habuitque
951 470 1115 517 Aquila
1126 470 1416 507 Altitudinem
1429 469 1727 506 Meridianam
1743 472 1850 514 part.

205 525 280 564 48}
299 525 398 572 plus
418 524 460 562 12
480 524 683 572 gradibus
702 525 796 561 eius
812 524 1088 571 assignatione
1105 525 1332 566 maiorem,
1350 522 1535 560 Cometa
1551 533 1655 559 vero
1674 521 1851 558 Meridi-

206 589 344 616 anum
366 577 575 615 tranfiens
598 577 726 614 Hora
748 576 795 616 3}
817 576 918 619 fere,
942 576 1055 613 altus
1077 581 1168 613 erat
1188 582 1294 622 part.
1316 576 1375 614 51}
1401 587 1491 612 non
1507 575 1569 617 46,
1591 580 1634 612 vt
1654 574 1726 611 ille
1747 574 1851 617 vult,

207 631 468 678 extabatque
489 630 563 668 Sol
586 629 730 667 adhuc
750 629 879 676 supra
899 629 1192 666 Horizontem
1215 629 1330 676 grad.
1352 629 1388 672 4,
1414 628 1671 665 Eleuatione
1692 627 1785 664 Poli
1808 629 1853 664 in

206 683 275 722 his
291 683 508 727 omnibus,
525 683 655 721 sicubi
672 684 917 729 requiritur,
935 682 1113 719 assumta
1130 687 1236 728 part.
1253 682 1338 725 493,
1356 681 1533 728 qualem
1551 680 1671 718 Hala
1687 680 1853 718 Sueuo-

207 749 318 780 rum,
341 748 442 774 meo
464 736 638 779 iudicio,
663 735 896 773 collatione
919 735 1128 772 distantiae
1150 734 1188 772 8(
1209 734 1308 771 [itus
1329 735 1384 772 ad
1406 734 1644 781 Augustam
1666 733 1703 770 &
1725 733 1853 770 Nori-

207 791 385 838 bergam
408 791 743 837 quamproxime
767 788 947 831 obtinet;
973 799 1117 835 neque
1141 789 1259 825 enim
1282 787 1529 834 scrupulosa
1551 787 1759 824 subtilitas
1782 786 1853 823 hic

208 843 264 881 est
279 843 520 881 necessaria.

261 896 380 934 Patet
404 898 551 943 itaque
577 906 712 942 quarn
736 893 1026 942 prodigiosam
1053 893 1472 931 disconuenientiam
1502 893 1572 930 hic
1602 889 1855 942 ad-ssmiserit

208 948 501 993 Wincklerus,
523 960 623 986 cum
644 948 754 986 nihil
775 959 941 991 eorum,
963 958 1064 994 quae
1084 949 1301 994 proponit,
1323 946 1398 993 ipfi
1415 946 1544 984 Coelo
1560 946 1649 984 vlla
1665 957 1717 983 ex
1733 951 1854 992 parte

209 1002 551 1040 consentaneum
567 1001 707 1039 fuerit.

263 1055 394 1102 Quod
410 1055 439 1092 fi
455 1066 560 1093 vero
576 1056 707 1092 nimis
723 1054 852 1092 crassa
867 1054 1126 1101 ignorantia,
1144 1054 1346 1100 quemuis
1362 1052 1588 1090 Circulum
1605 1052 1856 1089 verticalem

209 1120 288 1156 pro
305 1108 557 1146 Meridiano
578 1109 744 1155 accipit,
761 1107 799 1145 &
816 1108 1021 1154 quamuis
1037 1106 1340 1149 Altitudinem‚
1362 1107 1493 1143 etiam
1512 1111 1633 1143 extra
1652 1105 1855 1142 Meridiei

211 1162 451 1206 Circulum,
475 1161 774 1199 Meridianam
797 1171 1026 1207 perperam
1050 1170 1308 1206 nuncupare
1331 1170 1422 1196 non
1445 1164 1618 1196 veretur
1642 1158 1717 1204 (ita
1738 1160 1856 1195 enim

210 1221 303 1253 tum
324 1226 377 1252 ex
397 1214 493 1258 hoc,
514 1220 607 1252 tum
628 1214 682 1252 ab
703 1214 800 1261 alijs
821 1212 1098 1260 sequentibus
1115 1214 1160 1249 in
1177 1213 1332 1250 eodem
1350 1212 1516 1258 Scripto
1537 1211 1642 1249 locis
1659 1210 1855 1258 apparet)

211 1280 266 1306 ne
282 1268 325 1306 id
341 1268 519 1315 quidem
535 1267 755 1311 obtinebit,
774 1267 1009 1305 Cometam
1021 1266 1059 1304 8(
1071 1265 1282 1312 Aquilam
1298 1265 1413 1302 suisse
1430 1267 1475 1302 in
1492 1265 1648 1302 eodem
1663 1264 1857 1302 verticali

213 1321 402 1360 Circulo.
429 1321 531 1359 Erat
557 1323 675 1358 enim
698 1332 750 1358 ea
775 1319 865 1367 ipsa
887 1320 1015 1357 Hora
1037 1318 1253 1356 verticalis
1278 1330 1354 1365 per
1378 1318 1610 1356 Cometam
1635 1317 1856 1361 transiens,

212 1380 405 1412 remotus
421 1386 448 1412 a
464 1374 717 1412 Meridiano
734 1373 867 1421 paulo
883 1373 981 1420 plus
997 1372 1191 1419 partibus
1207 1372 1269 1409 34.
1292 1372 1331 1409 Is
1347 1383 1464 1413 vero,
1483 1373 1558 1418 qui
1574 1382 1650 1418 per
1665 1370 1857 1413 Stellam,

212 1427 405 1475 partibus
427 1428 479 1465 60
500 1429 716 1475 proxime;
740 1427 852 1465 adeo
874 1432 918 1464 vt
940 1426 1155 1464 ambobus
1177 1425 1454 1462 verticalibus
1478 1425 1779 1462 intercesserint
1803 1424 1857 1461 ad

212 1483 446 1518 minimum
462 1486 605 1528 partes
622 1481 695 1519 253-
710 1482 756 1517 in
772 1479 975 1527 gradibus
992 1479 1261 1516 Horizontis.

266 1534 383 1572 Licet
398 1545 503 1572 vero
520 1534 718 1572 Cometae
734 1533 931 1571 Altitudo
947 1534 993 1570 in
1009 1532 1084 1570 suo
1101 1531 1295 1569 verticali
1310 1536 1413 1569 tunc
1431 1531 1558 1569 fuerit
1575 1531 1617 1568 P.
1634 1530 1719 1574 461⁷,
1741 1530 1859 1577 quod

213 1598 305 1625 non
320 1589 487 1635 integro
503 1587 640 1635 gradu
656 1587 710 1625 ab
727 1586 856 1634 ipsius
873 1586 1001 1624 crassa
1017 1587 1304 1623 annotatione
1325 1584 1532 1627 abundat,
1554 1586 1623 1621 cui
1640 1584 1695 1621 ob
1712 1584 1754 1621 id
1770 1595 1858 1621 me-

213 1641 414 1679 diocriter
431 1645 675 1688 competere
692 1640 874 1682 videtur,
895 1644 1044 1677 tamen
1064 1641 1110 1676 in
1126 1638 1369 1676 Altitudine
1386 1637 1530 1676 Stellae
1548 1637 1736 1684 Aquilae,
1760 1648 1859 1684 quae

213 1699 306 1732 tum
331 1696 377 1732 in
402 1694 490 1732 alio
516 1694 554 1732 8(
578 1693 707 1741 longe
732 1693 896 1731 semoto
921 1692 1115 1730 verticali
1142 1692 1201 1738 (vt
1227 1691 1332 1737 dixi)
1358 1691 1654 1739 reperiebatur
1678 1695 1785 1737 part.
1810 1689 1859 1727 33

213 1749 424 1795 proxime,
446 1749 622 1795 integris
643 1747 777 1784 tribus
798 1746 1001 1794 gradibus
1018 1745 1224 1783 abundat.
1247 1745 1405 1791 Neque
1422 1756 1475 1782 ex
1492 1743 1736 1782 differentia
1752 1743 1859 1780 Alti-

213 1801 376 1839 tudinis
389 1801 566 1848 Aquilae
579 1800 617 1838 8(
630 1800 841 1843 Cometae,
858 1805 1059 1837 mutuam
1077 1798 1304 1836 extrahere
1321 1798 1565 1836 distantiam
1582 1797 1713 1840 licuit,
1730 1802 1773 1834 vt
1789 1796 1860 1834 ille

214 1854 318 1898 vult,
334 1860 441 1901 part.
455 1854 512 1898 10;
530 1853 740 1901 siquidem
757 1865 848 1890 non
865 1858 987 1890 erant
1003 1854 1049 1890 in
1065 1863 1165 1895 vno,
1183 1857 1226 1889 vt
1242 1850 1405 1889 dicium
1422 1851 1488 1894 est,
1507 1851 1750 1897 eodemque
1767 1861 1859 1887 ver-

214 1907 343 1945 ticali.
365 1907 471 1951 Imo,
493 1919 546 1945 eo
567 1912 762 1954 tempore
778 1917 883 1944 vera
899 1905 1178 1952 intercapedo
1195 1905 1371 1952 Aquilae
1389 1904 1427 1942 8(
1444 1904 1641 1942 Cometae
1658 1903 1737 1941 fuit
1752 1908 1860 1950 part.

215 1961 288 2000 232}
304 1960 402 2008 plus
418 1960 459 1998 13
475 1960 680 2008 gradibus
697 1962 790 1997 eius
807 1960 1060 1997 assumtione
1077 1960 1231 1996 maior.

269 2013 319 2052 Et
333 2013 540 2061 quorsum
555 2013 701 2060 quaeso
714 2012 1009 2051 Latitudinem
1021 2011 1165 2050 Stellae
1178 2010 1435 2049 differentiae
1449 2010 1703 2047 Altitudinis
1717 2021 1861 2056 aggre-

215 2072 296 2115 gat,
318 2072 361 2105 vt
381 2067 737 2105 Declinationem
758 2064 1044 2112 adipiscatur?
1066 2064 1183 2110 Quid
1204 2064 1300 2102 haec
1322 2066 1512 2101 inuicem
1530 2074 1764 2101 commune
1786 2062 1861 2100 ha-

215 2121 329 2164 bent,
349 2132 449 2158 cum
466 2119 741 2158 diuersissima
757 2119 846 2163 fint,
869 2118 906 2156 8(
927 2130 1017 2156 non
1035 2118 1207 2156 eosdem
1224 2117 1352 2155 Polos
1369 2117 1607 2164 respiciant,
1630 2128 1709 2153 nec
1725 2127 1863 2152 vnum

217 2185 270 2211 ex
293 2173 381 2211 alio
404 2171 674 2221 dependeat?
697 2172 765 2211 Sic
788 2184 922 2219 quam
946 2174 1065 2219 prius
1089 2171 1385 2209 Latitudinem
1408 2170 1552 2208 Stellae
1577 2170 1694 2212 dixit,
1719 2169 1863 2216 postea

217 2227 404 2265 eandem
425 2226 780 2264 Declinationem
802 2227 895 2263 eius
915 2230 1052 2267 vocat,
1077 2227 1180 2268 imo,
1203 2229 1247 2261 vt
1266 2225 1456 2262 breuiter
1477 2224 1632 2265 dicam,
1656 2222 1862 2260 Latitudi-

217 2291 331 2324 nem,
348 2280 650 2323 Altitudinem‚
668 2279 1024 2317 Declinationem
1040 2289 1119 2325 pro
1135 2277 1256 2315 libito
1273 2277 1554 2320 confundere,
1573 2278 1782 2322 varieque
1798 2277 1862 2322 ijs,

217 2333 304 2371 slue
325 2333 426 2371 data
447 2345 593 2381 opera,
615 2333 702 2370 siue
724 2344 814 2379 prae
834 2333 971 2369 nimia
987 2333 1246 2378 ignorantia,
1268 2331 1387 2368 abuti
1404 2342 1494 2367 non
1512 2328 1730 2367 erubescit.
1753 2328 1863 2374 Quis

217 2398 414 2434 vnquam
434 2387 605 2424 audiuit
626 2386 981 2423 Declinationem
1001 2384 1255 2431 AEquatoris
1275 2384 1345 2421 vel
1366 2383 1654 2421 Altitudinem
1679 2382 1738 2427 (vt
1761 2381 1863 2418 alibi

217 2439 361 2486 vocat)
378 2438 569 2487 respectu
586 2439 771 2477 alicuius
788 2438 1088 2481 Phaenomeni,
1106 2437 1356 2475 Parallaxin
1373 2438 1466 2474 eius
1483 2434 1723 2483 appellari?
1742 2435 1864 2471 Num

218 2493 301 2531 hac
322 2492 537 2531 Methodo
559 2492 840 2531 Parallaxeos
861 2491 1059 2529 Cometae
1080 2490 1283 2528 mensura
1305 2488 1498 2527 elicitur?
1521 2500 1629 2526 num
1652 2488 1735 2525 hoe
1759 2487 1825 2529 est,
1850 2483 1863 2536 ΙΙ

324 2554 358 2579 45
1726 2540 1863 2586 ipsum
