2209 3213
322 222 398 259 228
816 215 898 252 DE
920 212 1146 251 MUNDI
1167 210 1469 248 AETHEREI

322 326 573 363 discrimine.
598 323 721 359 quta
738 321 821 358 XX
838 319 1117 362 Nouembris,
1135 316 1313 364 quando
1330 315 1630 354 Moestliniana
1646 318 1755 354 ratio
1772 316 1960 354 nostram

321 378 463 415 adhuc
488 379 653 422 integro
678 374 813 421 gradu
839 373 1020 419 superat,
1047 370 1305 408 Illustrissimi
1331 367 1429 406 dicti
1454 369 1663 417 Principis
1690 369 1959 413 Obseruatio,

321 432 415 467 licet
439 431 567 466 etiam
592 426 796 464 nonnihil
819 425 915 472 plus
939 424 1089 462 nostris
1112 424 1307 460 numeris
1330 422 1519 465 inducat,
1545 427 1693 460 tamen
1716 422 1961 460 differentia

321 484 389 520 hic
410 483 571 519 sextam
592 480 749 527 gradus
770 484 938 525 partem
958 489 1049 515 non
1070 477 1248 523 attingit,
1269 475 1298 512 fi
1319 477 1526 522 temporis
1548 475 1585 512 8(
1606 475 1960 513 Meridianorum

321 534 597 580 intercapedo
623 532 900 574 adhibeatur;
931 529 1307 577 quemadmodum
1332 528 1400 566 die
1426 528 1629 575 sequente
1655 530 1786 566 etiam
1812 527 1960 566 saltem

321 589 520 625 sextantis
543 586 699 633 gradus
724 584 882 627 euadit,
908 594 1008 621 cum
1032 582 1280 620 Moestlinus
1302 581 1530 628 vtrobique
1553 593 1641 619 vno
1666 581 1801 619 ferme
1824 581 1961 629 gradu

320 640 521 678 abundet.

373 693 422 730 Et
439 704 493 729 ne
513 694 557 729 in
578 691 644 728 his
665 690 842 728 aliunde
859 689 1173 727 Testimonium
1194 692 1338 735 petere
1359 687 1404 724 fit
1425 687 1597 731 necesse,
1618 687 1767 725 saltem
1788 699 1840 725 ea
1860 698 1960 734 quae

320 746 524 793 superius,
545 755 644 781 cum
660 743 826 781 sextum
843 743 988 789 Caput
1005 741 1292 780 Moestliniani
1308 740 1447 787 scripti
1463 740 1793 787 perpendentes,
1811 751 1833 778 e
1850 740 1960 777 resti-

319 801 431 841 tutis,
453 809 562 844 quas
583 797 769 838 adhibet,
792 795 934 833 affixis
954 794 1107 838 Stellis,
1129 796 1242 831 circa
1259 793 1596 841 Longitudinem
1613 793 1650 830 &
1667 793 1961 831 Latitudinem

319 852 450 888 huius
467 851 664 888 Cometae
687 861 739 887 ex
760 848 889 896 ipfius
906 846 1296 886 Obseruationibus
1316 846 1451 894 paulo
1472 845 1596 884 aliter
1612 846 1911 889 limitauimus‚
1933 846 1962 883 fi

319 904 403 941 huc
416 903 717 945 adhibeantur,
731 902 828 940 satis
840 901 1044 948 equidem
1056 899 1422 947 comprobabitur,
1433 899 1770 947 Longitudinem
1779 899 1832 936 fic
1842 898 1960 937 recti-

319 957 492 995 ficatam
505 956 643 993 multo
655 957 834 1003 propius
846 954 901 992 ad
913 954 1113 998 nostram,
1127 964 1261 1000 quam
1270 952 1400 1000 ipsius
1410 953 1734 1000 assignationem
1743 952 1960 990 accedere.

321 1011 453 1057 quue
471 1021 523 1047 eo
540 1008 786 1046 euidentius
802 1007 1039 1055 apparebit,
1056 1018 1144 1054 quo
1161 1007 1302 1044 maior
1319 1005 1357 1043 &
1372 1005 1636 1043 manifestior
1647 1007 1757 1043 inter
1769 1017 1849 1043 nos
1861 1017 1960 1043 con-

320 1065 440 1110 tingit
463 1062 758 1109 discrepantia,
783 1060 916 1108 paulo
941 1062 1059 1098 enim
1082 1059 1171 1107 post
1190 1059 1468 1097 medietatem
1489 1058 1769 1101 Nouembris,
1790 1058 1828 1095 &
1848 1060 1962 1096 circa

320 1116 453 1153 finem
476 1117 605 1162 primi
627 1116 791 1152 trientis
813 1114 1020 1161 Ianuarij,
1045 1113 1223 1160 quando
1244 1112 1396 1150 vltimo
1417 1123 1443 1149 a
1463 1111 1686 1149 Moestlino
1710 1111 1962 1149 obseruatus

320 1169 374 1206 est
397 1169 466 1206 hic
491 1169 687 1210 Cometa,
714 1167 784 1205 hic
808 1169 852 1204 in
875 1165 1056 1209 defectu,
1080 1166 1165 1203 illic
1188 1177 1293 1203 vero
1316 1167 1361 1202 in
1385 1165 1547 1202 excessu
1569 1164 1773 1202 sensibilis
1795 1164 1849 1202 ab
1872 1164 1961 1212 ipso

320 1222 511 1259 deuiatio
529 1221 745 1259 commissa
762 1220 827 1257 eft.
850 1220 969 1257 Nam
985 1219 1107 1257 XVII
1124 1219 1192 1256 die
1210 1218 1479 1256 Nouembris
1495 1229 1586 1255 non
1603 1218 1816 1265 colligitur
1832 1229 1885 1255 ex
1900 1219 1961 1265 ip-

319 1275 402 1312 fius
423 1273 801 1312 animaduersione
822 1273 998 1310 vlterior
1018 1271 1264 1320 Longitudo
1285 1282 1420 1318 quam
1441 1271 1505 1311 19}
1525 1276 1565 1314 Z,
1589 1282 1690 1318 quae
1711 1270 1865 1308 nostrae
1886 1282 1961 1308 an-

319 1330 532 1365 notationi
554 1329 751 1374 apprime
772 1326 991 1368 consentit,
1015 1324 1143 1363 ducta
1164 1324 1362 1362 videlicet
1382 1324 1500 1362 linea
1520 1322 1636 1362 recta
1656 1335 1683 1362 a
1701 1325 1843 1371 prima
1867 1329 1892 1363 Z
1916 1325 1962 1361 in

319 1381 516 1418 vltimam
537 1390 578 1417 w
599 1391 733 1427 quam
750 1379 995 1417 Fomahant
1011 1383 1182 1422 vocant,
1204 1378 1241 1416 8(
1262 1377 1458 1416 adhibito
1475 1389 1564 1415 vna
1581 1377 1778 1415 Cometae
1800 1376 1962 1415 circulo

319 1436 506 1481 propri0.
534 1434 691 1480 Neque
716 1434 834 1470 enim
856 1432 1036 1470 vlterius
1059 1431 1233 1469 extendi
1256 1436 1358 1469 tunc
1381 1430 1510 1478 ipfius
1534 1430 1871 1478 Longitudinem
1895 1441 1963 1467 res

319 1489 494 1534 patitur;
516 1486 725 1533 fiquidem
742 1497 764 1523 e
781 1491 970 1532 quatuor
987 1485 1071 1522 illis
1087 1484 1241 1528 Stellis,
1263 1484 1318 1522 ad
1339 1495 1448 1531 quas
1465 1495 1518 1522 eo
1535 1484 1603 1521 die
1620 1483 1963 1521 collimationem

319 1540 505 1583 instituit,
522 1541 788 1587 proueniens
804 1538 1098 1576 transuersalis
1114 1536 1370 1581 Interfeclio,
1387 1548 1479 1575 non
1494 1536 1682 1575 multum
1694 1536 1805 1574 vltra
1817 1536 1858 1574 19
1869 1548 1961 1583 gra-

320 1594 425 1630 dum
442 1594 534 1630 eius
551 1592 674 1630 fitum
691 1592 893 1636 extendit,
911 1591 1030 1639 quod
1042 1587 1056 1641 ΙΙ
1068 1591 1210 1629 nostra
1226 1590 1520 1638 defignatione
1532 1589 1676 1628 adhuc
1688 1591 1882 1628 anterius
1894 1589 1961 1634 est,

320 1646 483 1684 nedum
494 1651 537 1683 vt
549 1647 593 1683 in
606 1657 658 1683 ea
669 1645 863 1692 aliquem
875 1642 1090 1683 defectum
1102 1644 1248 1688 latere,
1265 1643 1466 1690 suspicari
1480 1643 1639 1690 aliquis
1650 1645 1806 1681 merito
1818 1647 1960 1689 queat.

320 1699 387 1737 Sic
404 1701 535 1737 etiam
553 1710 605 1736 ex
621 1698 750 1746 ipfius
763 1698 1091 1741 obseruatione,
1109 1708 1243 1744 quam
1254 1699 1300 1734 in
1311 1696 1463 1735 vltima
1474 1708 1501 1735 a
1512 1696 1552 1734 se
1564 1694 1752 1743 suspecta
1764 1696 1961 1734 Cometae

320 1754 591 1799 apparitione
609 1751 772 1794 habuit,
790 1751 858 1789 die
870 1751 970 1788 VIII
982 1751 1173 1798 Ianuarij
1193 1762 1246 1788 ex
1262 1750 1379 1788 linea
1396 1748 1523 1788 ducta
1539 1761 1566 1788 a
1581 1749 1697 1787 sexta
1709 1748 1853 1797 Pegasi
1868 1760 1961 1786 ver-

320 1805 387 1843 sus
404 1805 639 1842 humerum
656 1804 856 1842 dextrum
869 1803 1049 1851 Cephei,
1066 1814 1303 1851 parumper
1316 1805 1362 1841 in
1373 1802 1564 1841 austrum
1576 1814 1675 1840 eam
1687 1802 1960 1844 declinando,

321 1860 365 1895 in
382 1858 478 1895 loco
490 1858 560 1895 vbi
576 1857 672 1895 haec
683 1859 801 1895 viam
813 1857 1011 1895 Cometae
1027 1856 1185 1900 tranfit,
1203 1856 1337 1894 existit
1349 1856 1594 1904 Longitudo
1609 1855 1672 1895 132}
1690 1857 1727 1899 )(
1749 1857 1960 1902 proxime,

322 1923 420 1958 quae
437 1922 645 1948 numeros
662 1910 984 1948 Moestlinianos
1003 1912 1170 1957 integro
1191 1909 1328 1958 gradu
1349 1909 1527 1953 excedit,
1549 1921 1575 1947 a
1595 1908 1746 1946 nostris
1761 1919 1866 1946 vero
1884 1908 1960 1946 sal-

321 1969 408 2001 tem
422 1969 577 2011 quarta
592 1963 751 2011 gradus
766 1968 886 2011 parte
904 1962 1057 2001 deficit.
1076 1963 1139 2001 Ex
1155 1962 1222 2000 his
1238 1964 1385 2010 itaque
1402 1962 1500 2000 satis
1516 1962 1741 2000 euidenter
1756 1961 1902 2008 liquet,
1919 1961 1962 1999 id

322 2017 439 2063 quod
456 2022 586 2054 antea
601 2016 791 2053 diximus
807 2027 962 2054 reuera
977 2016 1017 2054 se
1035 2028 1087 2054 eo
1103 2016 1237 2054 modo
1253 2015 1428 2059 habere,
1445 2026 1603 2062 nempe
1615 2014 1962 2052 Moestlinianam

323 2070 658 2117 Longitudinem
682 2071 892 2116 proximis
915 2069 1082 2116 aliquot
1105 2069 1257 2107 diebus
1280 2068 1370 2116 post
1394 2068 1672 2106 medietatem
1695 2067 1962 2105 Nouembris

322 2122 559 2166 abundare,
581 2124 693 2159 circa
713 2124 903 2169 primum
919 2134 1023 2160 vero
1039 2124 1240 2160 trientem
1257 2122 1450 2160 Ianuarii
1471 2120 1667 2165 deficere,
1688 2120 1819 2167 idque
1840 2119 1961 2158 adhi-

322 2175 418 2212 bitis
435 2175 490 2213 ad
506 2175 693 2213 restituta
710 2175 917 2213 Fixarum
932 2175 1029 2213 loca
1045 2177 1231 2222 propriis
1246 2175 1376 2222 ipfius
1394 2173 1863 2217 animaduerfionibus;
1885 2184 1961 2210 no-

322 2228 448 2265 stram
464 2239 568 2265 vero
584 2230 916 2265 annotationem
932 2228 1070 2266 multo
1087 2227 1279 2266 exactius
1295 2228 1379 2265 illis
1396 2227 1624 2275 quadrare.

376 2280 493 2326 Quia
513 2292 617 2318 vero
637 2286 726 2318 toto
747 2280 835 2318 fere
857 2280 1101 2326 Decembri,
1123 2293 1214 2319 non
1234 2282 1382 2329 magni
1402 2280 1587 2319 alicuius
1607 2281 1831 2323 momenti,
1852 2281 1963 2317 inter

322 2333 451 2380 ipfius
463 2333 500 2370 8(
512 2333 675 2371 nostras
686 2335 731 2370 in
744 2333 940 2371 Cometae
952 2333 1084 2372 huius
1096 2334 1386 2382 Longitudine
1398 2335 1719 2377 annotationes,
1736 2332 1962 2370 discrimen

323 2388 533 2434 reperitur
550 2386 609 2432 (vt
625 2388 743 2433 prius
760 2386 864 2432 dixi)
882 2387 934 2424 de
951 2388 1002 2434 ijs
1018 2398 1109 2424 non
1122 2387 1250 2434 plura
1261 2387 1434 2431 addam,
1451 2386 1521 2424 sed
1533 2386 1650 2433 quod
1662 2385 1799 2423 statim
1811 2397 1837 2423 a
1848 2387 1962 2433 prin-

323 2441 436 2486 cipio
457 2439 650 2476 Ianuarii
673 2438 916 2477 differentia
939 2439 1033 2477 haec
1056 2440 1296 2487 plurimum
1316 2444 1539 2488 augeatur,
1563 2441 1622 2477 ita
1642 2444 1685 2476 vt
1708 2438 1749 2476 X
1772 2438 1962 2476 eiusdem

323 2492 391 2529 die
413 2491 805 2539 (quemadmodum
825 2492 952 2539 supra
974 2495 1104 2531 etiam
1124 2493 1334 2539 indicaui)
1354 2492 1678 2540 sesquialterum
1698 2491 1882 2539 gradum
1902 2496 1962 2528 at-

1816 2546 1962 2591 tingat,

2003 806 2033 831 10

2003 1072 2032 1096 15

2000 1337 2033 1362 20

1986 1597 2050 1628 275

1999 1867 2033 1893 30

2000 2134 2033 2159 35

2000 2398 2034 2423 40
