<?xml version="1.0" encoding="UTF-8"?>
<!DOCTYPE html PUBLIC "-//W3C//DTD XHTML 1.0 Transitional//EN"
    "http://www.w3.org/TR/xhtml1/DTD/xhtml1-transitional.dtd">
<html xmlns="http://www.w3.org/1999/xhtml" xml:lang="en" lang="en">
 <head>
  <title>
</title>
<meta http-equiv="Content-Type" content="text/html;charset=utf-8" />
  <meta name='ocr-system' content='tesseract 3.04.00' />
  <meta name='ocr-capabilities' content='ocr_page ocr_carea ocr_par ocr_line ocrx_word'/>
</head>
<body>
  <div class='ocr_page' id='page_1' title='image "./operaomniaedidit04brahuoft/operaomniaedidit04brahuoft_0033.png"; bbox 0 0 2209 3213; ppageno 0'>
   <div class='ocr_carea' id='block_1_1' title="bbox 146 806 175 831">
    <p class='ocr_par' dir='ltr' id='par_1_1' title="bbox 146 806 175 831">
     <span class='ocr_line' id='line_1_1' title="bbox 146 806 175 831; baseline 0 0"><span class='ocrx_word' id='word_1_1' title='bbox 146 806 175 831; x_wconf 86' lang='lat'><strong>10</strong></span> 
     </span>
    </p>
   </div>
   <div class='ocr_carea' id='block_1_2' title="bbox 144 1071 174 1096">
    <p class='ocr_par' dir='ltr' id='par_1_2' title="bbox 144 1071 174 1096">
     <span class='ocr_line' id='line_1_2' title="bbox 144 1071 174 1096; baseline 0 0"><span class='ocrx_word' id='word_1_2' title='bbox 144 1071 174 1096; x_wconf 87' lang='lat'><strong>15</strong></span> 
     </span>
    </p>
   </div>
   <div class='ocr_carea' id='block_1_3' title="bbox 139 1119 177 1150">
    <p class='ocr_par' dir='ltr' id='par_1_3' title="bbox 139 1119 177 1150">
     <span class='ocr_line' id='line_1_3' title="bbox 139 1119 177 1150; baseline 0.026 -1"><span class='ocrx_word' id='word_1_3' title='bbox 139 1119 177 1150; x_wconf 87' lang='grc'><strong>15</strong></span> 
     </span>
    </p>
   </div>
   <div class='ocr_carea' id='block_1_4' title="bbox 140 1337 172 1362">
    <p class='ocr_par' dir='ltr' id='par_1_4' title="bbox 140 1337 172 1362">
     <span class='ocr_line' id='line_1_4' title="bbox 140 1337 172 1362; baseline 0 0"><span class='ocrx_word' id='word_1_4' title='bbox 140 1337 172 1362; x_wconf 83' lang='grc'><strong>20</strong></span> 
     </span>
    </p>
   </div>
   <div class='ocr_carea' id='block_1_5' title="bbox 137 1603 170 1628">
    <p class='ocr_par' dir='ltr' id='par_1_5' title="bbox 137 1603 170 1628">
     <span class='ocr_line' id='line_1_5' title="bbox 137 1603 170 1628; baseline 0 0"><span class='ocrx_word' id='word_1_5' title='bbox 137 1603 170 1628; x_wconf 86' lang='grc'><strong>25</strong></span> 
     </span>
    </p>
   </div>
   <div class='ocr_carea' id='block_1_6' title="bbox 136 1869 169 1894">
    <p class='ocr_par' dir='ltr' id='par_1_6' title="bbox 136 1869 169 1894">
     <span class='ocr_line' id='line_1_6' title="bbox 136 1869 169 1894; baseline 0 0"><span class='ocrx_word' id='word_1_6' title='bbox 136 1869 169 1894; x_wconf 86' lang='grc'><strong>30</strong></span> 
     </span>
    </p>
   </div>
   <div class='ocr_carea' id='block_1_7' title="bbox 137 2180 171 2205">
    <p class='ocr_par' dir='ltr' id='par_1_7' title="bbox 137 2180 171 2205">
     <span class='ocr_line' id='line_1_7' title="bbox 137 2180 171 2205; baseline 0 0"><span class='ocrx_word' id='word_1_7' title='bbox 137 2180 171 2205; x_wconf 85' lang='grc'><strong>35</strong></span> 
     </span>
    </p>
   </div>
   <div class='ocr_carea' id='block_1_8' title="bbox 137 2454 171 2479">
    <p class='ocr_par' dir='ltr' id='par_1_8' title="bbox 137 2454 171 2479">
     <span class='ocr_line' id='line_1_8' title="bbox 137 2454 171 2479; baseline 0 0"><span class='ocrx_word' id='word_1_8' title='bbox 137 2454 171 2479; x_wconf 83' lang='lat'><strong>40</strong></span> 
     </span>
    </p>
   </div>
   <div class='ocr_carea' id='block_1_9' title="bbox 519 208 1859 249">
    <p class='ocr_par' dir='ltr' id='par_1_9' title="bbox 519 208 1859 249">
     <span class='ocr_line' id='line_1_9' title="bbox 519 208 1859 249; baseline 0.001 -3"><span class='ocrx_word' id='word_1_9' title='bbox 519 210 603 247; x_wconf 93' lang='lat' dir='ltr'><strong>DE</strong></span> <span class='ocrx_word' id='word_1_10' title='bbox 624 209 851 247; x_wconf 91' lang='lat' dir='ltr'><strong>MUNDI</strong></span> <span class='ocrx_word' id='word_1_11' title='bbox 871 208 1036 247; x_wconf 90' lang='lat' dir='ltr'>AETH.</span> <span class='ocrx_word' id='word_1_12' title='bbox 1059 210 1326 249; x_wconf 92' lang='lat' dir='ltr'><strong>RECENT.</strong></span> <span class='ocrx_word' id='word_1_13' title='bbox 1348 211 1558 249; x_wconf 89' lang='lat' dir='ltr'><strong>PHAEN.</strong></span> <span class='ocrx_word' id='word_1_14' title='bbox 1818 212 1859 248; x_wconf 87' lang='grc'><strong>21</strong></span> 
     </span>
    </p>
   </div>
   <div class='ocr_carea' id='block_1_10' title="bbox 206 315 1860 2114">
    <p class='ocr_par' dir='ltr' id='par_1_10' title="bbox 212 315 1860 946">
     <span class='ocr_line' id='line_1_10' title="bbox 270 315 1859 365; baseline 0.001 -12"><span class='ocrx_word' id='word_1_15' title='bbox 270 317 339 360; x_wconf 91' lang='lat' dir='ltr'><strong>At,</strong></span> <span class='ocrx_word' id='word_1_16' title='bbox 362 318 466 363; x_wconf 91' lang='lat' dir='ltr'><strong>quia</strong></span> <span class='ocrx_word' id='word_1_17' title='bbox 481 321 584 353; x_wconf 92' lang='lat' dir='ltr'><strong>tunc</strong></span> <span class='ocrx_word' id='word_1_18' title='bbox 599 317 819 362; x_wconf 88' lang='lat' dir='ltr'><strong>temporis,</strong></span> <span class='ocrx_word' id='word_1_19' title='bbox 836 315 1072 354; x_wconf 88' lang='lat' dir='ltr'><strong>Armillare</strong></span> <span class='ocrx_word' id='word_1_20' title='bbox 1088 316 1395 361; x_wconf 85' lang='lat' dir='ltr'><strong>Astrolabium,</strong></span> <span class='ocrx_word' id='word_1_21' title='bbox 1415 329 1503 364; x_wconf 92' lang='lat' dir='ltr'><strong>quo</strong></span> <span class='ocrx_word' id='word_1_22' title='bbox 1520 317 1805 365; x_wconf 86' lang='lat' dir='ltr'>Hipparchus</span> <span class='ocrx_word' id='word_1_23' title='bbox 1822 317 1859 355; x_wconf 83' lang='lat'>&amp;</span> 
     </span>
     <span class='ocr_line' id='line_1_11' title="bbox 216 368 1860 418; baseline 0.001 -12"><span class='ocrx_word' id='word_1_24' title='bbox 216 369 478 407; x_wconf 86' lang='lat' dir='ltr'><strong>Ptolemaeus</strong></span> <span class='ocrx_word' id='word_1_25' title='bbox 502 368 561 406; x_wconf 92' lang='lat' dir='ltr'><strong>vs1</strong></span> <span class='ocrx_word' id='word_1_26' title='bbox 585 368 692 412; x_wconf 87' lang='lat' dir='ltr'><strong>sunt,</strong></span> <span class='ocrx_word' id='word_1_27' title='bbox 719 368 993 406; x_wconf 91' lang='lat' dir='ltr'><strong>elaboratum</strong></span> <span class='ocrx_word' id='word_1_28' title='bbox 1018 369 1073 407; x_wconf 91' lang='lat' dir='ltr'><strong>ad</strong></span> <span class='ocrx_word' id='word_1_29' title='bbox 1098 381 1257 408; x_wconf 92' lang='lat' dir='ltr'><strong>manus</strong></span> <span class='ocrx_word' id='word_1_30' title='bbox 1283 382 1373 407; x_wconf 91' lang='lat' dir='ltr'><strong>non</strong></span> <span class='ocrx_word' id='word_1_31' title='bbox 1399 370 1648 415; x_wconf 83' lang='lat' dir='ltr'><strong>habuimus,</strong></span> <span class='ocrx_word' id='word_1_32' title='bbox 1674 370 1860 418; x_wconf 91' lang='lat' dir='ltr'><strong>idipsum</strong></span> 
     </span>
     <span class='ocr_line' id='line_1_12' title="bbox 215 421 1859 470; baseline 0.001 -10"><span class='ocrx_word' id='word_1_33' title='bbox 215 427 375 466; x_wconf 89' lang='lat' dir='ltr'><strong>tamen,</strong></span> <span class='ocrx_word' id='word_1_34' title='bbox 397 433 473 469; x_wconf 90' lang='lat' dir='ltr'><strong>per</strong></span> <span class='ocrx_word' id='word_1_35' title='bbox 489 421 793 467; x_wconf 85' lang='lat' dir='ltr'><strong>Quadrantem</strong></span> <span class='ocrx_word' id='word_1_36' title='bbox 809 421 1088 459; x_wconf 86' lang='lat' dir='ltr'><strong>Minutorum</strong></span> <span class='ocrx_word' id='word_1_37' title='bbox 1104 422 1371 470; x_wconf 88' lang='lat' dir='ltr'><strong>fingulorum</strong></span> <span class='ocrx_word' id='word_1_38' title='bbox 1388 435 1606 470; x_wconf 85' lang='lat' dir='ltr'>capacem,</span> <span class='ocrx_word' id='word_1_39' title='bbox 1624 424 1859 461; x_wconf 89' lang='lat' dir='ltr'><strong>Horizonti</strong></span> 
     </span>
     <span class='ocr_line' id='line_1_13' title="bbox 215 474 1860 524; baseline 0.001 -12"><span class='ocrx_word' id='word_1_40' title='bbox 215 474 456 512; x_wconf 87' lang='lat' dir='ltr'><strong>Azimutha</strong></span> <span class='ocrx_word' id='word_1_41' title='bbox 480 486 568 512; x_wconf 90' lang='lat' dir='ltr'><strong>vna</strong></span> <span class='ocrx_word' id='word_1_42' title='bbox 596 475 807 521; x_wconf 84' lang='lat' dir='ltr'><strong>praebenti</strong></span> <span class='ocrx_word' id='word_1_43' title='bbox 837 475 1178 519; x_wconf 87' lang='lat' dir='ltr'><strong>conuolubilem,</strong></span> <span class='ocrx_word' id='word_1_44' title='bbox 1209 475 1380 514; x_wconf 86' lang='lat' dir='ltr'><strong>efficere</strong></span> <span class='ocrx_word' id='word_1_45' title='bbox 1411 477 1619 524; x_wconf 90' lang='lat' dir='ltr'><strong>aggressus</strong></span> <span class='ocrx_word' id='word_1_46' title='bbox 1644 477 1749 514; x_wconf 91' lang='lat' dir='ltr'><strong>sum.</strong></span> <span class='ocrx_word' id='word_1_47' title='bbox 1781 477 1860 514; x_wconf 89' lang='lat' dir='ltr'><strong>Per</strong></span> 
     </span>
     <span class='ocr_line' id='line_1_14' title="bbox 215 527 1859 575; baseline 0.001 -10"><span class='ocrx_word' id='word_1_48' title='bbox 215 527 332 566; x_wconf 94' lang='lat' dir='ltr'><strong>hunc</strong></span> <span class='ocrx_word' id='word_1_49' title='bbox 349 530 479 572; x_wconf 91' lang='lat' dir='ltr'><strong>enim,</strong></span> <span class='ocrx_word' id='word_1_50' title='bbox 497 527 742 571; x_wconf 83' lang='lat' dir='ltr'><strong>Stellarum,</strong></span> <span class='ocrx_word' id='word_1_51' title='bbox 760 539 860 565; x_wconf 90' lang='lat' dir='ltr'><strong>cum</strong></span> <span class='ocrx_word' id='word_1_52' title='bbox 877 528 1082 575; x_wconf 83' lang='lat' dir='ltr'><strong>exquisite</strong></span> <span class='ocrx_word' id='word_1_53' title='bbox 1098 531 1144 566; x_wconf 92' lang='lat' dir='ltr'><strong>in</strong></span> <span class='ocrx_word' id='word_1_54' title='bbox 1161 529 1412 567; x_wconf 90' lang='lat' dir='ltr'><strong>Meridiano</strong></span> <span class='ocrx_word' id='word_1_55' title='bbox 1429 530 1566 573; x_wconf 88' lang='lat' dir='ltr'><strong>essent,</strong></span> <span class='ocrx_word' id='word_1_56' title='bbox 1583 530 1859 568; x_wconf 84' lang='lat' dir='ltr'><strong>altitudinem</strong></span> 
     </span>
     <span class='ocr_line' id='line_1_15' title="bbox 214 580 1858 629; baseline 0.001 -10"><span class='ocrx_word' id='word_1_57' title='bbox 214 583 468 625; x_wconf 85' lang='lat' dir='ltr'><strong>maximam,</strong></span> <span class='ocrx_word' id='word_1_58' title='bbox 495 580 720 628; x_wconf 86' lang='lat' dir='ltr'><strong>explorato</strong></span> <span class='ocrx_word' id='word_1_59' title='bbox 746 582 877 618; x_wconf 90' lang='lat' dir='ltr'><strong>etiam</strong></span> <span class='ocrx_word' id='word_1_60' title='bbox 903 586 1019 619; x_wconf 84' lang='lat' dir='ltr'><strong>certo</strong></span> <span class='ocrx_word' id='word_1_61' title='bbox 1043 584 1251 629; x_wconf 90' lang='lat' dir='ltr'><strong>temporis</strong></span> <span class='ocrx_word' id='word_1_62' title='bbox 1276 588 1514 627; x_wconf 89' lang='lat' dir='ltr'><strong>momento,</strong></span> <span class='ocrx_word' id='word_1_63' title='bbox 1544 594 1632 629; x_wconf 91' lang='lat' dir='ltr'><strong>quo</strong></span> <span class='ocrx_word' id='word_1_64' title='bbox 1657 584 1699 621; x_wconf 94' lang='lat' dir='ltr'><strong>id</strong></span> <span class='ocrx_word' id='word_1_65' title='bbox 1724 583 1858 627; x_wconf 87' lang='lat' dir='ltr'><strong>fieret,</strong></span> 
     </span>
     <span class='ocr_line' id='line_1_16' title="bbox 214 633 1858 682; baseline 0.001 -10"><span class='ocrx_word' id='word_1_66' title='bbox 214 633 498 681; x_wconf 91' lang='lat' dir='ltr'><strong>deprehendi;</strong></span> <span class='ocrx_word' id='word_1_67' title='bbox 516 634 653 677; x_wconf 88' lang='lat' dir='ltr'><strong>Vnde,</strong></span> <span class='ocrx_word' id='word_1_68' title='bbox 671 645 693 671; x_wconf 95' lang='lat' dir='ltr'><strong>e</strong></span> <span class='ocrx_word' id='word_1_69' title='bbox 710 633 822 672; x_wconf 92' lang='lat' dir='ltr'><strong>Solis</strong></span> <span class='ocrx_word' id='word_1_70' title='bbox 839 635 970 671; x_wconf 89' lang='lat' dir='ltr'><strong>etiam</strong></span> <span class='ocrx_word' id='word_1_71' title='bbox 986 634 1083 672; x_wconf 94' lang='lat' dir='ltr'><strong>loco</strong></span> <span class='ocrx_word' id='word_1_72' title='bbox 1100 635 1214 679; x_wconf 91' lang='lat' dir='ltr'><strong>dato,</strong></span> <span class='ocrx_word' id='word_1_73' title='bbox 1236 635 1273 673; x_wconf 91' lang='grc'><strong>8(</strong></span> <span class='ocrx_word' id='word_1_74' title='bbox 1294 635 1430 679; x_wconf 88' lang='lat' dir='ltr'><strong>aliter,</strong></span> <span class='ocrx_word' id='word_1_75' title='bbox 1448 647 1582 682; x_wconf 91' lang='lat' dir='ltr'><strong>quam</strong></span> <span class='ocrx_word' id='word_1_76' title='bbox 1598 635 1742 673; x_wconf 88' lang='lat' dir='ltr'><strong>ferunt</strong></span> <span class='ocrx_word' id='word_1_77' title='bbox 1759 636 1858 674; x_wconf 90' lang='lat' dir='ltr'><strong>hac-</strong></span> 
     </span>
     <span class='ocr_line' id='line_1_17' title="bbox 213 686 1860 736; baseline 0.002 -12"><span class='ocrx_word' id='word_1_78' title='bbox 213 692 339 725; x_wconf 92' lang='lat' dir='ltr'><strong>tenus</strong></span> <span class='ocrx_word' id='word_1_79' title='bbox 351 687 567 724; x_wconf 90' lang='lat' dir='ltr'><strong>consuetae</strong></span> <span class='ocrx_word' id='word_1_80' title='bbox 578 686 774 731; x_wconf 86' lang='lat' dir='ltr'><strong>Tabulae,</strong></span> <span class='ocrx_word' id='word_1_81' title='bbox 791 686 991 730; x_wconf 81' lang='lat' dir='ltr'><strong>restituto,</strong></span> <span class='ocrx_word' id='word_1_82' title='bbox 1009 690 1054 725; x_wconf 89' lang='lat' dir='ltr'><strong>in</strong></span> <span class='ocrx_word' id='word_1_83' title='bbox 1070 690 1278 726; x_wconf 89' lang='lat' dir='ltr'><strong>noticiam</strong></span> <span class='ocrx_word' id='word_1_84' title='bbox 1294 688 1597 726; x_wconf 89' lang='lat' dir='ltr'><strong>declinationis</strong></span> <span class='ocrx_word' id='word_1_85' title='bbox 1609 689 1766 732; x_wconf 80' lang='lat' dir='ltr'><strong>Stellae,</strong></span> <span class='ocrx_word' id='word_1_86' title='bbox 1783 701 1860 736; x_wconf 92' lang='lat' dir='ltr'><strong>per</strong></span> 
     </span>
     <span class='ocr_line' id='line_1_18' title="bbox 214 739 1858 789; baseline 0.001 -11"><span class='ocrx_word' id='word_1_87' title='bbox 214 742 431 788; x_wconf 89' lang='lat' dir='ltr'><strong>cognitam</strong></span> <span class='ocrx_word' id='word_1_88' title='bbox 443 739 535 777; x_wconf 90' lang='lat' dir='ltr'><strong>Poli</strong></span> <span class='ocrx_word' id='word_1_89' title='bbox 547 739 890 784; x_wconf 89' lang='lat' dir='ltr'><strong>inclinationem,</strong></span> <span class='ocrx_word' id='word_1_90' title='bbox 907 740 945 777; x_wconf 87' lang='lat'>&amp;</span> <span class='ocrx_word' id='word_1_91' title='bbox 961 739 1121 788; x_wconf 72' lang='lat' dir='ltr'><strong>puncta</strong></span> <span class='ocrx_word' id='word_1_92' title='bbox 1133 741 1312 779; x_wconf 88' lang='lat' dir='ltr'><strong>Zodiaci</strong></span> <span class='ocrx_word' id='word_1_93' title='bbox 1324 741 1362 778; x_wconf 87' lang='lat'>&amp;</span> <span class='ocrx_word' id='word_1_94' title='bbox 1373 741 1640 788; x_wconf 91' lang='lat' dir='ltr'><strong>AEquatoris,</strong></span> <span class='ocrx_word' id='word_1_95' title='bbox 1654 754 1754 779; x_wconf 92' lang='lat' dir='ltr'><strong>cum</strong></span> <span class='ocrx_word' id='word_1_96' title='bbox 1766 745 1858 789; x_wconf 92' lang='lat' dir='ltr'><strong>qui-</strong></span> 
     </span>
     <span class='ocr_line' id='line_1_19' title="bbox 212 792 1857 841; baseline 0.001 -10"><span class='ocrx_word' id='word_1_97' title='bbox 212 793 292 831; x_wconf 92' lang='lat' dir='ltr'><strong>bus</strong></span> <span class='ocrx_word' id='word_1_98' title='bbox 316 792 494 831; x_wconf 87' lang='lat' dir='ltr'><strong>Coelum</strong></span> <span class='ocrx_word' id='word_1_99' title='bbox 518 792 722 840; x_wconf 89' lang='lat' dir='ltr'><strong>quaelibet</strong></span> <span class='ocrx_word' id='word_1_100' title='bbox 744 793 967 836; x_wconf 89' lang='lat' dir='ltr'><strong>mediaret,</strong></span> <span class='ocrx_word' id='word_1_101' title='bbox 993 796 1290 840; x_wconf 84' lang='lat' dir='ltr'><strong>peruenimus,</strong></span> <span class='ocrx_word' id='word_1_102' title='bbox 1316 806 1505 841; x_wconf 91' lang='lat' dir='ltr'><strong>quorum</strong></span> <span class='ocrx_word' id='word_1_103' title='bbox 1529 795 1707 832; x_wconf 90' lang='lat' dir='ltr'><strong>tandem</strong></span> <span class='ocrx_word' id='word_1_104' title='bbox 1729 796 1857 833; x_wconf 92' lang='lat' dir='ltr'><strong>bene-</strong></span> 
     </span>
     <span class='ocr_line' id='line_1_20' title="bbox 212 844 1858 894; baseline 0.002 -11"><span class='ocrx_word' id='word_1_105' title='bbox 212 846 324 890; x_wconf 92' lang='lat' dir='ltr'><strong>ficio,</strong></span> <span class='ocrx_word' id='word_1_106' title='bbox 342 858 364 884; x_wconf 95' lang='lat' dir='ltr'><strong>e</strong></span> <span class='ocrx_word' id='word_1_107' title='bbox 381 845 722 894; x_wconf 90' lang='lat' dir='ltr'><strong>Triangulorum</strong></span> <span class='ocrx_word' id='word_1_108' title='bbox 738 844 945 890; x_wconf 68' lang='lat' dir='ltr'><strong>doc‘trina,</strong></span> <span class='ocrx_word' id='word_1_109' title='bbox 965 847 1283 894; x_wconf 88' lang='lat' dir='ltr'><strong>longitudinem</strong></span> <span class='ocrx_word' id='word_1_110' title='bbox 1299 847 1337 885; x_wconf 90' lang='grc'><strong>8(</strong></span> <span class='ocrx_word' id='word_1_111' title='bbox 1354 848 1629 885; x_wconf 85' lang='lat' dir='ltr'><strong>latitudinem</strong></span> <span class='ocrx_word' id='word_1_112' title='bbox 1645 847 1858 886; x_wconf 61' lang='lat' dir='ltr'><strong>dictarum</strong></span> 
     </span>
     <span class='ocr_line' id='line_1_21' title="bbox 213 899 830 946; baseline -0.003 -8"><span class='ocrx_word' id='word_1_113' title='bbox 213 899 445 938; x_wconf 88' lang='lat' dir='ltr'><strong>Stellarum</strong></span> <span class='ocrx_word' id='word_1_114' title='bbox 460 899 830 946; x_wconf 86' lang='lat' dir='ltr'><strong>inuestigauimus.</strong></span> 
     </span>
    </p>

    <p class='ocr_par' dir='ltr' id='par_1_11' title="bbox 206 952 1856 1745">
     <span class='ocr_line' id='line_1_22' title="bbox 264 952 1856 999; baseline 0.002 -10"><span class='ocrx_word' id='word_1_115' title='bbox 264 953 319 990; x_wconf 89' lang='lat' dir='ltr'><strong>Vt</strong></span> <span class='ocrx_word' id='word_1_116' title='bbox 339 957 487 990; x_wconf 89' lang='lat' dir='ltr'><strong>autem</strong></span> <span class='ocrx_word' id='word_1_117' title='bbox 507 952 580 999; x_wconf 90' lang='lat' dir='ltr'><strong>alij</strong></span> <span class='ocrx_word' id='word_1_118' title='bbox 604 954 807 990; x_wconf 87' lang='lat' dir='ltr'><strong>certiores</strong></span> <span class='ocrx_word' id='word_1_119' title='bbox 828 953 904 990; x_wconf 93' lang='lat' dir='ltr'><strong>esse</strong></span> <span class='ocrx_word' id='word_1_120' title='bbox 922 953 1084 999; x_wconf 91' lang='lat' dir='ltr'><strong>possint,</strong></span> <span class='ocrx_word' id='word_1_121' title='bbox 1105 964 1176 990; x_wconf 92' lang='lat' dir='ltr'><strong>me</strong></span> <span class='ocrx_word' id='word_1_122' title='bbox 1193 965 1284 991; x_wconf 92' lang='lat' dir='ltr'><strong>non</strong></span> <span class='ocrx_word' id='word_1_123' title='bbox 1300 959 1462 991; x_wconf 88' lang='lat' dir='ltr'><strong>temere</strong></span> <span class='ocrx_word' id='word_1_124' title='bbox 1480 965 1633 991; x_wconf 89' lang='lat' dir='ltr'><strong>earum</strong></span> <span class='ocrx_word' id='word_1_125' title='bbox 1649 954 1746 992; x_wconf 93' lang='lat' dir='ltr'><strong>loca</strong></span> <span class='ocrx_word' id='word_1_126' title='bbox 1762 966 1856 992; x_wconf 92' lang='lat' dir='ltr'><strong>mu-</strong></span> 
     </span>
     <span class='ocr_line' id='line_1_23' title="bbox 211 1005 1856 1054; baseline 0.002 -12"><span class='ocrx_word' id='word_1_127' title='bbox 211 1006 319 1050; x_wconf 89' lang='lat' dir='ltr'><strong>tasse,</strong></span> <span class='ocrx_word' id='word_1_128' title='bbox 343 1006 412 1043; x_wconf 90' lang='lat' dir='ltr'><strong>sed</strong></span> <span class='ocrx_word' id='word_1_129' title='bbox 434 1017 487 1043; x_wconf 81' lang='lat' dir='ltr'><strong>ex</strong></span> <span class='ocrx_word' id='word_1_130' title='bbox 508 1005 883 1043; x_wconf 87' lang='lat' dir='ltr'><strong>obseruationibus</strong></span> <span class='ocrx_word' id='word_1_131' title='bbox 906 1006 1211 1053; x_wconf 88' lang='lat' dir='ltr'><strong>peculiaribus,</strong></span> <span class='ocrx_word' id='word_1_132' title='bbox 1235 1018 1311 1054; x_wconf 93' lang='lat' dir='ltr'><strong>per</strong></span> <span class='ocrx_word' id='word_1_133' title='bbox 1334 1007 1747 1044; x_wconf 87' lang='lat' dir='ltr'><strong>demonstrationem</strong></span> <span class='ocrx_word' id='word_1_134' title='bbox 1770 1019 1856 1045; x_wconf 90' lang='lat' dir='ltr'><strong>cer-</strong></span> 
     </span>
     <span class='ocr_line' id='line_1_24' title="bbox 210 1058 1856 1107; baseline 0.001 -11"><span class='ocrx_word' id='word_1_135' title='bbox 210 1064 312 1103; x_wconf 90' lang='lat' dir='ltr'><strong>tam,</strong></span> <span class='ocrx_word' id='word_1_136' title='bbox 329 1061 375 1096; x_wconf 93' lang='lat' dir='ltr'><strong>in</strong></span> <span class='ocrx_word' id='word_1_137' title='bbox 391 1059 556 1096; x_wconf 90' lang='lat' dir='ltr'><strong>debitos</strong></span> <span class='ocrx_word' id='word_1_138' title='bbox 568 1070 777 1103; x_wconf 88' lang='lat' dir='ltr'><strong>numeros</strong></span> <span class='ocrx_word' id='word_1_139' title='bbox 789 1058 999 1106; x_wconf 90' lang='lat' dir='ltr'><strong>redegisse,</strong></span> <span class='ocrx_word' id='word_1_140' title='bbox 1011 1064 1143 1106; x_wconf 90' lang='lat' dir='ltr'><strong>vtque</strong></span> <span class='ocrx_word' id='word_1_141' title='bbox 1155 1059 1287 1097; x_wconf 89' lang='lat' dir='ltr'><strong>huius</strong></span> <span class='ocrx_word' id='word_1_142' title='bbox 1299 1062 1402 1097; x_wconf 90' lang='lat' dir='ltr'><strong>artis</strong></span> <span class='ocrx_word' id='word_1_143' title='bbox 1413 1060 1622 1107; x_wconf 89' lang='lat' dir='ltr'><strong>Tyrones,</strong></span> <span class='ocrx_word' id='word_1_144' title='bbox 1640 1062 1856 1098; x_wconf 89' lang='lat' dir='ltr'><strong>rationem</strong></span> 
     </span>
     <span class='ocr_line' id='line_1_25' title="bbox 211 1108 1856 1161; baseline 0.001 -12"><span class='ocrx_word' id='word_1_145' title='bbox 211 1111 249 1149; x_wconf 91' lang='grc'><strong>8(</strong></span> <span class='ocrx_word' id='word_1_146' title='bbox 265 1112 467 1159; x_wconf 85' lang='lat' dir='ltr'><strong>exempla</strong></span> <span class='ocrx_word' id='word_1_147' title='bbox 480 1113 526 1149; x_wconf 91' lang='lat' dir='ltr'><strong>in</strong></span> <span class='ocrx_word' id='word_1_148' title='bbox 540 1110 768 1158; x_wconf 71' lang='lat' dir='ltr'><strong>conspectu</strong></span> <span class='ocrx_word' id='word_1_149' title='bbox 784 1108 1023 1161; x_wconf 73' lang='lat' dir='ltr'><strong>habe-flant,</strong></span> <span class='ocrx_word' id='word_1_150' title='bbox 1041 1113 1266 1159; x_wconf 90' lang='lat' dir='ltr'><strong>quomodo</strong></span> <span class='ocrx_word' id='word_1_151' title='bbox 1279 1124 1331 1150; x_wconf 87' lang='lat' dir='ltr'><strong>ex</strong></span> <span class='ocrx_word' id='word_1_152' title='bbox 1344 1113 1445 1151; x_wconf 88' lang='lat' dir='ltr'><strong>data</strong></span> <span class='ocrx_word' id='word_1_153' title='bbox 1456 1113 1698 1151; x_wconf 87' lang='lat' dir='ltr'><strong>Altitudine</strong></span> <span class='ocrx_word' id='word_1_154' title='bbox 1711 1114 1856 1152; x_wconf 76' lang='lat' dir='ltr'><strong>Stellae</strong></span> 
     </span>
     <span class='ocr_line' id='line_1_26' title="bbox 210 1164 1856 1214; baseline 0.001 -12"><span class='ocrx_word' id='word_1_155' title='bbox 210 1167 417 1209; x_wconf 86' lang='lat' dir='ltr'><strong>maxima,</strong></span> <span class='ocrx_word' id='word_1_156' title='bbox 440 1170 724 1212; x_wconf 91' lang='lat' dir='ltr'><strong>temporeque</strong></span> <span class='ocrx_word' id='word_1_157' title='bbox 745 1164 945 1202; x_wconf 82' lang='lat' dir='ltr'><strong>transitus</strong></span> <span class='ocrx_word' id='word_1_158' title='bbox 967 1177 1044 1213; x_wconf 91' lang='lat' dir='ltr'><strong>per</strong></span> <span class='ocrx_word' id='word_1_159' title='bbox 1065 1166 1367 1204; x_wconf 90' lang='lat' dir='ltr'><strong>Meridianum</strong></span> <span class='ocrx_word' id='word_1_160' title='bbox 1389 1168 1574 1214; x_wconf 88' lang='lat' dir='ltr'><strong>cognito,</strong></span> <span class='ocrx_word' id='word_1_161' title='bbox 1598 1166 1700 1204; x_wconf 92' lang='lat' dir='ltr'><strong>dato</strong></span> <span class='ocrx_word' id='word_1_162' title='bbox 1724 1169 1856 1204; x_wconf 87' lang='lat' dir='ltr'><strong>etiam</strong></span> 
     </span>
     <span class='ocr_line' id='line_1_27' title="bbox 210 1217 1855 1264; baseline 0.002 -9"><span class='ocrx_word' id='word_1_163' title='bbox 210 1218 307 1256; x_wconf 94' lang='lat' dir='ltr'><strong>loco</strong></span> <span class='ocrx_word' id='word_1_164' title='bbox 332 1218 457 1262; x_wconf 86' lang='lat' dir='ltr'><strong>Solis,</strong></span> <span class='ocrx_word' id='word_1_165' title='bbox 483 1217 521 1255; x_wconf 91' lang='grc'><strong>8(</strong></span> <span class='ocrx_word' id='word_1_166' title='bbox 546 1218 639 1255; x_wconf 92' lang='lat' dir='ltr'><strong>Poli</strong></span> <span class='ocrx_word' id='word_1_167' title='bbox 664 1218 924 1261; x_wconf 85' lang='lat' dir='ltr'><strong>eleuatione,</strong></span> <span class='ocrx_word' id='word_1_168' title='bbox 955 1218 1054 1256; x_wconf 86' lang='lat' dir='ltr'><strong>fitus</strong></span> <span class='ocrx_word' id='word_1_169' title='bbox 1080 1218 1316 1256; x_wconf 87' lang='lat' dir='ltr'><strong>affixarum</strong></span> <span class='ocrx_word' id='word_1_170' title='bbox 1341 1219 1587 1264; x_wconf 90' lang='lat' dir='ltr'><strong>Stellarum,</strong></span> <span class='ocrx_word' id='word_1_171' title='bbox 1617 1220 1855 1258; x_wconf 86' lang='lat' dir='ltr'><strong>secundum</strong></span> 
     </span>
     <span class='ocr_line' id='line_1_28' title="bbox 209 1271 1855 1321; baseline 0.002 -13"><span class='ocrx_word' id='word_1_172' title='bbox 209 1271 527 1319; x_wconf 87' lang='lat' dir='ltr'><strong>longitudinem</strong></span> <span class='ocrx_word' id='word_1_173' title='bbox 544 1271 582 1308; x_wconf 85' lang='lat'>&amp;</span> <span class='ocrx_word' id='word_1_174' title='bbox 597 1271 885 1315; x_wconf 89' lang='lat' dir='ltr'><strong>latitudinem,</strong></span> <span class='ocrx_word' id='word_1_175' title='bbox 902 1272 1193 1316; x_wconf 81' lang='lat' dir='ltr'><strong>restituantur;</strong></span> <span class='ocrx_word' id='word_1_176' title='bbox 1210 1273 1341 1319; x_wconf 87' lang='lat' dir='ltr'><strong>idque</strong></span> <span class='ocrx_word' id='word_1_177' title='bbox 1358 1272 1541 1310; x_wconf 87' lang='lat' dir='ltr'><strong>faciliori</strong></span> <span class='ocrx_word' id='word_1_178' title='bbox 1554 1273 1591 1310; x_wconf 88' lang='grc'><strong>8(</strong></span> <span class='ocrx_word' id='word_1_179' title='bbox 1603 1275 1750 1311; x_wconf 89' lang='lat' dir='ltr'><strong>minus</strong></span> <span class='ocrx_word' id='word_1_180' title='bbox 1762 1285 1855 1321; x_wconf 89' lang='lat' dir='ltr'><strong>per-</strong></span> 
     </span>
     <span class='ocr_line' id='line_1_29' title="bbox 209 1324 1854 1374; baseline 0.001 -12"><span class='ocrx_word' id='word_1_181' title='bbox 209 1324 338 1372; x_wconf 89' lang='lat' dir='ltr'><strong>plexa</strong></span> <span class='ocrx_word' id='word_1_182' title='bbox 358 1326 539 1369; x_wconf 89' lang='lat' dir='ltr'><strong>ratione,</strong></span> <span class='ocrx_word' id='word_1_183' title='bbox 564 1336 699 1372; x_wconf 90' lang='lat' dir='ltr'><strong>quam</strong></span> <span class='ocrx_word' id='word_1_184' title='bbox 719 1325 773 1362; x_wconf 92' lang='lat' dir='ltr'><strong>ab</strong></span> <span class='ocrx_word' id='word_1_185' title='bbox 794 1325 1125 1363; x_wconf 88' lang='lat' dir='ltr'><strong>antecessoribus</strong></span> <span class='ocrx_word' id='word_1_186' title='bbox 1146 1325 1309 1370; x_wconf 82' lang='lat' dir='ltr'><strong>nostris,</strong></span> <span class='ocrx_word' id='word_1_187' title='bbox 1333 1328 1378 1363; x_wconf 92' lang='lat' dir='ltr'><strong>in</strong></span> <span class='ocrx_word' id='word_1_188' title='bbox 1399 1326 1482 1363; x_wconf 91' lang='lat' dir='ltr'><strong>hoc</strong></span> <span class='ocrx_word' id='word_1_189' title='bbox 1504 1326 1659 1364; x_wconf 92' lang='lat' dir='ltr'><strong>eodem</strong></span> <span class='ocrx_word' id='word_1_190' title='bbox 1681 1329 1854 1374; x_wconf 90' lang='lat' dir='ltr'><strong>negotio</strong></span> 
     </span>
     <span class='ocr_line' id='line_1_30' title="bbox 209 1377 1854 1426; baseline 0.001 -11"><span class='ocrx_word' id='word_1_191' title='bbox 209 1377 449 1416; x_wconf 70' lang='lat' dir='ltr'><strong>factitatum</strong></span> <span class='ocrx_word' id='word_1_192' title='bbox 465 1377 531 1422; x_wconf 86' lang='lat' dir='ltr'><strong>est,</strong></span> <span class='ocrx_word' id='word_1_193' title='bbox 548 1383 685 1415; x_wconf 90' lang='lat' dir='ltr'><strong>totam</strong></span> <span class='ocrx_word' id='word_1_194' title='bbox 700 1377 815 1416; x_wconf 88' lang='lat' dir='ltr'><strong>hanc</strong></span> <span class='ocrx_word' id='word_1_195' title='bbox 831 1380 1133 1425; x_wconf 85' lang='lat' dir='ltr'><strong>pragmatiam,</strong></span> <span class='ocrx_word' id='word_1_196' title='bbox 1154 1381 1200 1416; x_wconf 91' lang='lat' dir='ltr'><strong>in</strong></span> <span class='ocrx_word' id='word_1_197' title='bbox 1216 1379 1390 1426; x_wconf 84' lang='lat' dir='ltr'><strong>singulis</strong></span> <span class='ocrx_word' id='word_1_198' title='bbox 1407 1379 1561 1423; x_wconf 87' lang='lat' dir='ltr'><strong>Stellis,</strong></span> <span class='ocrx_word' id='word_1_199' title='bbox 1583 1380 1854 1418; x_wconf 91' lang='lat' dir='ltr'><strong>enucleatius</strong></span> 
     </span>
     <span class='ocr_line' id='line_1_31' title="bbox 209 1431 1854 1480; baseline 0.002 -12"><span class='ocrx_word' id='word_1_200' title='bbox 209 1431 346 1469; x_wconf 91' lang='lat' dir='ltr'><strong>oculis</strong></span> <span class='ocrx_word' id='word_1_201' title='bbox 366 1442 625 1478; x_wconf 91' lang='lat' dir='ltr'><strong>proponam.</strong></span> <span class='ocrx_word' id='word_1_202' title='bbox 649 1431 713 1468; x_wconf 86' lang='lat' dir='ltr'><strong>Ex</strong></span> <span class='ocrx_word' id='word_1_203' title='bbox 733 1431 834 1469; x_wconf 82' lang='lat' dir='ltr'><strong>data</strong></span> <span class='ocrx_word' id='word_1_204' title='bbox 854 1436 1002 1469; x_wconf 88' lang='lat' dir='ltr'><strong>autem</strong></span> <span class='ocrx_word' id='word_1_205' title='bbox 1018 1431 1246 1470; x_wconf 88' lang='lat' dir='ltr'><strong>altitudine</strong></span> <span class='ocrx_word' id='word_1_206' title='bbox 1264 1432 1527 1476; x_wconf 89' lang='lat' dir='ltr'><strong>Meridiana,</strong></span> <span class='ocrx_word' id='word_1_207' title='bbox 1545 1432 1583 1470; x_wconf 92' lang='grc'><strong>8(</strong></span> <span class='ocrx_word' id='word_1_208' title='bbox 1599 1433 1854 1480; x_wconf 88' lang='lat' dir='ltr'><strong>AEquatoris</strong></span> 
     </span>
     <span class='ocr_line' id='line_1_32' title="bbox 208 1484 1852 1533; baseline 0.002 -12"><span class='ocrx_word' id='word_1_209' title='bbox 208 1496 285 1531; x_wconf 89' lang='lat' dir='ltr'><strong>per</strong></span> <span class='ocrx_word' id='word_1_210' title='bbox 306 1484 399 1522; x_wconf 90' lang='lat' dir='ltr'><strong>Poli</strong></span> <span class='ocrx_word' id='word_1_211' title='bbox 422 1484 717 1522; x_wconf 89' lang='lat' dir='ltr'><strong>eleuationem</strong></span> <span class='ocrx_word' id='word_1_212' title='bbox 739 1484 1024 1522; x_wconf 89' lang='lat' dir='ltr'><strong>inclinatione</strong></span> <span class='ocrx_word' id='word_1_213' title='bbox 1047 1487 1231 1533; x_wconf 83' lang='lat' dir='ltr'><strong>cognita,</strong></span> <span class='ocrx_word' id='word_1_214' title='bbox 1257 1485 1402 1523; x_wconf 87' lang='lat' dir='ltr'><strong>Stellae</strong></span> <span class='ocrx_word' id='word_1_215' title='bbox 1426 1486 1764 1524; x_wconf 83' lang='lat' dir='ltr'><strong>declinationem</strong></span> <span class='ocrx_word' id='word_1_216' title='bbox 1789 1489 1852 1524; x_wconf 90' lang='lat' dir='ltr'><strong>in-</strong></span> 
     </span>
     <span class='ocr_line' id='line_1_33' title="bbox 208 1537 1852 1585; baseline 0.001 -10"><span class='ocrx_word' id='word_1_217' title='bbox 208 1537 438 1581; x_wconf 86' lang='lat' dir='ltr'><strong>notescere,</strong></span> <span class='ocrx_word' id='word_1_218' title='bbox 461 1542 500 1575; x_wconf 87' lang='lat' dir='ltr'><strong>et</strong></span> <span class='ocrx_word' id='word_1_219' title='bbox 522 1549 574 1575; x_wconf 85' lang='lat' dir='ltr'><strong>ex</strong></span> <span class='ocrx_word' id='word_1_220' title='bbox 594 1543 802 1584; x_wconf 90' lang='lat' dir='ltr'><strong>tempore,</strong></span> <span class='ocrx_word' id='word_1_221' title='bbox 825 1549 913 1585; x_wconf 93' lang='lat' dir='ltr'><strong>quo</strong></span> <span class='ocrx_word' id='word_1_222' title='bbox 931 1538 1109 1576; x_wconf 90' lang='lat' dir='ltr'><strong>Coelum</strong></span> <span class='ocrx_word' id='word_1_223' title='bbox 1128 1538 1285 1583; x_wconf 81' lang='lat' dir='ltr'><strong>transit,</strong></span> <span class='ocrx_word' id='word_1_224' title='bbox 1307 1538 1493 1585; x_wconf 88' lang='lat' dir='ltr'><strong>locoque</strong></span> <span class='ocrx_word' id='word_1_225' title='bbox 1510 1539 1622 1577; x_wconf 91' lang='lat' dir='ltr'><strong>Solis</strong></span> <span class='ocrx_word' id='word_1_226' title='bbox 1638 1545 1756 1581; x_wconf 87' lang='lat' dir='ltr'><strong>noto,</strong></span> <span class='ocrx_word' id='word_1_227' title='bbox 1778 1540 1852 1577; x_wconf 88' lang='lat' dir='ltr'><strong>As-</strong></span> 
     </span>
     <span class='ocr_line' id='line_1_34' title="bbox 208 1589 1852 1641; baseline 0.001 -13"><span class='ocrx_word' id='word_1_228' title='bbox 208 1590 716 1638; x_wconf 87' lang='lat' dir='ltr'><strong>cenfionemAEquatoris</strong></span> <span class='ocrx_word' id='word_1_229' title='bbox 727 1589 889 1628; x_wconf 67' lang='lat' dir='ltr'><strong>rectam</strong></span> <span class='ocrx_word' id='word_1_230' title='bbox 901 1591 1322 1639; x_wconf 83' lang='lat' dir='ltr'><strong>correspondentem,</strong></span> <span class='ocrx_word' id='word_1_231' title='bbox 1332 1604 1420 1630; x_wconf 92' lang='lat' dir='ltr'><strong>vna</strong></span> <span class='ocrx_word' id='word_1_232' title='bbox 1432 1604 1532 1630; x_wconf 93' lang='lat' dir='ltr'><strong>cum</strong></span> <span class='ocrx_word' id='word_1_233' title='bbox 1544 1591 1704 1639; x_wconf 74' lang='lat' dir='ltr'><strong>punc&#39;to</strong></span> <span class='ocrx_word' id='word_1_234' title='bbox 1715 1593 1852 1641; x_wconf 87' lang='lat' dir='ltr'><strong>Eclip-</strong></span> 
     </span>
     <span class='ocr_line' id='line_1_35' title="bbox 207 1644 1856 1692; baseline 0.002 -11"><span class='ocrx_word' id='word_1_235' title='bbox 207 1646 303 1682; x_wconf 86' lang='lat' dir='ltr'><strong>ticae</strong></span> <span class='ocrx_word' id='word_1_236' title='bbox 319 1644 422 1681; x_wconf 92' lang='lat' dir='ltr'><strong>huic</strong></span> <span class='ocrx_word' id='word_1_237' title='bbox 438 1644 640 1692; x_wconf 89' lang='lat' dir='ltr'><strong>analogo,</strong></span> <span class='ocrx_word' id='word_1_238' title='bbox 657 1644 847 1682; x_wconf 90' lang='lat' dir='ltr'><strong>dabilem</strong></span> <span class='ocrx_word' id='word_1_239' title='bbox 864 1645 953 1689; x_wconf 89' lang='lat' dir='ltr'><strong>esse,</strong></span> <span class='ocrx_word' id='word_1_240' title='bbox 971 1647 1124 1688; x_wconf 87' lang='lat' dir='ltr'><strong>cuiuis,</strong></span> <span class='ocrx_word' id='word_1_241' title='bbox 1141 1647 1216 1692; x_wconf 93' lang='lat' dir='ltr'><strong>qui</strong></span> <span class='ocrx_word' id='word_1_242' title='bbox 1232 1647 1382 1692; x_wconf 88' lang='lat' dir='ltr'><strong>primis</strong></span> <span class='ocrx_word' id='word_1_243' title='bbox 1400 1647 1531 1683; x_wconf 90' lang='lat' dir='ltr'><strong>etiam</strong></span> <span class='ocrx_word' id='word_1_244' title='bbox 1549 1646 1680 1683; x_wconf 91' lang='lat' dir='ltr'><strong>labris</strong></span> <span class='ocrx_word' id='word_1_245' title='bbox 1696 1646 1856 1684; x_wconf 88' lang='lat' dir='ltr'><strong>Praxin</strong></span> 
     </span>
     <span class='ocr_line' id='line_1_36' title="bbox 206 1697 1145 1745; baseline 0.001 -11"><span class='ocrx_word' id='word_1_246' title='bbox 206 1697 557 1735; x_wconf 84' lang='lat' dir='ltr'><strong>Astronomicam</strong></span> <span class='ocrx_word' id='word_1_247' title='bbox 573 1699 720 1745; x_wconf 87' lang='lat' dir='ltr'><strong>attigit,</strong></span> <span class='ocrx_word' id='word_1_248' title='bbox 738 1699 959 1745; x_wconf 86' lang='lat' dir='ltr'><strong>cognitum</strong></span> <span class='ocrx_word' id='word_1_249' title='bbox 976 1700 1145 1745; x_wconf 90' lang='lat' dir='ltr'><strong>opinor.</strong></span> 
     </span>
    </p>

    <p class='ocr_par' dir='ltr' id='par_1_12' title="bbox 206 1750 1856 2114">
     <span class='ocr_line' id='line_1_37' title="bbox 260 1750 1855 1799; baseline 0.002 -12"><span class='ocrx_word' id='word_1_250' title='bbox 260 1750 392 1788; x_wconf 92' lang='lat' dir='ltr'><strong>Nunc</strong></span> <span class='ocrx_word' id='word_1_251' title='bbox 407 1752 567 1797; x_wconf 89' lang='lat' dir='ltr'><strong>itaque,</strong></span> <span class='ocrx_word' id='word_1_252' title='bbox 585 1750 809 1797; x_wconf 92' lang='lat' dir='ltr'><strong>quomodo</strong></span> <span class='ocrx_word' id='word_1_253' title='bbox 826 1750 894 1788; x_wconf 93' lang='lat' dir='ltr'><strong>his</strong></span> <span class='ocrx_word' id='word_1_254' title='bbox 910 1751 1207 1789; x_wconf 85' lang='lat' dir='ltr'><strong>fundamentis</strong></span> <span class='ocrx_word' id='word_1_255' title='bbox 1223 1750 1356 1795; x_wconf 67' lang='lat' dir='ltr'><strong>iactis,</strong></span> <span class='ocrx_word' id='word_1_256' title='bbox 1373 1752 1691 1799; x_wconf 89' lang='lat' dir='ltr'><strong>longitudinem</strong></span> <span class='ocrx_word' id='word_1_257' title='bbox 1709 1752 1746 1790; x_wconf 89' lang='grc'><strong>8(</strong></span> <span class='ocrx_word' id='word_1_258' title='bbox 1762 1753 1855 1791; x_wconf 88' lang='lat' dir='ltr'><strong>lati-</strong></span> 
     </span>
     <span class='ocr_line' id='line_1_38' title="bbox 206 1803 1855 1853; baseline 0.001 -12"><span class='ocrx_word' id='word_1_259' title='bbox 206 1804 404 1841; x_wconf 91' lang='lat' dir='ltr'><strong>tudinem</strong></span> <span class='ocrx_word' id='word_1_260' title='bbox 427 1803 672 1848; x_wconf 86' lang='lat' dir='ltr'><strong>Stellarum,</strong></span> <span class='ocrx_word' id='word_1_261' title='bbox 697 1804 855 1851; x_wconf 92' lang='lat' dir='ltr'><strong>quibus</strong></span> <span class='ocrx_word' id='word_1_262' title='bbox 878 1806 924 1841; x_wconf 92' lang='lat' dir='ltr'><strong>in</strong></span> <span class='ocrx_word' id='word_1_263' title='bbox 946 1804 1079 1842; x_wconf 91' lang='lat' dir='ltr'><strong>huius</strong></span> <span class='ocrx_word' id='word_1_264' title='bbox 1101 1804 1299 1843; x_wconf 86' lang='lat' dir='ltr'><strong>Cometae</strong></span> <span class='ocrx_word' id='word_1_265' title='bbox 1321 1805 1446 1842; x_wconf 87' lang='lat' dir='ltr'><strong>cursu</strong></span> <span class='ocrx_word' id='word_1_266' title='bbox 1469 1805 1720 1852; x_wconf 90' lang='lat' dir='ltr'><strong>indagando</strong></span> <span class='ocrx_word' id='word_1_267' title='bbox 1744 1818 1855 1853; x_wconf 90' lang='lat' dir='ltr'><strong>opus</strong></span> 
     </span>
     <span class='ocr_line' id='line_1_39' title="bbox 208 1856 1855 1904; baseline 0.002 -10"><span class='ocrx_word' id='word_1_268' title='bbox 208 1862 311 1901; x_wconf 83' lang='lat' dir='ltr'><strong>erat,</strong></span> <span class='ocrx_word' id='word_1_269' title='bbox 342 1868 395 1894; x_wconf 85' lang='lat' dir='ltr'><strong>ex</strong></span> <span class='ocrx_word' id='word_1_270' title='bbox 419 1856 761 1904; x_wconf 89' lang='lat' dir='ltr'><strong>Triangulorum</strong></span> <span class='ocrx_word' id='word_1_271' title='bbox 786 1856 1112 1904; x_wconf 87' lang='lat' dir='ltr'><strong>Sphaericorum</strong></span> <span class='ocrx_word' id='word_1_272' title='bbox 1142 1860 1324 1901; x_wconf 88' lang='lat' dir='ltr'><strong>ratione,</strong></span> <span class='ocrx_word' id='word_1_273' title='bbox 1355 1859 1748 1897; x_wconf 86' lang='lat' dir='ltr'><strong>interuenientibus</strong></span> <span class='ocrx_word' id='word_1_274' title='bbox 1776 1872 1855 1897; x_wconf 92' lang='lat' dir='ltr'><strong>nu-</strong></span> 
     </span>
     <span class='ocr_line' id='line_1_40' title="bbox 206 1910 1856 1954; baseline 0.002 -7"><span class='ocrx_word' id='word_1_275' title='bbox 206 1912 350 1954; x_wconf 89' lang='lat' dir='ltr'><strong>meris,</strong></span> <span class='ocrx_word' id='word_1_276' title='bbox 367 1910 740 1954; x_wconf 85' lang='lat' dir='ltr'><strong>adinuenerimus,</strong></span> <span class='ocrx_word' id='word_1_277' title='bbox 758 1910 911 1948; x_wconf 89' lang='lat' dir='ltr'><strong>ordine</strong></span> <span class='ocrx_word' id='word_1_278' title='bbox 927 1911 1174 1954; x_wconf 84' lang='lat' dir='ltr'><strong>recensebo;</strong></span> <span class='ocrx_word' id='word_1_279' title='bbox 1191 1910 1303 1949; x_wconf 72' lang='lat' dir='ltr'><strong>facto</strong></span> <span class='ocrx_word' id='word_1_280' title='bbox 1320 1913 1444 1949; x_wconf 90' lang='lat' dir='ltr'><strong>initio</strong></span> <span class='ocrx_word' id='word_1_281' title='bbox 1461 1923 1487 1949; x_wconf 90' lang='lat' dir='ltr'><strong>a</strong></span> <span class='ocrx_word' id='word_1_282' title='bbox 1503 1911 1648 1949; x_wconf 90' lang='lat' dir='ltr'><strong>lucida</strong></span> <span class='ocrx_word' id='word_1_283' title='bbox 1659 1912 1856 1950; x_wconf 91' lang='lat' dir='ltr'><strong>Vulturis</strong></span> 
     </span>
     <span class='ocr_line' id='line_1_41' title="bbox 206 1963 1854 2013; baseline 0.001 -12"><span class='ocrx_word' id='word_1_284' title='bbox 206 1963 407 2007; x_wconf 89' lang='lat' dir='ltr'><strong>volantis,</strong></span> <span class='ocrx_word' id='word_1_285' title='bbox 429 1968 642 2011; x_wconf 87' lang='lat' dir='ltr'><strong>tanquam</strong></span> <span class='ocrx_word' id='word_1_286' title='bbox 659 1963 792 2001; x_wconf 90' lang='lat' dir='ltr'><strong>Stella</strong></span> <span class='ocrx_word' id='word_1_287' title='bbox 811 1963 901 2001; x_wconf 88' lang='lat' dir='ltr'><strong>fixa</strong></span> <span class='ocrx_word' id='word_1_288' title='bbox 921 1966 1143 2011; x_wconf 90' lang='lat' dir='ltr'><strong>primaria,</strong></span> <span class='ocrx_word' id='word_1_289' title='bbox 1165 1964 1203 2002; x_wconf 91' lang='grc'><strong>8(</strong></span> <span class='ocrx_word' id='word_1_290' title='bbox 1223 1965 1524 2012; x_wconf 86' lang='lat' dir='ltr'><strong>magnitudine</strong></span> <span class='ocrx_word' id='word_1_291' title='bbox 1546 1970 1725 2003; x_wconf 84' lang='lat' dir='ltr'><strong>caeteras</strong></span> <span class='ocrx_word' id='word_1_292' title='bbox 1746 1977 1854 2013; x_wconf 83' lang='lat' dir='ltr'><strong>prae-</strong></span> 
     </span>
     <span class='ocr_line' id='line_1_42' title="bbox 208 2016 1854 2066; baseline 0.002 -12"><span class='ocrx_word' id='word_1_293' title='bbox 208 2016 401 2061; x_wconf 89' lang='lat' dir='ltr'><strong>cellente‚</strong></span> <span class='ocrx_word' id='word_1_294' title='bbox 418 2018 542 2054; x_wconf 91' lang='lat' dir='ltr'><strong>cuius</strong></span> <span class='ocrx_word' id='word_1_295' title='bbox 559 2019 690 2055; x_wconf 90' lang='lat' dir='ltr'><strong>etiam</strong></span> <span class='ocrx_word' id='word_1_296' title='bbox 706 2016 933 2064; x_wconf 90' lang='lat' dir='ltr'><strong>plurimus,</strong></span> <span class='ocrx_word' id='word_1_297' title='bbox 950 2019 996 2055; x_wconf 87' lang='lat' dir='ltr'><strong>in</strong></span> <span class='ocrx_word' id='word_1_298' title='bbox 1010 2017 1217 2066; x_wconf 86' lang='lat' dir='ltr'><strong>distantijs</strong></span> <span class='ocrx_word' id='word_1_299' title='bbox 1230 2017 1428 2056; x_wconf 85' lang='lat' dir='ltr'><strong>Cometae</strong></span> <span class='ocrx_word' id='word_1_300' title='bbox 1440 2019 1702 2065; x_wconf 86' lang='lat' dir='ltr'><strong>praecedenti</strong></span> <span class='ocrx_word' id='word_1_301' title='bbox 1715 2021 1854 2066; x_wconf 91' lang='lat' dir='ltr'><strong>capite</strong></span> 
     </span>
     <span class='ocr_line' id='line_1_43' title="bbox 208 2069 808 2114; baseline 0.002 -7"><span class='ocrx_word' id='word_1_302' title='bbox 208 2072 574 2114; x_wconf 88' lang='lat' dir='ltr'><strong>commemoratis,</strong></span> <span class='ocrx_word' id='word_1_303' title='bbox 590 2069 688 2108; x_wconf 92' lang='lat' dir='ltr'><strong>vsus</strong></span> <span class='ocrx_word' id='word_1_304' title='bbox 705 2075 808 2108; x_wconf 90' lang='lat' dir='ltr'><strong>erat.</strong></span> 
     </span>
    </p>
   </div>
   <div class='ocr_carea' id='block_1_11' title="bbox 478 2167 1589 2207">
    <p class='ocr_par' dir='ltr' id='par_1_13' title="bbox 478 2167 1589 2207">
     <span class='ocr_line' id='line_1_44' title="bbox 478 2167 1589 2207; baseline 0.001 -2"><span class='ocrx_word' id='word_1_305' title='bbox 478 2167 708 2206; x_wconf 90' lang='lat' dir='ltr'><strong>LUCIDA</strong></span> <span class='ocrx_word' id='word_1_306' title='bbox 724 2167 1016 2206; x_wconf 91' lang='lat' dir='ltr'><strong>VULTURIS</strong></span> <span class='ocrx_word' id='word_1_307' title='bbox 1036 2168 1336 2206; x_wconf 89' lang='lat' dir='ltr'><strong>VOLANTIS</strong></span> <span class='ocrx_word' id='word_1_308' title='bbox 1357 2168 1589 2207; x_wconf 87' lang='lat' dir='ltr'><strong>STELLA.</strong></span> 
     </span>
    </p>
   </div>
   <div class='ocr_carea' id='block_1_12' title="bbox 208 2228 1855 2491">
    <p class='ocr_par' dir='ltr' id='par_1_14' title="bbox 208 2228 1855 2491">
     <span class='ocr_line' id='line_1_45' title="bbox 323 2228 1855 2279; baseline 0.002 -13"><span class='ocrx_word' id='word_1_309' title='bbox 323 2228 420 2267; x_wconf 89' lang='lat' dir='ltr'><strong>AEC</strong></span> <span class='ocrx_word' id='word_1_310' title='bbox 441 2229 586 2274; x_wconf 88' lang='lat' dir='ltr'><strong>Stella,</strong></span> <span class='ocrx_word' id='word_1_311' title='bbox 610 2241 711 2276; x_wconf 89' lang='lat' dir='ltr'><strong>quae</strong></span> <span class='ocrx_word' id='word_1_312' title='bbox 732 2229 787 2267; x_wconf 86' lang='lat' dir='ltr'><strong>est</strong></span> <span class='ocrx_word' id='word_1_313' title='bbox 807 2230 954 2268; x_wconf 89' lang='lat' dir='ltr'><strong>media</strong></span> <span class='ocrx_word' id='word_1_314' title='bbox 974 2229 1012 2267; x_wconf 94' lang='grc'><strong>8(</strong></span> <span class='ocrx_word' id='word_1_315' title='bbox 1033 2230 1218 2268; x_wconf 90' lang='lat' dir='ltr'><strong>lucidior</strong></span> <span class='ocrx_word' id='word_1_316' title='bbox 1237 2232 1369 2268; x_wconf 87' lang='lat' dir='ltr'><strong>trium</strong></span> <span class='ocrx_word' id='word_1_317' title='bbox 1390 2233 1435 2268; x_wconf 92' lang='lat' dir='ltr'><strong>in</strong></span> <span class='ocrx_word' id='word_1_318' title='bbox 1456 2243 1638 2279; x_wconf 91' lang='lat' dir='ltr'><strong>corpore</strong></span> <span class='ocrx_word' id='word_1_319' title='bbox 1659 2232 1855 2270; x_wconf 90' lang='lat' dir='ltr'><strong>Vulturis</strong></span> 
     </span>
     <span class='ocr_line' id='line_1_46' title="bbox 336 2282 1854 2330; baseline 0.003 -11"><span class='ocrx_word' id='word_1_320' title='bbox 336 2282 537 2327; x_wconf 92' lang='lat' dir='ltr'><strong>volantis,</strong></span> <span class='ocrx_word' id='word_1_321' title='bbox 559 2282 829 2330; x_wconf 91' lang='lat' dir='ltr'><strong>deprehensa</strong></span> <span class='ocrx_word' id='word_1_322' title='bbox 847 2283 902 2321; x_wconf 90' lang='lat' dir='ltr'><strong>est</strong></span> <span class='ocrx_word' id='word_1_323' title='bbox 918 2295 943 2321; x_wconf 92' lang='lat' dir='ltr'><strong>a</strong></span> <span class='ocrx_word' id='word_1_324' title='bbox 959 2295 1030 2321; x_wconf 93' lang='lat' dir='ltr'><strong>me</strong></span> <span class='ocrx_word' id='word_1_325' title='bbox 1047 2286 1260 2321; x_wconf 87' lang='lat' dir='ltr'><strong>accuratis</strong></span> <span class='ocrx_word' id='word_1_326' title='bbox 1282 2284 1670 2329; x_wconf 90' lang='lat' dir='ltr'><strong>obseruationibus,</strong></span> <span class='ocrx_word' id='word_1_327' title='bbox 1692 2284 1854 2323; x_wconf 93' lang='lat' dir='ltr'><strong>habere</strong></span> 
     </span>
     <span class='ocr_line' id='line_1_47' title="bbox 208 2335 1853 2383; baseline 0.002 -11"><span class='ocrx_word' id='word_1_328' title='bbox 208 2335 558 2379; x_wconf 87' lang='lat' dir='ltr'><strong>declinationem,</strong></span> <span class='ocrx_word' id='word_1_329' title='bbox 571 2336 613 2373; x_wconf 92' lang='lat' dir='ltr'><strong>P.</strong></span> <span class='ocrx_word' id='word_1_330' title='bbox 624 2337 660 2374; x_wconf 91' lang='lat'><strong>7.</strong></span> <span class='ocrx_word' id='word_1_331' title='bbox 674 2336 737 2374; x_wconf 92' lang='lat' dir='ltr'><strong>M.</strong></span> <span class='ocrx_word' id='word_1_332' title='bbox 748 2336 810 2374; x_wconf 88' lang='lat'><strong>52.</strong></span> <span class='ocrx_word' id='word_1_333' title='bbox 822 2336 1058 2381; x_wconf 84' lang='lat' dir='ltr'><strong>borealem,</strong></span> <span class='ocrx_word' id='word_1_334' title='bbox 1070 2336 1378 2374; x_wconf 84' lang='lat' dir='ltr'><strong>Ascenfionem</strong></span> <span class='ocrx_word' id='word_1_335' title='bbox 1390 2349 1494 2375; x_wconf 91' lang='lat' dir='ltr'><strong>vero</strong></span> <span class='ocrx_word' id='word_1_336' title='bbox 1508 2337 1695 2383; x_wconf 69' lang='lat' dir='ltr'><strong>Rectam,</strong></span> <span class='ocrx_word' id='word_1_337' title='bbox 1709 2338 1750 2376; x_wconf 93' lang='lat' dir='ltr'><strong>P.</strong></span> <span class='ocrx_word' id='word_1_338' title='bbox 1764 2339 1853 2376; x_wconf 84' lang='lat'>292.</span> 
     </span>
     <span class='ocr_line' id='line_1_48' title="bbox 209 2388 1853 2438; baseline 0.002 -12"><span class='ocrx_word' id='word_1_339' title='bbox 209 2388 272 2426; x_wconf 93' lang='lat' dir='ltr'><strong>M.</strong></span> <span class='ocrx_word' id='word_1_340' title='bbox 289 2388 352 2433; x_wconf 86' lang='lat'><strong>35,</strong></span> <span class='ocrx_word' id='word_1_341' title='bbox 374 2390 444 2426; x_wconf 93' lang='lat' dir='ltr'><strong>cui</strong></span> <span class='ocrx_word' id='word_1_342' title='bbox 463 2389 691 2436; x_wconf 89' lang='lat' dir='ltr'><strong>respondet</strong></span> <span class='ocrx_word' id='word_1_343' title='bbox 710 2391 757 2427; x_wconf 91' lang='lat' dir='ltr'><strong>in</strong></span> <span class='ocrx_word' id='word_1_344' title='bbox 777 2390 996 2437; x_wconf 88' lang='lat' dir='ltr'><strong>Ecliptica‚</strong></span> <span class='ocrx_word' id='word_1_345' title='bbox 1018 2390 1196 2428; x_wconf 91' lang='lat' dir='ltr'><strong>Gradus</strong></span> <span class='ocrx_word' id='word_1_346' title='bbox 1217 2390 1279 2428; x_wconf 88' lang='lat'><strong>20.</strong></span> <span class='ocrx_word' id='word_1_347' title='bbox 1298 2390 1361 2428; x_wconf 92' lang='lat' dir='ltr'><strong>M.</strong></span> <span class='ocrx_word' id='word_1_348' title='bbox 1378 2391 1440 2429; x_wconf 90' lang='lat'><strong>53.</strong></span> <span class='ocrx_word' id='word_1_349' title='bbox 1463 2397 1503 2435; x_wconf 67' lang='lat' dir='ltr'><strong>z,</strong></span> <span class='ocrx_word' id='word_1_350' title='bbox 1525 2403 1626 2429; x_wconf 92' lang='lat' dir='ltr'><strong>cum</strong></span> <span class='ocrx_word' id='word_1_351' title='bbox 1647 2403 1735 2438; x_wconf 94' lang='lat' dir='ltr'><strong>quo</strong></span> <span class='ocrx_word' id='word_1_352' title='bbox 1756 2392 1853 2430; x_wconf 94' lang='lat' dir='ltr'><strong>loco</strong></span> 
     </span>
     <span class='ocr_line' id='line_1_49' title="bbox 208 2441 1852 2491; baseline 0.002 -12"><span class='ocrx_word' id='word_1_353' title='bbox 208 2441 341 2480; x_wconf 91' lang='lat' dir='ltr'><strong>Stella</strong></span> <span class='ocrx_word' id='word_1_354' title='bbox 352 2442 531 2480; x_wconf 89' lang='lat' dir='ltr'><strong>Coelum</strong></span> <span class='ocrx_word' id='word_1_355' title='bbox 546 2443 721 2480; x_wconf 90' lang='lat' dir='ltr'><strong>mediat.</strong></span> <span class='ocrx_word' id='word_1_356' title='bbox 739 2442 803 2481; x_wconf 87' lang='lat' dir='ltr'><strong>Ex</strong></span> <span class='ocrx_word' id='word_1_357' title='bbox 819 2443 887 2481; x_wconf 88' lang='lat' dir='ltr'><strong>his</strong></span> <span class='ocrx_word' id='word_1_358' title='bbox 903 2443 1025 2487; x_wconf 91' lang='lat' dir='ltr'><strong>datis,</strong></span> <span class='ocrx_word' id='word_1_359' title='bbox 1042 2443 1171 2490; x_wconf 87' lang='lat' dir='ltr'><strong>ipfius</strong></span> <span class='ocrx_word' id='word_1_360' title='bbox 1185 2443 1503 2491; x_wconf 85' lang='lat' dir='ltr'><strong>longitudinem</strong></span> <span class='ocrx_word' id='word_1_361' title='bbox 1516 2444 1553 2489; x_wconf 89' lang='grc'><strong>8(</strong></span> <span class='ocrx_word' id='word_1_362' title='bbox 1564 2444 1852 2489; x_wconf 90' lang='lat' dir='ltr'><strong>latitudinem,</strong></span> 
     </span>
    </p>
   </div>
   <div class='ocr_carea' id='block_1_13' title="bbox 208 2493 1854 2590">
    <p class='ocr_par' dir='ltr' id='par_1_15' title="bbox 208 2493 1854 2590">
     <span class='ocr_line' id='line_1_50' title="bbox 208 2493 1821 2590; baseline 0.001 -57"><span class='ocrx_word' id='word_1_363' title='bbox 208 2494 291 2533; x_wconf 91' lang='lat' dir='ltr'><strong>hac</strong></span> <span class='ocrx_word' id='word_1_364' title='bbox 307 2495 690 2533; x_wconf 85' lang='lat' dir='ltr'><strong>demonstrationis·</strong></span> <span class='ocrx_word' id='word_1_365' title='bbox 702 2496 930 2541; x_wconf 89' lang='lat' dir='ltr'><strong>Methodo,</strong></span> <span class='ocrx_word' id='word_1_366' title='bbox 946 2499 1262 2544; x_wconf 90' lang='lat' dir='ltr'><strong>perquiremus.</strong></span> <span class='ocrx_word' id='word_1_367' title='bbox 1280 2493 1294 2546; x_wconf 92' lang='grc' dir='ltr'><strong>ΙΙ</strong></span> <span class='ocrx_word' id='word_1_368' title='bbox 1794 2552 1821 2590; x_wconf 78' lang='lat' dir='ltr'>S</span> 
     </span>
     <span class='ocr_line' id='line_1_51' title="bbox 1824 2555 1854 2590; baseline 0 0"><span class='ocrx_word' id='word_1_369' title='bbox 1824 2555 1854 2590; x_wconf 83' lang='lat' dir='ltr'><strong>it</strong></span> 
     </span>
    </p>
   </div>
  </div>
 </body>
</html>
