<?xml version="1.0" encoding="UTF-8"?>
<!DOCTYPE html PUBLIC "-//W3C//DTD XHTML 1.0 Transitional//EN"
    "http://www.w3.org/TR/xhtml1/DTD/xhtml1-transitional.dtd">
<html xmlns="http://www.w3.org/1999/xhtml" xml:lang="en" lang="en">
 <head>
  <title>
</title>
<meta http-equiv="Content-Type" content="text/html;charset=utf-8" />
  <meta name='ocr-system' content='tesseract 3.04.00' />
  <meta name='ocr-capabilities' content='ocr_page ocr_carea ocr_par ocr_line ocrx_word'/>
</head>
<body>
  <div class='ocr_page' id='page_1' title='image "./operaomniaedidit04brahuoft/operaomniaedidit04brahuoft_0225.png"; bbox 0 0 2209 3213; ppageno 0'>
   <div class='ocr_carea' id='block_1_1' title="bbox 107 502 166 533">
    <p class='ocr_par' dir='ltr' id='par_1_1' title="bbox 107 502 166 533">
     <span class='ocr_line' id='line_1_1' title="bbox 107 502 166 533; baseline -0.017 0"><span class='ocrx_word' id='word_1_1' title='bbox 107 502 166 533; x_wconf 87' lang='lat'><strong>251</strong></span> 
     </span>
    </p>
   </div>
   <div class='ocr_carea' id='block_1_2' title="bbox 125 825 155 850">
    <p class='ocr_par' dir='ltr' id='par_1_2' title="bbox 125 825 155 850">
     <span class='ocr_line' id='line_1_2' title="bbox 125 825 155 850; baseline 0 0"><span class='ocrx_word' id='word_1_2' title='bbox 125 825 155 850; x_wconf 89' lang='lat'><strong>10</strong></span> 
     </span>
    </p>
   </div>
   <div class='ocr_carea' id='block_1_3' title="bbox 124 1091 154 1115">
    <p class='ocr_par' dir='ltr' id='par_1_3' title="bbox 124 1091 154 1115">
     <span class='ocr_line' id='line_1_3' title="bbox 124 1091 154 1115; baseline 0 0"><span class='ocrx_word' id='word_1_3' title='bbox 124 1091 154 1115; x_wconf 87' lang='lat'><strong>15</strong></span> 
     </span>
    </p>
   </div>
   <div class='ocr_carea' id='block_1_4' title="bbox 120 1355 154 1380">
    <p class='ocr_par' dir='ltr' id='par_1_4' title="bbox 120 1355 154 1380">
     <span class='ocr_line' id='line_1_4' title="bbox 120 1355 154 1380; baseline 0 0"><span class='ocrx_word' id='word_1_4' title='bbox 120 1355 154 1380; x_wconf 86' lang='lat'><strong>20</strong></span> 
     </span>
    </p>
   </div>
   <div class='ocr_carea' id='block_1_5' title="bbox 119 1622 152 1646">
    <p class='ocr_par' dir='ltr' id='par_1_5' title="bbox 119 1622 152 1646">
     <span class='ocr_line' id='line_1_5' title="bbox 119 1622 152 1646; baseline 0 0"><span class='ocrx_word' id='word_1_5' title='bbox 119 1622 152 1646; x_wconf 86' lang='lat'><strong>25</strong></span> 
     </span>
    </p>
   </div>
   <div class='ocr_carea' id='block_1_6' title="bbox 118 1887 152 1913">
    <p class='ocr_par' dir='ltr' id='par_1_6' title="bbox 118 1887 152 1913">
     <span class='ocr_line' id='line_1_6' title="bbox 118 1887 152 1913; baseline -0.029 0"><span class='ocrx_word' id='word_1_6' title='bbox 118 1887 152 1913; x_wconf 84' lang='lat'><strong>30</strong></span> 
     </span>
    </p>
   </div>
   <div class='ocr_carea' id='block_1_7' title="bbox 99 2041 164 2072">
    <p class='ocr_par' dir='ltr' id='par_1_7' title="bbox 99 2041 164 2072">
     <span class='ocr_line' id='line_1_7' title="bbox 99 2041 164 2072; baseline 0 0"><span class='ocrx_word' id='word_1_7' title='bbox 99 2041 164 2072; x_wconf 88' lang='lat'><strong>252</strong></span> 
     </span>
    </p>
   </div>
   <div class='ocr_carea' id='block_1_8' title="bbox 118 2153 151 2178">
    <p class='ocr_par' dir='ltr' id='par_1_8' title="bbox 118 2153 151 2178">
     <span class='ocr_line' id='line_1_8' title="bbox 118 2153 151 2178; baseline 0 0"><span class='ocrx_word' id='word_1_8' title='bbox 118 2153 151 2178; x_wconf 88' lang='grc'><strong>35</strong></span> 
     </span>
    </p>
   </div>
   <div class='ocr_carea' id='block_1_9' title="bbox 117 2419 150 2444">
    <p class='ocr_par' dir='ltr' id='par_1_9' title="bbox 117 2419 150 2444">
     <span class='ocr_line' id='line_1_9' title="bbox 117 2419 150 2444; baseline 0.03 -1"><span class='ocrx_word' id='word_1_9' title='bbox 117 2419 150 2444; x_wconf 75' lang='lat'><strong>40</strong></span> 
     </span>
    </p>
   </div>
   <div class='ocr_carea' id='block_1_10' title="bbox 516 230 1839 269">
    <p class='ocr_par' dir='ltr' id='par_1_10' title="bbox 516 230 1839 269">
     <span class='ocr_line' id='line_1_10' title="bbox 516 230 1839 269; baseline 0.001 -2"><span class='ocrx_word' id='word_1_10' title='bbox 516 230 1037 269; x_wconf 87' lang='lat' dir='ltr'><strong>RECENTIORIBUS</strong></span> <span class='ocrx_word' id='word_1_11' title='bbox 1058 231 1516 269; x_wconf 91' lang='lat' dir='ltr'><strong>PHAENOMENIS</strong></span> <span class='ocrx_word' id='word_1_12' title='bbox 1781 232 1839 268; x_wconf 87' lang='lat'><strong>211</strong></span> 
     </span>
    </p>
   </div>
   <div class='ocr_carea' id='block_1_11' title="bbox 187 335 1840 2507">
    <p class='ocr_par' dir='ltr' id='par_1_11' title="bbox 191 335 1840 1069">
     <span class='ocr_line' id='line_1_11' title="bbox 197 335 1839 384; baseline 0.001 -11"><span class='ocrx_word' id='word_1_13' title='bbox 197 335 343 373; x_wconf 89' lang='lat' dir='ltr'><strong>locum</strong></span> <span class='ocrx_word' id='word_1_14' title='bbox 359 335 433 373; x_wconf 89' lang='lat' dir='ltr'><strong>fibi</strong></span> <span class='ocrx_word' id='word_1_15' title='bbox 449 335 718 379; x_wconf 84' lang='lat' dir='ltr'>vendicabat,</span> <span class='ocrx_word' id='word_1_16' title='bbox 740 341 783 373; x_wconf 93' lang='lat' dir='ltr'><strong>vt</strong></span> <span class='ocrx_word' id='word_1_17' title='bbox 802 336 897 374; x_wconf 87' lang='lat' dir='ltr'><strong>haec</strong></span> <span class='ocrx_word' id='word_1_18' title='bbox 913 336 1042 374; x_wconf 90' lang='lat' dir='ltr'><strong>latius</strong></span> <span class='ocrx_word' id='word_1_19' title='bbox 1057 339 1191 384; x_wconf 88' lang='lat' dir='ltr'>priori</span> <span class='ocrx_word' id='word_1_20' title='bbox 1207 336 1317 375; x_wconf 93' lang='lat' dir='ltr'><strong>libro</strong></span> <span class='ocrx_word' id='word_1_21' title='bbox 1334 349 1360 375; x_wconf 90' lang='lat' dir='ltr'><strong>a</strong></span> <span class='ocrx_word' id='word_1_22' title='bbox 1376 337 1502 375; x_wconf 92' lang='lat' dir='ltr'><strong>nobis</strong></span> <span class='ocrx_word' id='word_1_23' title='bbox 1518 337 1737 375; x_wconf 88' lang='lat' dir='ltr'><strong>declarata</strong></span> <span class='ocrx_word' id='word_1_24' title='bbox 1754 337 1839 374; x_wconf 91' lang='lat' dir='ltr'><strong>De—</strong></span> 
     </span>
     <span class='ocr_line' id='line_1_12' title="bbox 196 388 1839 437; baseline 0.001 -11"><span class='ocrx_word' id='word_1_25' title='bbox 196 388 518 435; x_wconf 83' lang='lat' dir='ltr'><strong>monstrataque</strong></span> <span class='ocrx_word' id='word_1_26' title='bbox 534 388 641 426; x_wconf 85' lang='lat' dir='ltr'><strong>sunt.</strong></span> <span class='ocrx_word' id='word_1_27' title='bbox 659 389 790 427; x_wconf 90' lang='lat' dir='ltr'><strong>Hanc</strong></span> <span class='ocrx_word' id='word_1_28' title='bbox 807 392 925 427; x_wconf 92' lang='lat' dir='ltr'><strong>enim</strong></span> <span class='ocrx_word' id='word_1_29' title='bbox 941 389 1107 436; x_wconf 90' lang='lat' dir='ltr'><strong>aliquid</strong></span> <span class='ocrx_word' id='word_1_30' title='bbox 1119 390 1338 437; x_wconf 87' lang='lat' dir='ltr'><strong>peculiare</strong></span> <span class='ocrx_word' id='word_1_31' title='bbox 1350 402 1441 437; x_wconf 86' lang='lat' dir='ltr'><strong>prae</strong></span> <span class='ocrx_word' id='word_1_32' title='bbox 1453 392 1619 427; x_wconf 81' lang='lat' dir='ltr'><strong>caeteris</strong></span> <span class='ocrx_word' id='word_1_33' title='bbox 1632 390 1839 432; x_wconf 83' lang='lat' dir='ltr'><strong>Cometis,</strong></span> 
     </span>
     <span class='ocr_line' id='line_1_13' title="bbox 196 441 1839 488; baseline 0 -8"><span class='ocrx_word' id='word_1_34' title='bbox 196 454 222 480; x_wconf 90' lang='lat' dir='ltr'><strong>a</strong></span> <span class='ocrx_word' id='word_1_35' title='bbox 238 441 396 488; x_wconf 90' lang='lat' dir='ltr'><strong>quibus</strong></span> <span class='ocrx_word' id='word_1_36' title='bbox 413 443 545 479; x_wconf 91' lang='lat' dir='ltr'><strong>etiam</strong></span> <span class='ocrx_word' id='word_1_37' title='bbox 560 441 650 488; x_wconf 92' lang='lat' dir='ltr'><strong>ipsa</strong></span> <span class='ocrx_word' id='word_1_38' title='bbox 665 441 807 479; x_wconf 90' lang='lat' dir='ltr'><strong>forma</strong></span> <span class='ocrx_word' id='word_1_39' title='bbox 826 442 1063 486; x_wconf 85' lang='lat' dir='ltr'><strong>differebat,</strong></span> <span class='ocrx_word' id='word_1_40' title='bbox 1085 443 1319 486; x_wconf 88' lang='lat' dir='ltr'><strong>obtinuisse,</strong></span> <span class='ocrx_word' id='word_1_41' title='bbox 1341 443 1682 481; x_wconf 90' lang='lat' dir='ltr'><strong>consentaneum</strong></span> <span class='ocrx_word' id='word_1_42' title='bbox 1703 443 1770 481; x_wconf 87' lang='lat' dir='ltr'><strong>est.</strong></span> <span class='ocrx_word' id='word_1_43' title='bbox 1793 443 1839 480; x_wconf 95' lang='lat' dir='ltr'><strong>Id</strong></span> 
     </span>
     <span class='ocr_line' id='line_1_14' title="bbox 196 493 1838 546; baseline 0.001 -15"><span class='ocrx_word' id='word_1_44' title='bbox 196 496 327 532; x_wconf 91' lang='lat' dir='ltr'><strong>etiam</strong></span> <span class='ocrx_word' id='word_1_45' title='bbox 340 494 587 532; x_wconf 86' lang='lat' dir='ltr'><strong>Moestlinus</strong></span> <span class='ocrx_word' id='word_1_46' title='bbox 603 497 917 533; x_wconf 89' lang='lat' dir='ltr'><strong>conuenienter</strong></span> <span class='ocrx_word' id='word_1_47' title='bbox 933 496 1079 538; x_wconf 89' lang='lat' dir='ltr'><strong>asserit,</strong></span> <span class='ocrx_word' id='word_1_48' title='bbox 1097 508 1149 533; x_wconf 85' lang='lat' dir='ltr'><strong>ex</strong></span> <span class='ocrx_word' id='word_1_49' title='bbox 1167 493 1537 546; x_wconf 75' lang='lat' dir='ltr'><strong>Regiomonta—Hni</strong></span> <span class='ocrx_word' id='word_1_50' title='bbox 1554 496 1838 539; x_wconf 85' lang='lat' dir='ltr'><strong>documentis,</strong></span> 
     </span>
     <span class='ocr_line' id='line_1_15' title="bbox 195 547 1838 594; baseline 0.001 -10"><span class='ocrx_word' id='word_1_51' title='bbox 195 547 343 585; x_wconf 90' lang='lat' dir='ltr'><strong>saltem</strong></span> <span class='ocrx_word' id='word_1_52' title='bbox 359 547 455 585; x_wconf 90' lang='lat' dir='ltr'><strong>elici</strong></span> <span class='ocrx_word' id='word_1_53' title='bbox 471 548 659 594; x_wconf 87' lang='lat' dir='ltr'><strong>potuisse,</strong></span> <span class='ocrx_word' id='word_1_54' title='bbox 677 547 908 586; x_wconf 92' lang='lat' dir='ltr'><strong>Cometam</strong></span> <span class='ocrx_word' id='word_1_55' title='bbox 920 548 1039 586; x_wconf 92' lang='lat' dir='ltr'><strong>hunc</strong></span> <span class='ocrx_word' id='word_1_56' title='bbox 1050 549 1302 587; x_wconf 86' lang='lat' dir='ltr'><strong>nullatenus</strong></span> <span class='ocrx_word' id='word_1_57' title='bbox 1315 549 1637 587; x_wconf 90' lang='lat' dir='ltr'><strong>Elementarem</strong></span> <span class='ocrx_word' id='word_1_58' title='bbox 1649 550 1838 592; x_wconf 87' lang='lat' dir='ltr'><strong>extitisse;</strong></span> 
     </span>
     <span class='ocr_line' id='line_1_16' title="bbox 194 600 1840 649; baseline 0.001 -12"><span class='ocrx_word' id='word_1_59' title='bbox 194 600 404 647; x_wconf 75' lang='lat' dir='ltr'><strong>siquidem</strong></span> <span class='ocrx_word' id='word_1_60' title='bbox 424 600 594 638; x_wconf 91' lang='lat' dir='ltr'><strong>nullam</strong></span> <span class='ocrx_word' id='word_1_61' title='bbox 614 601 677 638; x_wconf 91' lang='lat' dir='ltr'><strong>illi</strong></span> <span class='ocrx_word' id='word_1_62' title='bbox 698 601 947 639; x_wconf 86' lang='lat' dir='ltr'><strong>Parallaxin</strong></span> <span class='ocrx_word' id='word_1_63' title='bbox 970 601 1180 649; x_wconf 85' lang='lat' dir='ltr'><strong>Operatio</strong></span> <span class='ocrx_word' id='word_1_64' title='bbox 1201 604 1323 639; x_wconf 87' lang='lat' dir='ltr'><strong>iuxta</strong></span> <span class='ocrx_word' id='word_1_65' title='bbox 1343 604 1436 639; x_wconf 92' lang='lat' dir='ltr'><strong>eius</strong></span> <span class='ocrx_word' id='word_1_66' title='bbox 1457 607 1649 640; x_wconf 85' lang='lat' dir='ltr'><strong>mentem</strong></span> <span class='ocrx_word' id='word_1_67' title='bbox 1671 614 1693 639; x_wconf 94' lang='lat' dir='ltr'><strong>e</strong></span> <span class='ocrx_word' id='word_1_68' title='bbox 1715 604 1840 640; x_wconf 88' lang='lat' dir='ltr'><strong>certis</strong></span> 
     </span>
     <span class='ocr_line' id='line_1_17' title="bbox 195 653 1839 702; baseline 0.001 -12"><span class='ocrx_word' id='word_1_69' title='bbox 195 653 584 691; x_wconf 83' lang='lat' dir='ltr'><strong>obseruationibus</strong></span> <span class='ocrx_word' id='word_1_70' title='bbox 601 653 800 698; x_wconf 90' lang='lat' dir='ltr'><strong>instituta,</strong></span> <span class='ocrx_word' id='word_1_71' title='bbox 817 654 1088 698; x_wconf 84' lang='lat' dir='ltr'><strong>attribuebat,</strong></span> <span class='ocrx_word' id='word_1_72' title='bbox 1105 660 1149 692; x_wconf 90' lang='lat' dir='ltr'><strong>vt</strong></span> <span class='ocrx_word' id='word_1_73' title='bbox 1161 667 1252 692; x_wconf 92' lang='lat' dir='ltr'><strong>non</strong></span> <span class='ocrx_word' id='word_1_74' title='bbox 1263 660 1433 692; x_wconf 86' lang='lat' dir='ltr'><strong>tantum</strong></span> <span class='ocrx_word' id='word_1_75' title='bbox 1446 667 1498 692; x_wconf 85' lang='lat' dir='ltr'><strong>ex</strong></span> <span class='ocrx_word' id='word_1_76' title='bbox 1511 657 1574 702; x_wconf 87' lang='lat' dir='ltr'><strong>ijs,</strong></span> <span class='ocrx_word' id='word_1_77' title='bbox 1593 667 1692 702; x_wconf 83' lang='lat' dir='ltr'><strong>quae</strong></span> <span class='ocrx_word' id='word_1_78' title='bbox 1705 655 1839 702; x_wconf 86' lang='lat' dir='ltr'><strong>paulo</strong></span> 
     </span>
     <span class='ocr_line' id='line_1_18' title="bbox 193 706 1839 754; baseline 0.001 -11"><span class='ocrx_word' id='word_1_79' title='bbox 193 712 293 744; x_wconf 88' lang='lat' dir='ltr'><strong>ante</strong></span> <span class='ocrx_word' id='word_1_80' title='bbox 306 718 359 744; x_wconf 88' lang='lat' dir='ltr'><strong>ex</strong></span> <span class='ocrx_word' id='word_1_81' title='bbox 371 706 628 744; x_wconf 90' lang='lat' dir='ltr'><strong>Illustrissimi</strong></span> <span class='ocrx_word' id='word_1_82' title='bbox 640 707 849 754; x_wconf 91' lang='lat' dir='ltr'><strong>Principis</strong></span> <span class='ocrx_word' id='word_1_83' title='bbox 859 708 1172 745; x_wconf 91' lang='lat' dir='ltr'>WILHELMI</span> <span class='ocrx_word' id='word_1_84' title='bbox 1185 707 1594 745; x_wconf 85' lang='lat' dir='ltr'>LANDTGRAVII</span> <span class='ocrx_word' id='word_1_85' title='bbox 1610 708 1839 746; x_wconf 85' lang='lat' dir='ltr'><strong>HASSIAE</strong></span> 
     </span>
     <span class='ocr_line' id='line_1_19' title="bbox 194 759 1838 808; baseline 0.001 -11"><span class='ocrx_word' id='word_1_86' title='bbox 194 761 383 797; x_wconf 90' lang='lat' dir='ltr'><strong>inuentis</strong></span> <span class='ocrx_word' id='word_1_87' title='bbox 395 759 670 804; x_wconf 82' lang='lat' dir='ltr'><strong>ostendimus,</strong></span> <span class='ocrx_word' id='word_1_88' title='bbox 688 760 757 798; x_wconf 88' lang='lat' dir='ltr'><strong>sed</strong></span> <span class='ocrx_word' id='word_1_89' title='bbox 770 762 901 797; x_wconf 88' lang='lat' dir='ltr'><strong>etiam</strong></span> <span class='ocrx_word' id='word_1_90' title='bbox 914 772 966 797; x_wconf 87' lang='lat' dir='ltr'><strong>ex</strong></span> <span class='ocrx_word' id='word_1_91' title='bbox 978 762 1164 808; x_wconf 89' lang='lat' dir='ltr'><strong>proprijs</strong></span> <span class='ocrx_word' id='word_1_92' title='bbox 1176 760 1327 798; x_wconf 87' lang='lat' dir='ltr'><strong>nostris</strong></span> <span class='ocrx_word' id='word_1_93' title='bbox 1340 761 1740 804; x_wconf 86' lang='lat' dir='ltr'><strong>Obseruationibus,</strong></span> <span class='ocrx_word' id='word_1_94' title='bbox 1755 762 1838 799; x_wconf 89' lang='lat' dir='ltr'><strong>Ca-</strong></span> 
     </span>
     <span class='ocr_line' id='line_1_20' title="bbox 193 812 1838 861; baseline 0.001 -11"><span class='ocrx_word' id='word_1_95' title='bbox 193 814 279 859; x_wconf 91' lang='lat' dir='ltr'><strong>pite</strong></span> <span class='ocrx_word' id='word_1_96' title='bbox 291 812 408 850; x_wconf 86' lang='lat' dir='ltr'><strong>sexto</strong></span> <span class='ocrx_word' id='word_1_97' title='bbox 420 812 627 860; x_wconf 87' lang='lat' dir='ltr'><strong>allegatis,</strong></span> <span class='ocrx_word' id='word_1_98' title='bbox 639 813 914 850; x_wconf 88' lang='lat' dir='ltr'><strong>manifestum</strong></span> <span class='ocrx_word' id='word_1_99' title='bbox 926 813 1205 851; x_wconf 89' lang='lat' dir='ltr'><strong>reddidimus.</strong></span> <span class='ocrx_word' id='word_1_100' title='bbox 1218 813 1389 861; x_wconf 91' lang='lat' dir='ltr'><strong>Vbique</strong></span> <span class='ocrx_word' id='word_1_101' title='bbox 1402 816 1520 851; x_wconf 87' lang='lat' dir='ltr'><strong>enirn</strong></span> <span class='ocrx_word' id='word_1_102' title='bbox 1532 826 1600 851; x_wconf 94' lang='lat' dir='ltr'><strong>res</strong></span> <span class='ocrx_word' id='word_1_103' title='bbox 1612 814 1838 851; x_wconf 85' lang='lat' dir='ltr'><strong>deducitur</strong></span> 
     </span>
     <span class='ocr_line' id='line_1_21' title="bbox 192 865 1838 914; baseline 0.001 -11"><span class='ocrx_word' id='word_1_104' title='bbox 192 867 237 903; x_wconf 91' lang='lat' dir='ltr'><strong>in</strong></span> <span class='ocrx_word' id='word_1_105' title='bbox 257 865 492 903; x_wconf 89' lang='lat' dir='ltr'><strong>absurdum</strong></span> <span class='ocrx_word' id='word_1_106' title='bbox 513 865 550 903; x_wconf 71' lang='grc' dir='ltr'><strong>δι</strong></span> <span class='ocrx_word' id='word_1_107' title='bbox 571 865 787 913; x_wconf 85' lang='lat' dir='ltr'><strong>nusquam</strong></span> <span class='ocrx_word' id='word_1_108' title='bbox 806 866 1028 913; x_wconf 90' lang='lat' dir='ltr'><strong>Operatio,</strong></span> <span class='ocrx_word' id='word_1_109' title='bbox 1050 868 1171 904; x_wconf 86' lang='lat' dir='ltr'><strong>iuxta</strong></span> <span class='ocrx_word' id='word_1_110' title='bbox 1192 866 1287 904; x_wconf 82' lang='lat' dir='ltr'><strong>haec</strong></span> <span class='ocrx_word' id='word_1_111' title='bbox 1310 867 1644 914; x_wconf 87' lang='lat' dir='ltr'><strong>Regiomontani</strong></span> <span class='ocrx_word' id='word_1_112' title='bbox 1667 867 1838 914; x_wconf 84' lang='lat' dir='ltr'><strong>placita,</strong></span> 
     </span>
     <span class='ocr_line' id='line_1_22' title="bbox 192 918 1837 966; baseline 0.001 -10"><span class='ocrx_word' id='word_1_113' title='bbox 192 919 247 956; x_wconf 93' lang='lat' dir='ltr'><strong>ad</strong></span> <span class='ocrx_word' id='word_1_114' title='bbox 264 918 399 956; x_wconf 89' lang='lat' dir='ltr'><strong>finem</strong></span> <span class='ocrx_word' id='word_1_115' title='bbox 415 919 569 956; x_wconf 91' lang='lat' dir='ltr'><strong>deduci</strong></span> <span class='ocrx_word' id='word_1_116' title='bbox 586 919 734 966; x_wconf 83' lang='lat' dir='ltr'><strong>potest;</strong></span> <span class='ocrx_word' id='word_1_117' title='bbox 756 919 874 966; x_wconf 93' lang='lat' dir='ltr'><strong>quod</strong></span> <span class='ocrx_word' id='word_1_118' title='bbox 891 919 1052 957; x_wconf 88' lang='lat' dir='ltr'><strong>indicio</strong></span> <span class='ocrx_word' id='word_1_119' title='bbox 1069 919 1136 963; x_wconf 82' lang='lat' dir='ltr'><strong>est,</strong></span> <span class='ocrx_word' id='word_1_120' title='bbox 1154 931 1206 957; x_wconf 92' lang='lat' dir='ltr'><strong>ea</strong></span> <span class='ocrx_word' id='word_1_121' title='bbox 1223 931 1323 966; x_wconf 89' lang='lat' dir='ltr'><strong>quae</strong></span> <span class='ocrx_word' id='word_1_122' title='bbox 1340 919 1689 964; x_wconf 83' lang='lat' dir='ltr'><strong>intendebantur,</strong></span> <span class='ocrx_word' id='word_1_123' title='bbox 1708 932 1761 958; x_wconf 84' lang='lat' dir='ltr'><strong>ex</strong></span> <span class='ocrx_word' id='word_1_124' title='bbox 1777 925 1837 957; x_wconf 89' lang='lat' dir='ltr'><strong>ta-</strong></span> 
     </span>
     <span class='ocr_line' id='line_1_23' title="bbox 191 971 1837 1020; baseline 0.001 -11"><span class='ocrx_word' id='word_1_125' title='bbox 191 971 304 1009; x_wconf 91' lang='lat' dir='ltr'><strong>libus</strong></span> <span class='ocrx_word' id='word_1_126' title='bbox 321 971 430 1009; x_wconf 91' lang='lat' dir='ltr'><strong>datis</strong></span> <span class='ocrx_word' id='word_1_127' title='bbox 447 983 731 1018; x_wconf 89' lang='lat' dir='ltr'><strong>nequaquam</strong></span> <span class='ocrx_word' id='word_1_128' title='bbox 746 972 877 1019; x_wconf 90' lang='lat' dir='ltr'><strong>sequi,</strong></span> <span class='ocrx_word' id='word_1_129' title='bbox 894 977 938 1010; x_wconf 93' lang='lat' dir='ltr'><strong>vt</strong></span> <span class='ocrx_word' id='word_1_130' title='bbox 949 984 1026 1019; x_wconf 91' lang='lat' dir='ltr'><strong>per</strong></span> <span class='ocrx_word' id='word_1_131' title='bbox 1037 972 1318 1019; x_wconf 83' lang='lat' dir='ltr'><strong>consequenS,</strong></span> <span class='ocrx_word' id='word_1_132' title='bbox 1336 978 1410 1010; x_wconf 92' lang='lat' dir='ltr'><strong>aut</strong></span> <span class='ocrx_word' id='word_1_133' title='bbox 1422 972 1603 1017; x_wconf 89' lang='lat' dir='ltr'><strong>nullam,</strong></span> <span class='ocrx_word' id='word_1_134' title='bbox 1621 978 1695 1010; x_wconf 91' lang='lat' dir='ltr'><strong>aut</strong></span> <span class='ocrx_word' id='word_1_135' title='bbox 1707 973 1837 1020; x_wconf 89' lang='lat' dir='ltr'><strong>plane</strong></span> 
     </span>
     <span class='ocr_line' id='line_1_24' title="bbox 191 1024 1763 1069; baseline 0.001 -7"><span class='ocrx_word' id='word_1_136' title='bbox 191 1024 478 1062; x_wconf 74' lang='lat' dir='ltr'><strong>insensibilem</strong></span> <span class='ocrx_word' id='word_1_137' title='bbox 494 1024 596 1062; x_wconf 88' lang='lat' dir='ltr'><strong>huic</strong></span> <span class='ocrx_word' id='word_1_138' title='bbox 613 1025 811 1062; x_wconf 85' lang='lat' dir='ltr'><strong>Cometae</strong></span> <span class='ocrx_word' id='word_1_139' title='bbox 827 1025 1001 1063; x_wconf 89' lang='lat' dir='ltr'><strong>adfuisse</strong></span> <span class='ocrx_word' id='word_1_140' title='bbox 1018 1025 1280 1069; x_wconf 87' lang='lat' dir='ltr'><strong>Parallaxin,</strong></span> <span class='ocrx_word' id='word_1_141' title='bbox 1297 1026 1576 1063; x_wconf 90' lang='lat' dir='ltr'><strong>necessarium</strong></span> <span class='ocrx_word' id='word_1_142' title='bbox 1593 1026 1763 1064; x_wconf 89' lang='lat' dir='ltr'><strong>euadat.</strong></span> 
     </span>
    </p>

    <p class='ocr_par' dir='ltr' id='par_1_12' title="bbox 189 1077 1838 1763">
     <span class='ocr_line' id='line_1_25' title="bbox 244 1077 1836 1122; baseline 0.001 -7"><span class='ocrx_word' id='word_1_143' title='bbox 244 1077 401 1115; x_wconf 90' lang='lat' dir='ltr'><strong>Probat</strong></span> <span class='ocrx_word' id='word_1_144' title='bbox 417 1082 565 1115; x_wconf 89' lang='lat' dir='ltr'><strong>autem</strong></span> <span class='ocrx_word' id='word_1_145' title='bbox 581 1077 947 1122; x_wconf 88' lang='lat' dir='ltr'><strong>MOESTLINVS,</strong></span> <span class='ocrx_word' id='word_1_146' title='bbox 965 1090 1056 1115; x_wconf 91' lang='lat' dir='ltr'><strong>non</strong></span> <span class='ocrx_word' id='word_1_147' title='bbox 1072 1078 1209 1116; x_wconf 92' lang='lat' dir='ltr'><strong>alium</strong></span> <span class='ocrx_word' id='word_1_148' title='bbox 1225 1078 1399 1116; x_wconf 88' lang='lat' dir='ltr'><strong>adfuisse</strong></span> <span class='ocrx_word' id='word_1_149' title='bbox 1416 1078 1518 1116; x_wconf 90' lang='lat' dir='ltr'><strong>huic</strong></span> <span class='ocrx_word' id='word_1_150' title='bbox 1531 1078 1729 1117; x_wconf 86' lang='lat' dir='ltr'><strong>Cometae</strong></span> <span class='ocrx_word' id='word_1_151' title='bbox 1745 1091 1836 1116; x_wconf 94' lang='lat' dir='ltr'><strong>mo—</strong></span> 
     </span>
     <span class='ocr_line' id='line_1_26' title="bbox 191 1130 1838 1179; baseline 0.001 -11"><span class='ocrx_word' id='word_1_152' title='bbox 191 1135 284 1168; x_wconf 91' lang='lat' dir='ltr'><strong>tum</strong></span> <span class='ocrx_word' id='word_1_153' title='bbox 309 1136 594 1178; x_wconf 90' lang='lat' dir='ltr'><strong>apparentem</strong></span> <span class='ocrx_word' id='word_1_154' title='bbox 620 1130 793 1178; x_wconf 88' lang='lat' dir='ltr'><strong>(praeter</strong></span> <span class='ocrx_word' id='word_1_155' title='bbox 818 1130 943 1168; x_wconf 92' lang='lat' dir='ltr'><strong>illum</strong></span> <span class='ocrx_word' id='word_1_156' title='bbox 965 1131 1257 1169; x_wconf 89' lang='lat' dir='ltr'><strong>vniuersalem</strong></span> <span class='ocrx_word' id='word_1_157' title='bbox 1282 1133 1411 1179; x_wconf 91' lang='lat' dir='ltr'><strong>primi</strong></span> <span class='ocrx_word' id='word_1_158' title='bbox 1436 1131 1610 1169; x_wconf 89' lang='lat' dir='ltr'><strong>mobilis</strong></span> <span class='ocrx_word' id='word_1_159' title='bbox 1633 1132 1838 1169; x_wconf 90' lang='lat' dir='ltr'><strong>omnibus</strong></span> 
     </span>
     <span class='ocr_line' id='line_1_27' title="bbox 191 1183 1837 1232; baseline 0.001 -11"><span class='ocrx_word' id='word_1_160' title='bbox 191 1183 412 1222; x_wconf 88' lang='lat' dir='ltr'><strong>Sideribus</strong></span> <span class='ocrx_word' id='word_1_161' title='bbox 429 1183 728 1230; x_wconf 90' lang='lat' dir='ltr'><strong>communem)</strong></span> <span class='ocrx_word' id='word_1_162' title='bbox 746 1196 881 1231; x_wconf 93' lang='lat' dir='ltr'><strong>quam</strong></span> <span class='ocrx_word' id='word_1_163' title='bbox 897 1186 1135 1231; x_wconf 90' lang='lat' dir='ltr'><strong>proprium,</strong></span> <span class='ocrx_word' id='word_1_164' title='bbox 1153 1186 1322 1222; x_wconf 89' lang='lat' dir='ltr'><strong>ratione</strong></span> <span class='ocrx_word' id='word_1_165' title='bbox 1336 1186 1631 1232; x_wconf 89' lang='lat' dir='ltr'><strong>proportionis</strong></span> <span class='ocrx_word' id='word_1_166' title='bbox 1644 1197 1666 1222; x_wconf 95' lang='lat' dir='ltr'><strong>e</strong></span> <span class='ocrx_word' id='word_1_167' title='bbox 1679 1185 1837 1222; x_wconf 90' lang='lat' dir='ltr'><strong>diurno</strong></span> 
     </span>
     <span class='ocr_line' id='line_1_28' title="bbox 190 1236 1837 1281; baseline 0.001 -7"><span class='ocrx_word' id='word_1_168' title='bbox 190 1241 314 1274; x_wconf 91' lang='lat' dir='ltr'><strong>motu</strong></span> <span class='ocrx_word' id='word_1_169' title='bbox 329 1236 549 1281; x_wconf 86' lang='lat' dir='ltr'><strong>desumtae‚</strong></span> <span class='ocrx_word' id='word_1_170' title='bbox 569 1236 607 1274; x_wconf 84' lang='lat'>&amp;</span> <span class='ocrx_word' id='word_1_171' title='bbox 625 1237 875 1275; x_wconf 87' lang='lat' dir='ltr'><strong>Parallaxin</strong></span> <span class='ocrx_word' id='word_1_172' title='bbox 891 1239 937 1275; x_wconf 91' lang='lat' dir='ltr'><strong>in</strong></span> <span class='ocrx_word' id='word_1_173' title='bbox 953 1237 1123 1275; x_wconf 91' lang='lat' dir='ltr'><strong>diuersa</strong></span> <span class='ocrx_word' id='word_1_174' title='bbox 1140 1239 1234 1275; x_wconf 89' lang='lat' dir='ltr'><strong>eius</strong></span> <span class='ocrx_word' id='word_1_175' title='bbox 1250 1238 1505 1281; x_wconf 89' lang='lat' dir='ltr'><strong>Altitudine‚</strong></span> <span class='ocrx_word' id='word_1_176' title='bbox 1530 1238 1640 1275; x_wconf 88' lang='lat' dir='ltr'><strong>nihil</strong></span> <span class='ocrx_word' id='word_1_177' title='bbox 1659 1250 1761 1275; x_wconf 90' lang='lat' dir='ltr'><strong>eum</strong></span> <span class='ocrx_word' id='word_1_178' title='bbox 1778 1238 1837 1276; x_wconf 91' lang='lat' dir='ltr'><strong>al-</strong></span> 
     </span>
     <span class='ocr_line' id='line_1_29' title="bbox 190 1289 1838 1337; baseline 0.001 -10"><span class='ocrx_word' id='word_1_179' title='bbox 190 1290 352 1334; x_wconf 89' lang='lat' dir='ltr'><strong>terasse;</strong></span> <span class='ocrx_word' id='word_1_180' title='bbox 374 1290 492 1336; x_wconf 91' lang='lat' dir='ltr'><strong>quod</strong></span> <span class='ocrx_word' id='word_1_181' title='bbox 512 1289 607 1327; x_wconf 91' lang='lat' dir='ltr'><strong>fieri</strong></span> <span class='ocrx_word' id='word_1_182' title='bbox 628 1295 857 1337; x_wconf 87' lang='lat' dir='ltr'><strong>oporteret,</strong></span> <span class='ocrx_word' id='word_1_183' title='bbox 878 1290 907 1327; x_wconf 89' lang='lat' dir='ltr'>fi</span> <span class='ocrx_word' id='word_1_184' title='bbox 927 1290 1173 1328; x_wconf 91' lang='lat' dir='ltr'><strong>sublunaris</strong></span> <span class='ocrx_word' id='word_1_185' title='bbox 1195 1291 1395 1328; x_wconf 86' lang='lat' dir='ltr'><strong>extitisset.</strong></span> <span class='ocrx_word' id='word_1_186' title='bbox 1420 1291 1483 1328; x_wconf 87' lang='lat' dir='ltr'><strong>Ex</strong></span> <span class='ocrx_word' id='word_1_187' title='bbox 1505 1291 1646 1329; x_wconf 90' lang='lat' dir='ltr'><strong>Stellis</strong></span> <span class='ocrx_word' id='word_1_188' title='bbox 1667 1303 1771 1329; x_wconf 93' lang='lat' dir='ltr'><strong>vero</strong></span> <span class='ocrx_word' id='word_1_189' title='bbox 1792 1293 1838 1329; x_wconf 90' lang='lat' dir='ltr'><strong>in</strong></span> 
     </span>
     <span class='ocr_line' id='line_1_30' title="bbox 191 1343 1837 1391; baseline 0.001 -11"><span class='ocrx_word' id='word_1_190' title='bbox 191 1343 370 1381; x_wconf 90' lang='lat' dir='ltr'><strong>naribus</strong></span> <span class='ocrx_word' id='word_1_191' title='bbox 391 1343 605 1390; x_wconf 89' lang='lat' dir='ltr'><strong>Equiculi,</strong></span> <span class='ocrx_word' id='word_1_192' title='bbox 627 1344 805 1390; x_wconf 90' lang='lat' dir='ltr'><strong>quando</strong></span> <span class='ocrx_word' id='word_1_193' title='bbox 827 1343 895 1381; x_wconf 91' lang='lat' dir='ltr'><strong>die</strong></span> <span class='ocrx_word' id='word_1_194' title='bbox 917 1344 955 1381; x_wconf 93' lang='lat' dir='ltr'><strong>II</strong></span> <span class='ocrx_word' id='word_1_195' title='bbox 975 1343 1244 1387; x_wconf 89' lang='lat' dir='ltr'><strong>Decembris,</strong></span> <span class='ocrx_word' id='word_1_196' title='bbox 1266 1344 1350 1381; x_wconf 91' lang='lat' dir='ltr'><strong>illis</strong></span> <span class='ocrx_word' id='word_1_197' title='bbox 1371 1349 1500 1391; x_wconf 91' lang='lat' dir='ltr'><strong>caput</strong></span> <span class='ocrx_word' id='word_1_198' title='bbox 1521 1344 1720 1382; x_wconf 86' lang='lat' dir='ltr'><strong>Cometae</strong></span> <span class='ocrx_word' id='word_1_199' title='bbox 1741 1356 1837 1391; x_wconf 90' lang='lat' dir='ltr'><strong>pro-</strong></span> 
     </span>
     <span class='ocr_line' id='line_1_31' title="bbox 190 1396 1837 1444; baseline 0.001 -11"><span class='ocrx_word' id='word_1_200' title='bbox 190 1398 408 1443; x_wconf 91' lang='lat' dir='ltr'><strong>pinquum</strong></span> <span class='ocrx_word' id='word_1_201' title='bbox 433 1401 535 1440; x_wconf 90' lang='lat' dir='ltr'><strong>erat,</strong></span> <span class='ocrx_word' id='word_1_202' title='bbox 566 1396 751 1443; x_wconf 90' lang='lat' dir='ltr'><strong>idipsum</strong></span> <span class='ocrx_word' id='word_1_203' title='bbox 776 1397 1036 1444; x_wconf 91' lang='lat' dir='ltr'><strong>potissimum</strong></span> <span class='ocrx_word' id='word_1_204' title='bbox 1061 1397 1252 1435; x_wconf 90' lang='lat' dir='ltr'><strong>ostendit.</strong></span> <span class='ocrx_word' id='word_1_205' title='bbox 1284 1397 1401 1435; x_wconf 90' lang='lat' dir='ltr'><strong>Licet</strong></span> <span class='ocrx_word' id='word_1_206' title='bbox 1426 1409 1530 1435; x_wconf 91' lang='lat' dir='ltr'><strong>vero</strong></span> <span class='ocrx_word' id='word_1_207' title='bbox 1556 1397 1652 1435; x_wconf 89' lang='lat' dir='ltr'><strong>loca</strong></span> <span class='ocrx_word' id='word_1_208' title='bbox 1677 1397 1837 1435; x_wconf 93' lang='lat' dir='ltr'><strong>harum</strong></span> 
     </span>
     <span class='ocr_line' id='line_1_32' title="bbox 190 1448 1836 1498; baseline 0 -10"><span class='ocrx_word' id='word_1_209' title='bbox 190 1449 436 1493; x_wconf 88' lang='lat' dir='ltr'><strong>Stellarum,</strong></span> <span class='ocrx_word' id='word_1_210' title='bbox 453 1461 545 1487; x_wconf 93' lang='lat' dir='ltr'><strong>non</strong></span> <span class='ocrx_word' id='word_1_211' title='bbox 560 1449 658 1487; x_wconf 91' lang='lat' dir='ltr'><strong>satis</strong></span> <span class='ocrx_word' id='word_1_212' title='bbox 670 1448 831 1493; x_wconf 64' lang='lat' dir='ltr'><strong>exacie,</strong></span> <span class='ocrx_word' id='word_1_213' title='bbox 848 1455 891 1487; x_wconf 93' lang='lat' dir='ltr'><strong>vt</strong></span> <span class='ocrx_word' id='word_1_214' title='bbox 908 1452 1110 1497; x_wconf 90' lang='lat' dir='ltr'><strong>oportuit,</strong></span> <span class='ocrx_word' id='word_1_215' title='bbox 1128 1450 1364 1494; x_wconf 89' lang='lat' dir='ltr'><strong>restituerit,</strong></span> <span class='ocrx_word' id='word_1_216' title='bbox 1381 1455 1529 1488; x_wconf 92' lang='lat' dir='ltr'><strong>tamen</strong></span> <span class='ocrx_word' id='word_1_217' title='bbox 1542 1462 1642 1488; x_wconf 93' lang='lat' dir='ltr'><strong>cum</strong></span> <span class='ocrx_word' id='word_1_218' title='bbox 1653 1456 1836 1498; x_wconf 89' lang='lat' dir='ltr'><strong>vtroque</strong></span> 
     </span>
     <span class='ocr_line' id='line_1_33' title="bbox 189 1502 1837 1550; baseline 0.001 -10"><span class='ocrx_word' id='word_1_219' title='bbox 189 1508 397 1549; x_wconf 90' lang='lat' dir='ltr'><strong>tempore,</strong></span> <span class='ocrx_word' id='word_1_220' title='bbox 416 1502 657 1550; x_wconf 86' lang='lat' dir='ltr'><strong>interlapsis</strong></span> <span class='ocrx_word' id='word_1_221' title='bbox 673 1504 843 1550; x_wconf 81' lang='lat' dir='ltr'><strong>Vtrique</strong></span> <span class='ocrx_word' id='word_1_222' title='bbox 861 1503 1167 1541; x_wconf 88' lang='lat' dir='ltr'><strong>Obseruationi</strong></span> <span class='ocrx_word' id='word_1_223' title='bbox 1183 1506 1316 1541; x_wconf 91' lang='lat' dir='ltr'><strong>ternis</strong></span> <span class='ocrx_word' id='word_1_224' title='bbox 1333 1503 1465 1548; x_wconf 90' lang='lat' dir='ltr'><strong>horis,</strong></span> <span class='ocrx_word' id='word_1_225' title='bbox 1488 1504 1643 1541; x_wconf 90' lang='lat' dir='ltr'><strong>eadem</strong></span> <span class='ocrx_word' id='word_1_226' title='bbox 1659 1505 1837 1541; x_wconf 86' lang='lat' dir='ltr'><strong>assumat</strong></span> 
     </span>
     <span class='ocr_line' id='line_1_34' title="bbox 190 1555 1834 1603; baseline 0.001 -10"><span class='ocrx_word' id='word_1_227' title='bbox 190 1555 424 1594; x_wconf 90' lang='lat' dir='ltr'><strong>Stellarum</strong></span> <span class='ocrx_word' id='word_1_228' title='bbox 435 1555 544 1599; x_wconf 90' lang='lat' dir='ltr'><strong>loca,</strong></span> <span class='ocrx_word' id='word_1_229' title='bbox 559 1555 628 1593; x_wconf 92' lang='lat' dir='ltr'><strong>vel</strong></span> <span class='ocrx_word' id='word_1_230' title='bbox 640 1556 826 1601; x_wconf 93' lang='lat' dir='ltr'><strong>nullum,</strong></span> <span class='ocrx_word' id='word_1_231' title='bbox 838 1556 908 1594; x_wconf 94' lang='lat' dir='ltr'><strong>vel</strong></span> <span class='ocrx_word' id='word_1_232' title='bbox 919 1556 1091 1603; x_wconf 89' lang='lat' dir='ltr'><strong>prorsus</strong></span> <span class='ocrx_word' id='word_1_233' title='bbox 1103 1556 1402 1600; x_wconf 83' lang='lat' dir='ltr'><strong>insensibilem,</strong></span> <span class='ocrx_word' id='word_1_234' title='bbox 1420 1559 1464 1594; x_wconf 92' lang='lat' dir='ltr'><strong>in</strong></span> <span class='ocrx_word' id='word_1_235' title='bbox 1476 1556 1559 1595; x_wconf 91' lang='lat' dir='ltr'><strong>hac</strong></span> <span class='ocrx_word' id='word_1_236' title='bbox 1570 1555 1834 1600; x_wconf 71' lang='lat' dir='ltr'><strong>induclione,</strong></span> 
     </span>
     <span class='ocr_line' id='line_1_35' title="bbox 190 1609 1836 1657; baseline 0.001 -11"><span class='ocrx_word' id='word_1_237' title='bbox 190 1620 383 1646; x_wconf 91' lang='lat' dir='ltr'><strong>errorem</strong></span> <span class='ocrx_word' id='word_1_238' title='bbox 395 1611 664 1646; x_wconf 90' lang='lat' dir='ltr'><strong>committere</strong></span> <span class='ocrx_word' id='word_1_239' title='bbox 676 1611 826 1656; x_wconf 91' lang='lat' dir='ltr'><strong>potuit.</strong></span> <span class='ocrx_word' id='word_1_240' title='bbox 840 1609 997 1656; x_wconf 92' lang='lat' dir='ltr'><strong>Neque</strong></span> <span class='ocrx_word' id='word_1_241' title='bbox 1008 1609 1205 1657; x_wconf 93' lang='lat' dir='ltr'><strong>idipsum,</strong></span> <span class='ocrx_word' id='word_1_242' title='bbox 1218 1610 1336 1656; x_wconf 94' lang='lat' dir='ltr'><strong>quod</strong></span> <span class='ocrx_word' id='word_1_243' title='bbox 1346 1615 1516 1647; x_wconf 91' lang='lat' dir='ltr'><strong>motum</strong></span> <span class='ocrx_word' id='word_1_244' title='bbox 1526 1612 1632 1654; x_wconf 90' lang='lat' dir='ltr'><strong>eius,</strong></span> <span class='ocrx_word' id='word_1_245' title='bbox 1645 1609 1836 1657; x_wconf 64' lang='lat' dir='ltr'><strong>respectu</strong></span> 
     </span>
     <span class='ocr_line' id='line_1_36' title="bbox 191 1661 1834 1710; baseline 0.001 -11"><span class='ocrx_word' id='word_1_246' title='bbox 191 1661 422 1709; x_wconf 86' lang='lat' dir='ltr'><strong>Eclipticae,</strong></span> <span class='ocrx_word' id='word_1_247' title='bbox 444 1673 535 1699; x_wconf 92' lang='lat' dir='ltr'><strong>non</strong></span> <span class='ocrx_word' id='word_1_248' title='bbox 555 1664 600 1699; x_wconf 93' lang='lat' dir='ltr'><strong>in</strong></span> <span class='ocrx_word' id='word_1_249' title='bbox 620 1664 782 1710; x_wconf 90' lang='lat' dir='ltr'><strong>proprij</strong></span> <span class='ocrx_word' id='word_1_250' title='bbox 801 1663 942 1700; x_wconf 90' lang='lat' dir='ltr'><strong>Arcus</strong></span> <span class='ocrx_word' id='word_1_251' title='bbox 963 1662 1094 1701; x_wconf 69' lang='lat' dir='ltr'><strong>ductu</strong></span> <span class='ocrx_word' id='word_1_252' title='bbox 1116 1663 1175 1709; x_wconf 91' lang='lat' dir='ltr'><strong>(id</strong></span> <span class='ocrx_word' id='word_1_253' title='bbox 1196 1665 1315 1701; x_wconf 91' lang='lat' dir='ltr'><strong>enim</strong></span> <span class='ocrx_word' id='word_1_254' title='bbox 1333 1665 1668 1701; x_wconf 86' lang='lat' dir='ltr'><strong>conuenientius</strong></span> <span class='ocrx_word' id='word_1_255' title='bbox 1684 1663 1834 1709; x_wconf 88' lang='lat' dir='ltr'><strong>fuisset)</strong></span> 
     </span>
     <span class='ocr_line' id='line_1_37' title="bbox 190 1715 1387 1763; baseline 0.001 -11"><span class='ocrx_word' id='word_1_256' title='bbox 190 1717 423 1759; x_wconf 85' lang='lat' dir='ltr'><strong>examinet,</strong></span> <span class='ocrx_word' id='word_1_257' title='bbox 439 1715 678 1753; x_wconf 79' lang='lat' dir='ltr'><strong>sensibilem</strong></span> <span class='ocrx_word' id='word_1_258' title='bbox 694 1727 721 1753; x_wconf 95' lang='lat' dir='ltr'><strong>a</strong></span> <span class='ocrx_word' id='word_1_259' title='bbox 736 1727 840 1753; x_wconf 89' lang='lat' dir='ltr'><strong>vero</strong></span> <span class='ocrx_word' id='word_1_260' title='bbox 857 1716 1155 1754; x_wconf 87' lang='lat' dir='ltr'><strong>deuiationem</strong></span> <span class='ocrx_word' id='word_1_261' title='bbox 1171 1718 1387 1763; x_wconf 90' lang='lat' dir='ltr'><strong>importat.</strong></span> 
     </span>
    </p>

    <p class='ocr_par' dir='ltr' id='par_1_13' title="bbox 187 1768 1836 2507">
     <span class='ocr_line' id='line_1_38' title="bbox 242 1768 1834 1816; baseline 0.001 -11"><span class='ocrx_word' id='word_1_262' title='bbox 242 1768 293 1805; x_wconf 93' lang='lat' dir='ltr'><strong>In</strong></span> <span class='ocrx_word' id='word_1_263' title='bbox 316 1768 696 1806; x_wconf 86' lang='lat' dir='ltr'><strong>Demonstratione</strong></span> <span class='ocrx_word' id='word_1_264' title='bbox 719 1774 868 1806; x_wconf 92' lang='lat' dir='ltr'><strong>autem</strong></span> <span class='ocrx_word' id='word_1_265' title='bbox 891 1781 1026 1816; x_wconf 90' lang='lat' dir='ltr'><strong>quam</strong></span> <span class='ocrx_word' id='word_1_266' title='bbox 1051 1769 1237 1813; x_wconf 88' lang='lat' dir='ltr'><strong>adducit,</strong></span> <span class='ocrx_word' id='word_1_267' title='bbox 1263 1769 1335 1807; x_wconf 91' lang='lat' dir='ltr'><strong>vbi</strong></span> <span class='ocrx_word' id='word_1_268' title='bbox 1358 1771 1403 1806; x_wconf 94' lang='lat' dir='ltr'><strong>in</strong></span> <span class='ocrx_word' id='word_1_269' title='bbox 1427 1769 1605 1807; x_wconf 89' lang='lat' dir='ltr'><strong>Circulo</strong></span> <span class='ocrx_word' id='word_1_270' title='bbox 1628 1769 1834 1813; x_wconf 90' lang='lat' dir='ltr'><strong>verticali,</strong></span> 
     </span>
     <span class='ocr_line' id='line_1_39' title="bbox 189 1821 1834 1870; baseline 0.001 -11"><span class='ocrx_word' id='word_1_271' title='bbox 189 1821 455 1859; x_wconf 86' lang='lat' dir='ltr'><strong>diuerfitates</strong></span> <span class='ocrx_word' id='word_1_272' title='bbox 478 1821 775 1859; x_wconf 86' lang='lat' dir='ltr'><strong>Parallaxium</strong></span> <span class='ocrx_word' id='word_1_273' title='bbox 798 1823 844 1859; x_wconf 93' lang='lat' dir='ltr'><strong>in</strong></span> <span class='ocrx_word' id='word_1_274' title='bbox 866 1822 1010 1860; x_wconf 92' lang='lat' dir='ltr'><strong>altiori</strong></span> <span class='ocrx_word' id='word_1_275' title='bbox 1032 1822 1102 1860; x_wconf 91' lang='lat' dir='ltr'><strong>vel</strong></span> <span class='ocrx_word' id='word_1_276' title='bbox 1124 1822 1351 1860; x_wconf 91' lang='lat' dir='ltr'><strong>decliuiori</strong></span> <span class='ocrx_word' id='word_1_277' title='bbox 1374 1822 1464 1866; x_wconf 87' lang='lat' dir='ltr'><strong>fitu,</strong></span> <span class='ocrx_word' id='word_1_278' title='bbox 1488 1821 1676 1870; x_wconf 65' lang='lat' dir='ltr'><strong>respedtu</strong></span> <span class='ocrx_word' id='word_1_279' title='bbox 1699 1822 1834 1860; x_wconf 90' lang='lat' dir='ltr'><strong>Semi-</strong></span> 
     </span>
     <span class='ocr_line' id='line_1_40' title="bbox 189 1874 1835 1923; baseline 0.001 -11"><span class='ocrx_word' id='word_1_280' title='bbox 189 1874 389 1912; x_wconf 90' lang='lat' dir='ltr'><strong>diametri</strong></span> <span class='ocrx_word' id='word_1_281' title='bbox 409 1874 570 1918; x_wconf 89' lang='lat' dir='ltr'><strong>Terrae,</strong></span> <span class='ocrx_word' id='word_1_282' title='bbox 591 1886 714 1912; x_wconf 92' lang='lat' dir='ltr'><strong>more</strong></span> <span class='ocrx_word' id='word_1_283' title='bbox 735 1877 1027 1913; x_wconf 89' lang='lat' dir='ltr'><strong>communiter</strong></span> <span class='ocrx_word' id='word_1_284' title='bbox 1046 1875 1196 1913; x_wconf 86' lang='lat' dir='ltr'><strong>vfitato</strong></span> <span class='ocrx_word' id='word_1_285' title='bbox 1218 1876 1415 1923; x_wconf 86' lang='lat' dir='ltr'><strong>explicat,</strong></span> <span class='ocrx_word' id='word_1_286' title='bbox 1437 1887 1528 1913; x_wconf 93' lang='lat' dir='ltr'><strong>non</strong></span> <span class='ocrx_word' id='word_1_287' title='bbox 1548 1875 1717 1913; x_wconf 91' lang='lat' dir='ltr'><strong>videtur</strong></span> <span class='ocrx_word' id='word_1_288' title='bbox 1737 1875 1835 1914; x_wconf 90' lang='lat' dir='ltr'><strong>satis</strong></span> 
     </span>
     <span class='ocr_line' id='line_1_41' title="bbox 189 1927 1834 1976; baseline 0.001 -11"><span class='ocrx_word' id='word_1_289' title='bbox 189 1930 503 1966; x_wconf 89' lang='lat' dir='ltr'><strong>conuenienter</strong></span> <span class='ocrx_word' id='word_1_290' title='bbox 523 1927 656 1966; x_wconf 89' lang='lat' dir='ltr'><strong>huius</strong></span> <span class='ocrx_word' id='word_1_291' title='bbox 673 1927 872 1966; x_wconf 82' lang='lat' dir='ltr'><strong>Cometae</strong></span> <span class='ocrx_word' id='word_1_292' title='bbox 889 1930 1168 1976; x_wconf 90' lang='lat' dir='ltr'><strong>apparentias</strong></span> <span class='ocrx_word' id='word_1_293' title='bbox 1184 1928 1287 1966; x_wconf 92' lang='lat' dir='ltr'><strong>huic</strong></span> <span class='ocrx_word' id='word_1_294' title='bbox 1303 1930 1625 1966; x_wconf 90' lang='lat' dir='ltr'><strong>ratiocinationi</strong></span> <span class='ocrx_word' id='word_1_295' title='bbox 1642 1929 1834 1976; x_wconf 90' lang='lat' dir='ltr'><strong>applicu-</strong></span> 
     </span>
     <span class='ocr_line' id='line_1_42' title="bbox 188 1980 1836 2028; baseline 0.001 -10"><span class='ocrx_word' id='word_1_296' title='bbox 188 1982 271 2025; x_wconf 90' lang='lat' dir='ltr'><strong>isse;</strong></span> <span class='ocrx_word' id='word_1_297' title='bbox 288 1981 500 2028; x_wconf 80' lang='lat' dir='ltr'><strong>siquidem</strong></span> <span class='ocrx_word' id='word_1_298' title='bbox 515 1986 660 2019; x_wconf 91' lang='lat' dir='ltr'><strong>motus</strong></span> <span class='ocrx_word' id='word_1_299' title='bbox 677 1983 771 2019; x_wconf 91' lang='lat' dir='ltr'><strong>eius</strong></span> <span class='ocrx_word' id='word_1_300' title='bbox 787 1993 878 2019; x_wconf 92' lang='lat' dir='ltr'><strong>non</strong></span> <span class='ocrx_word' id='word_1_301' title='bbox 895 1984 1030 2019; x_wconf 87' lang='lat' dir='ltr'><strong>extitit</strong></span> <span class='ocrx_word' id='word_1_302' title='bbox 1044 1984 1089 2019; x_wconf 93' lang='lat' dir='ltr'><strong>in</strong></span> <span class='ocrx_word' id='word_1_303' title='bbox 1103 1980 1314 2020; x_wconf 66' lang='lat' dir='ltr'><strong>directum</strong></span> <span class='ocrx_word' id='word_1_304' title='bbox 1325 1981 1502 2025; x_wconf 89' lang='lat' dir='ltr'><strong>sursum,</strong></span> <span class='ocrx_word' id='word_1_305' title='bbox 1519 1981 1665 2019; x_wconf 90' lang='lat' dir='ltr'><strong>versus</strong></span> <span class='ocrx_word' id='word_1_306' title='bbox 1678 1982 1836 2020; x_wconf 92' lang='lat' dir='ltr'><strong>Zenith</strong></span> 
     </span>
     <span class='ocr_line' id='line_1_43' title="bbox 189 2031 1836 2084; baseline 0 -12"><span class='ocrx_word' id='word_1_307' title='bbox 189 2036 351 2082; x_wconf 89' lang='lat' dir='ltr'><strong>capitis,</strong></span> <span class='ocrx_word' id='word_1_308' title='bbox 368 2036 427 2072; x_wconf 90' lang='lat' dir='ltr'><strong>ita</strong></span> <span class='ocrx_word' id='word_1_309' title='bbox 438 2039 481 2072; x_wconf 94' lang='lat' dir='ltr'><strong>vt</strong></span> <span class='ocrx_word' id='word_1_310' title='bbox 492 2046 569 2081; x_wconf 87' lang='lat' dir='ltr'><strong>per</strong></span> <span class='ocrx_word' id='word_1_311' title='bbox 580 2034 719 2072; x_wconf 90' lang='lat' dir='ltr'><strong>solum</strong></span> <span class='ocrx_word' id='word_1_312' title='bbox 730 2031 1017 2084; x_wconf 72' lang='lat' dir='ltr'><strong>verti-&#39;&#39;calem</strong></span> <span class='ocrx_word' id='word_1_313' title='bbox 1033 2035 1257 2079; x_wconf 90' lang='lat' dir='ltr'><strong>circulum,</strong></span> <span class='ocrx_word' id='word_1_314' title='bbox 1275 2034 1525 2073; x_wconf 84' lang='lat' dir='ltr'><strong>Parallaxes</strong></span> <span class='ocrx_word' id='word_1_315' title='bbox 1537 2035 1836 2073; x_wconf 89' lang='lat' dir='ltr'><strong>Demonstrari</strong></span> 
     </span>
     <span class='ocr_line' id='line_1_44' title="bbox 187 2087 1835 2136; baseline 0.001 -11"><span class='ocrx_word' id='word_1_316' title='bbox 187 2089 419 2135; x_wconf 91' lang='lat' dir='ltr'><strong>potuerint,</strong></span> <span class='ocrx_word' id='word_1_317' title='bbox 440 2099 520 2125; x_wconf 91' lang='lat' dir='ltr'><strong>nec</strong></span> <span class='ocrx_word' id='word_1_318' title='bbox 540 2087 570 2125; x_wconf 85' lang='lat' dir='ltr'>fi</span> <span class='ocrx_word' id='word_1_319' title='bbox 591 2090 636 2125; x_wconf 92' lang='lat' dir='ltr'><strong>in</strong></span> <span class='ocrx_word' id='word_1_320' title='bbox 652 2099 740 2125; x_wconf 92' lang='lat' dir='ltr'><strong>vna</strong></span> <span class='ocrx_word' id='word_1_321' title='bbox 760 2087 911 2135; x_wconf 92' lang='lat' dir='ltr'><strong>aliqua</strong></span> <span class='ocrx_word' id='word_1_322' title='bbox 928 2088 1067 2131; x_wconf 90' lang='lat' dir='ltr'><strong>Hora,</strong></span> <span class='ocrx_word' id='word_1_323' title='bbox 1089 2089 1231 2126; x_wconf 91' lang='lat' dir='ltr'><strong>Arcus</strong></span> <span class='ocrx_word' id='word_1_324' title='bbox 1251 2093 1397 2126; x_wconf 90' lang='lat' dir='ltr'><strong>motus</strong></span> <span class='ocrx_word' id='word_1_325' title='bbox 1413 2090 1576 2136; x_wconf 90' lang='lat' dir='ltr'><strong>proprii</strong></span> <span class='ocrx_word' id='word_1_326' title='bbox 1593 2100 1693 2126; x_wconf 92' lang='lat' dir='ltr'><strong>cum</strong></span> <span class='ocrx_word' id='word_1_327' title='bbox 1709 2091 1835 2126; x_wconf 87' lang='lat' dir='ltr'><strong>verti-</strong></span> 
     </span>
     <span class='ocr_line' id='line_1_45' title="bbox 189 2140 1835 2189; baseline 0.001 -11"><span class='ocrx_word' id='word_1_328' title='bbox 189 2141 271 2179; x_wconf 91' lang='lat' dir='ltr'><strong>cali</strong></span> <span class='ocrx_word' id='word_1_329' title='bbox 282 2142 477 2178; x_wconf 90' lang='lat' dir='ltr'><strong>vniretur</strong></span> <span class='ocrx_word' id='word_1_330' title='bbox 490 2140 625 2188; x_wconf 92' lang='lat' dir='ltr'><strong>(quod</strong></span> <span class='ocrx_word' id='word_1_331' title='bbox 637 2145 785 2178; x_wconf 91' lang='lat' dir='ltr'><strong>tamen</strong></span> <span class='ocrx_word' id='word_1_332' title='bbox 797 2141 1013 2188; x_wconf 91' lang='lat' dir='ltr'><strong>nusquam</strong></span> <span class='ocrx_word' id='word_1_333' title='bbox 1024 2143 1070 2179; x_wconf 90' lang='lat' dir='ltr'><strong>in</strong></span> <span class='ocrx_word' id='word_1_334' title='bbox 1082 2141 1233 2179; x_wconf 88' lang='lat' dir='ltr'><strong>nostris</strong></span> <span class='ocrx_word' id='word_1_335' title='bbox 1243 2141 1520 2189; x_wconf 88' lang='lat' dir='ltr'><strong>Regionibus,</strong></span> <span class='ocrx_word' id='word_1_336' title='bbox 1533 2143 1622 2179; x_wconf 93' lang='lat' dir='ltr'><strong>imo</strong></span> <span class='ocrx_word' id='word_1_337' title='bbox 1632 2144 1705 2179; x_wconf 88' lang='lat' dir='ltr'><strong>vix</strong></span> <span class='ocrx_word' id='word_1_338' title='bbox 1717 2147 1835 2180; x_wconf 92' lang='lat' dir='ltr'><strong>ante—</strong></span> 
     </span>
     <span class='ocr_line' id='line_1_46' title="bbox 188 2194 1834 2242; baseline 0.001 -11"><span class='ocrx_word' id='word_1_339' title='bbox 188 2205 323 2241; x_wconf 91' lang='lat' dir='ltr'><strong>quam</strong></span> <span class='ocrx_word' id='word_1_340' title='bbox 334 2194 465 2232; x_wconf 90' lang='lat' dir='ltr'><strong>Polus</strong></span> <span class='ocrx_word' id='word_1_341' title='bbox 480 2194 535 2232; x_wconf 89' lang='lat' dir='ltr'><strong>ad</strong></span> <span class='ocrx_word' id='word_1_342' title='bbox 549 2194 601 2232; x_wconf 88' lang='lat'><strong>30</strong></span> <span class='ocrx_word' id='word_1_343' title='bbox 615 2194 844 2241; x_wconf 88' lang='lat' dir='ltr'><strong>graduum,</strong></span> <span class='ocrx_word' id='word_1_344' title='bbox 861 2194 931 2232; x_wconf 93' lang='lat' dir='ltr'><strong>vel</strong></span> <span class='ocrx_word' id='word_1_345' title='bbox 947 2196 1124 2238; x_wconf 88' lang='lat' dir='ltr'><strong>circiter,</strong></span> <span class='ocrx_word' id='word_1_346' title='bbox 1142 2194 1435 2232; x_wconf 88' lang='lat' dir='ltr'><strong>decliuitatem</strong></span> <span class='ocrx_word' id='word_1_347' title='bbox 1452 2197 1723 2242; x_wconf 89' lang='lat' dir='ltr'><strong>pertingeret,</strong></span> <span class='ocrx_word' id='word_1_348' title='bbox 1740 2195 1834 2232; x_wconf 90' lang='lat' dir='ltr'><strong>fieri</strong></span> 
     </span>
     <span class='ocr_line' id='line_1_47' title="bbox 187 2246 1833 2295; baseline 0.001 -11"><span class='ocrx_word' id='word_1_349' title='bbox 187 2246 343 2294; x_wconf 92' lang='lat' dir='ltr'><strong>potuit)</strong></span> <span class='ocrx_word' id='word_1_350' title='bbox 365 2247 407 2284; x_wconf 92' lang='lat' dir='ltr'><strong>id</strong></span> <span class='ocrx_word' id='word_1_351' title='bbox 427 2252 576 2285; x_wconf 87' lang='lat' dir='ltr'><strong>tamen</strong></span> <span class='ocrx_word' id='word_1_352' title='bbox 592 2252 775 2294; x_wconf 86' lang='lat' dir='ltr'><strong>vtroque</strong></span> <span class='ocrx_word' id='word_1_353' title='bbox 792 2249 837 2284; x_wconf 93' lang='lat' dir='ltr'><strong>in</strong></span> <span class='ocrx_word' id='word_1_354' title='bbox 853 2247 943 2291; x_wconf 87' lang='lat' dir='ltr'><strong>litu,</strong></span> <span class='ocrx_word' id='word_1_355' title='bbox 960 2250 1121 2294; x_wconf 90' lang='lat' dir='ltr'><strong>pariter</strong></span> <span class='ocrx_word' id='word_1_356' title='bbox 1136 2259 1421 2295; x_wconf 88' lang='lat' dir='ltr'><strong>nequaquam</strong></span> <span class='ocrx_word' id='word_1_357' title='bbox 1438 2248 1724 2295; x_wconf 86' lang='lat' dir='ltr'><strong>contingebat.</strong></span> <span class='ocrx_word' id='word_1_358' title='bbox 1747 2249 1833 2286; x_wconf 93' lang='lat' dir='ltr'><strong>Ne-</strong></span> 
     </span>
     <span class='ocr_line' id='line_1_48' title="bbox 188 2300 1833 2348; baseline 0.001 -11"><span class='ocrx_word' id='word_1_359' title='bbox 188 2312 273 2348; x_wconf 93' lang='lat' dir='ltr'><strong>que</strong></span> <span class='ocrx_word' id='word_1_360' title='bbox 289 2300 377 2338; x_wconf 90' lang='lat' dir='ltr'><strong>vlla</strong></span> <span class='ocrx_word' id='word_1_361' title='bbox 393 2300 627 2338; x_wconf 91' lang='lat' dir='ltr'><strong>Stellarum</strong></span> <span class='ocrx_word' id='word_1_362' title='bbox 644 2300 846 2347; x_wconf 91' lang='lat' dir='ltr'><strong>Equiculi</strong></span> <span class='ocrx_word' id='word_1_363' title='bbox 862 2306 1030 2348; x_wconf 91' lang='lat' dir='ltr'><strong>poterat</strong></span> <span class='ocrx_word' id='word_1_364' title='bbox 1045 2301 1286 2348; x_wconf 90' lang='lat' dir='ltr'><strong>vtrobique,</strong></span> <span class='ocrx_word' id='word_1_365' title='bbox 1307 2306 1397 2339; x_wconf 90' lang='lat' dir='ltr'><strong>tam</strong></span> <span class='ocrx_word' id='word_1_366' title='bbox 1414 2301 1542 2339; x_wconf 90' lang='lat' dir='ltr'><strong>Hora</strong></span> <span class='ocrx_word' id='word_1_367' title='bbox 1562 2301 1678 2339; x_wconf 89' lang='lat' dir='ltr'><strong>sexta</strong></span> <span class='ocrx_word' id='word_1_368' title='bbox 1699 2313 1833 2348; x_wconf 91' lang='lat' dir='ltr'><strong>quam</strong></span> 
     </span>
     <span class='ocr_line' id='line_1_49' title="bbox 188 2353 1832 2398; baseline 0.001 -7"><span class='ocrx_word' id='word_1_369' title='bbox 188 2365 309 2391; x_wconf 91' lang='lat' dir='ltr'><strong>nona</strong></span> <span class='ocrx_word' id='word_1_370' title='bbox 328 2353 649 2397; x_wconf 89' lang='lat' dir='ltr'><strong>Pomeridiana,</strong></span> <span class='ocrx_word' id='word_1_371' title='bbox 671 2354 747 2391; x_wconf 88' lang='lat' dir='ltr'><strong>esse</strong></span> <span class='ocrx_word' id='word_1_372' title='bbox 768 2355 813 2391; x_wconf 92' lang='lat' dir='ltr'><strong>in</strong></span> <span class='ocrx_word' id='word_1_373' title='bbox 834 2365 922 2391; x_wconf 92' lang='lat' dir='ltr'><strong>vno</strong></span> <span class='ocrx_word' id='word_1_374' title='bbox 939 2354 1117 2392; x_wconf 90' lang='lat' dir='ltr'><strong>Circulo</strong></span> <span class='ocrx_word' id='word_1_375' title='bbox 1138 2354 1331 2392; x_wconf 86' lang='lat' dir='ltr'><strong>verticali</strong></span> <span class='ocrx_word' id='word_1_376' title='bbox 1352 2366 1453 2392; x_wconf 92' lang='lat' dir='ltr'><strong>cum</strong></span> <span class='ocrx_word' id='word_1_377' title='bbox 1474 2353 1604 2392; x_wconf 66' lang='lat' dir='ltr'><strong>ductu</strong></span> <span class='ocrx_word' id='word_1_378' title='bbox 1621 2354 1832 2398; x_wconf 84' lang='lat' dir='ltr'><strong>Cometae,</strong></span> 
     </span>
     <span class='ocr_line' id='line_1_50' title="bbox 188 2406 1831 2455; baseline 0 -11"><span class='ocrx_word' id='word_1_379' title='bbox 188 2408 290 2451; x_wconf 91' lang='lat' dir='ltr'><strong>imo,</strong></span> <span class='ocrx_word' id='word_1_380' title='bbox 307 2418 362 2444; x_wconf 90' lang='lat' dir='ltr'><strong>ne</strong></span> <span class='ocrx_word' id='word_1_381' title='bbox 374 2408 502 2444; x_wconf 93' lang='lat' dir='ltr'><strong>vnico</strong></span> <span class='ocrx_word' id='word_1_382' title='bbox 515 2406 676 2444; x_wconf 90' lang='lat' dir='ltr'><strong>horum</strong></span> <span class='ocrx_word' id='word_1_383' title='bbox 687 2412 947 2454; x_wconf 89' lang='lat' dir='ltr'><strong>temporum,</strong></span> <span class='ocrx_word' id='word_1_384' title='bbox 965 2409 1010 2444; x_wconf 95' lang='lat' dir='ltr'><strong>in</strong></span> <span class='ocrx_word' id='word_1_385' title='bbox 1021 2407 1110 2445; x_wconf 92' lang='lat' dir='ltr'><strong>vlla</strong></span> <span class='ocrx_word' id='word_1_386' title='bbox 1122 2419 1275 2446; x_wconf 88' lang='lat' dir='ltr'><strong>earum</strong></span> <span class='ocrx_word' id='word_1_387' title='bbox 1287 2407 1472 2455; x_wconf 87' lang='lat' dir='ltr'><strong>idipsum</strong></span> <span class='ocrx_word' id='word_1_388' title='bbox 1484 2406 1632 2445; x_wconf 66' lang='lat' dir='ltr'><strong>exacte</strong></span> <span class='ocrx_word' id='word_1_389' title='bbox 1646 2409 1831 2455; x_wconf 85' lang='lat' dir='ltr'><strong>contigit.</strong></span> 
     </span>
     <span class='ocr_line' id='line_1_51' title="bbox 188 2459 1832 2507; baseline 0.001 -10"><span class='ocrx_word' id='word_1_390' title='bbox 188 2459 413 2507; x_wconf 92' lang='lat' dir='ltr'><strong>Siquidem</strong></span> <span class='ocrx_word' id='word_1_391' title='bbox 423 2461 468 2497; x_wconf 92' lang='lat' dir='ltr'><strong>in</strong></span> <span class='ocrx_word' id='word_1_392' title='bbox 478 2460 707 2507; x_wconf 90' lang='lat' dir='ltr'><strong>obliquum</strong></span> <span class='ocrx_word' id='word_1_393' title='bbox 717 2460 772 2498; x_wconf 91' lang='lat' dir='ltr'><strong>ad</strong></span> <span class='ocrx_word' id='word_1_394' title='bbox 782 2460 927 2504; x_wconf 88' lang='lat' dir='ltr'><strong>Latus,</strong></span> <span class='ocrx_word' id='word_1_395' title='bbox 940 2459 1131 2507; x_wconf 67' lang='lat' dir='ltr'><strong>respectu</strong></span> <span class='ocrx_word' id='word_1_396' title='bbox 1141 2460 1394 2505; x_wconf 92' lang='lat' dir='ltr'><strong>earundem,</strong></span> <span class='ocrx_word' id='word_1_397' title='bbox 1405 2460 1623 2499; x_wconf 89' lang='lat' dir='ltr'><strong>ferebatur</strong></span> <span class='ocrx_word' id='word_1_398' title='bbox 1634 2461 1832 2503; x_wconf 90' lang='lat' dir='ltr'><strong>Cometa,</strong></span> 
     </span>
    </p>
   </div>
   <div class='ocr_carea' id='block_1_12' title="bbox 187 2512 1832 2604">
    <p class='ocr_par' dir='ltr' id='par_1_14' title="bbox 187 2512 1832 2604">
     <span class='ocr_line' id='line_1_52' title="bbox 187 2512 1832 2562; baseline 0 -12"><span class='ocrx_word' id='word_1_399' title='bbox 187 2518 230 2550; x_wconf 93' lang='lat' dir='ltr'><strong>vt</strong></span> <span class='ocrx_word' id='word_1_400' title='bbox 246 2512 315 2550; x_wconf 89' lang='lat' dir='ltr'><strong>vel</strong></span> <span class='ocrx_word' id='word_1_401' title='bbox 331 2524 385 2550; x_wconf 86' lang='lat' dir='ltr'><strong>ex</strong></span> <span class='ocrx_word' id='word_1_402' title='bbox 401 2512 498 2560; x_wconf 86' lang='lat' dir='ltr'><strong>ipfis</strong></span> <span class='ocrx_word' id='word_1_403' title='bbox 510 2513 720 2551; x_wconf 90' lang='lat' dir='ltr'><strong>Moestlini</strong></span> <span class='ocrx_word' id='word_1_404' title='bbox 736 2513 1190 2552; x_wconf 80' lang='lat' dir='ltr'><strong>animaduersionibus</strong></span> <span class='ocrx_word' id='word_1_405' title='bbox 1207 2514 1407 2562; x_wconf 89' lang='lat' dir='ltr'><strong>colligere</strong></span> <span class='ocrx_word' id='word_1_406' title='bbox 1424 2513 1533 2551; x_wconf 89' lang='lat' dir='ltr'><strong>licet.</strong></span> <span class='ocrx_word' id='word_1_407' title='bbox 1552 2513 1701 2560; x_wconf 88' lang='lat' dir='ltr'><strong>Quare</strong></span> <span class='ocrx_word' id='word_1_408' title='bbox 1718 2514 1832 2551; x_wconf 90' lang='lat' dir='ltr'><strong>hanc</strong></span> 
     </span>
     <span class='ocr_line' id='line_1_53' title="bbox 293 2567 1832 2604; baseline -0.001 0"><span class='ocrx_word' id='word_1_409' title='bbox 293 2573 343 2599; x_wconf 80' lang='lat'><strong>27*</strong></span> <span class='ocrx_word' id='word_1_410' title='bbox 1404 2567 1832 2604; x_wconf 89' lang='lat' dir='ltr'><strong>Demonstrationem</strong></span> 
     </span>
    </p>
   </div>
  </div>
 </body>
</html>
