2209 3213
121 788 153 815 10

122 1054 153 1080 15

119 1319 153 1345 20

119 1585 153 1610 25

105 1685 165 1717 157

119 1850 153 1876 30

118 2116 151 2142 35

119 2381 152 2407 40

132 2479 152 2510 ·1-

508 191 1030 231 RECENTIORIBUS
1049 191 1509 230 PHAENOMENIS
1763 191 1830 229 133

188 298 286 338 bilis
308 298 486 337 affuisset
505 297 713 346 Aspedtus
736 298 975 342 diuerfitas;
999 303 1043 336 vt
1065 302 1297 345 propterea
1320 297 1559 336 Parallelus
1579 297 1833 344 AEquatoris

190 352 340 400 (quem
366 356 490 389 motu
511 351 699 389 vniuerfi
726 351 936 398 describit)
964 351 1092 389 fuerit
1115 351 1392 399 aequidistans
1412 351 1640 398 vtrobique
1663 362 1690 388 a
1712 350 1831 394 Polo,

189 416 280 443 non
292 404 496 442 dissimilis
507 403 582 452 ipfi
594 404 691 442 LO:
708 404 984 442 manifestum
995 407 1142 451 itaque
1155 404 1314 448 euadit,
1326 404 1444 442 hunc
1458 404 1702 448 Cometam,
1714 403 1833 441 velut

190 458 228 496 &
243 457 341 506 alijs
356 456 554 506 pluribus
570 459 890 504 experimentis,
912 458 1067 496 eadem
1088 457 1171 495 hac
1187 457 1403 495 Methodo
1418 456 1517 494 satis
1532 456 1744 495 laboriose
1762 468 1832 494 ex-

189 513 394 549 aminatis
420 510 538 558 (quae
562 509 635 548 hic
659 522 751 548 non
774 510 953 548 vlterius
978 510 1083 548 duxi
1108 510 1342 553 recitanda,
1367 521 1423 547 ne
1448 512 1636 547 nimium
1659 509 1834 557 copiosa

189 563 311 602 fieret
331 563 384 601 de
404 562 473 601 his
489 563 867 610 commemoratio)
884 565 1049 611 experti
1065 563 1225 607 sumuS,
1248 565 1380 601 etiam
1400 575 1453 601 ex
1474 562 1557 601 hac
1573 563 1831 610 Regiomon-

188 618 281 655 tani
291 616 584 664 speculatione
596 618 642 654 in
653 616 813 654 Praxin
824 615 1021 661 deducta,
1035 621 1111 654 aut
1122 616 1304 660 nullam,
1319 621 1393 654 aut
1404 616 1534 663 plane
1546 616 1833 654 insensibilem

190 670 411 708 obtinuisse
420 669 683 714 Parallaxin‚
694 669 881 717 ideoque
891 671 1072 707 minime
1082 671 1127 707 in
1138 669 1403 707 Elementari
1411 669 1614 716 Regione‚
1625 669 1695 706 sed
1704 669 1832 717 longe

188 722 317 770 supra
332 723 507 760 Lunam
521 724 568 760 in
583 722 674 770 ipso
690 722 885 760 altissimo
895 722 1076 760 AEthere
1092 727 1262 760 motum
1278 722 1404 760 suum
1421 723 1665 766 exercuisse;
1683 727 1833 760 contra

190 787 325 823 quam
346 776 617 823 Peripatetici
639 780 819 820 veteres,
843 775 881 813 &
903 775 1081 824 plurimi
1103 775 1419 813 modernorum
1441 775 1678 819 credidere;
1701 775 1832 822 vsque

190 829 302 867 adeo
318 828 393 876 ipfi
408 828 589 867 Veritati
605 828 840 876 praeualuit
854 828 1125 866 Aristotelica
1140 828 1410 866 Authoritas.

242 882 362 920 Patet
376 881 550 929 insuper
565 882 609 920 id
625 884 768 926 etiam,
786 882 904 929 quod
919 881 1050 919 semel
1066 886 1197 929 atque
1213 883 1372 919 iterum
1387 881 1521 919 testati
1537 881 1696 925 sumus,
1718 881 1833 919 hanc

189 935 525 983 Regiomontani
536 937 655 973 viam
671 947 762 973 non
778 934 940 973 habere
956 934 1116 979 locum,
1132 934 1204 973 vbi
1220 946 1288 972 res
1305 936 1418 972 circa
1433 936 1618 972 minima
1628 934 1832 978 versatur,

189 988 259 1026 sed
281 987 431 1026 saltem
454 988 633 1035 quando
655 1000 817 1036 magna
839 988 877 1025 8(
899 987 1103 1025 senfibilis
1124 987 1422 1026 Parallaxium
1443 987 1577 1025 existit
1597 987 1832 1025 diuersitas.

190 1041 309 1079 Nam
325 1040 493 1088 aliquot
504 1041 808 1079 Secundorum
824 1041 974 1079 saltem
989 1043 1036 1078 in
1051 1046 1260 1088 tempore,
1276 1040 1347 1078 vel
1357 1042 1487 1078 vnius
1503 1040 1691 1087 scrupuli
1702 1042 1747 1077 in
1759 1040 1833 1078 Al-

188 1094 372 1133 titudine
383 1099 459 1133 aut
465 1094 715 1132 Azimuthis
725 1096 922 1138 mutatio,
935 1094 1176 1132 admodum
1187 1093 1425 1132 sensibilem
1436 1105 1685 1141 magnaque
1695 1105 1833 1141 quan-

188 1149 307 1186 titate
324 1147 640 1186 excrescentem
659 1147 825 1185 inducit
840 1149 1147 1191 variationem:
1168 1147 1294 1185 Adde
1315 1146 1433 1194 quod
1453 1146 1555 1194 ipsae
1571 1146 1754 1185 Tabulae
1771 1146 1833 1185 Si-

190 1212 342 1246 nuum,
364 1212 464 1238 cum
484 1201 541 1239 ad
560 1200 763 1239 vltimum
782 1200 1072 1249 Triangulum
1093 1200 1236 1238 LMN
1256 1199 1384 1238 fuerit
1405 1198 1589 1238 deduc‘ha
1610 1200 1832 1247 Operatio,

189 1265 281 1292 non
296 1254 521 1301 praebeant
536 1255 582 1291 in
597 1259 688 1292 tam
703 1254 932 1292 minutulis
948 1253 1246 1292 Parallaxium
1261 1253 1528 1301 differentijs,
1545 1264 1835 1291 numerorum

189 1312 331 1345 ratam
347 1307 661 1352 certitudinem,
683 1319 736 1345 eo
753 1307 870 1355 quod
887 1309 1001 1345 circa
1015 1306 1151 1345 finem
1167 1306 1450 1353 Quadrantis,
1471 1318 1563 1344 non
1582 1306 1628 1344 fit
1648 1306 1746 1344 satis
1763 1318 1833 1344 ex-

189 1359 309 1399 actus
325 1360 524 1399 Canonis
541 1360 648 1398 vsus.
667 1360 946 1408 Quapropter
960 1360 1057 1398 haec
1069 1361 1404 1408 Regiomontani
1420 1359 1655 1407 speculatio
1671 1371 1763 1397 non
1779 1360 1833 1398 ob

189 1413 232 1452 id
244 1425 271 1452 a
281 1413 408 1451 nobis
420 1415 465 1451 in
476 1414 672 1452 medium
683 1413 894 1461 produela
906 1413 972 1458 est,
990 1414 1109 1461 quod
1120 1425 1197 1461 per
1208 1413 1323 1451 hanc
1334 1413 1500 1460 aliquid
1513 1415 1682 1457 certius,
1699 1424 1835 1460 quam

189 1468 236 1504 in
251 1466 619 1512 antecedentibus,
638 1472 854 1514 quantum
870 1467 925 1505 ad
941 1467 1239 1505 Parallaxium
1255 1466 1643 1514 inuestigationem,
1663 1466 1834 1504 enucle-

190 1531 265 1558 are
280 1519 613 1567 sperauerimus‚
632 1520 703 1558 sed
718 1519 1006 1565 solummodo,
1024 1522 1129 1567 quia
1144 1532 1171 1558 a
1186 1525 1307 1558 tanto
1323 1519 1501 1557 Artifice
1518 1519 1693 1557 solerter
1709 1531 1834 1557 exco-

190 1575 321 1621 gitata
342 1580 445 1617 erat,
463 1572 501 1610 8(
517 1585 544 1611 a
559 1574 781 1611 modernis
797 1573 1070 1611 Astronomis
1090 1573 1219 1621 ipfius
1239 1573 1412 1621 vestigia
1431 1572 1709 1620 sequentibus
1730 1573 1836 1620 (qua

189 1637 295 1664 vero
314 1625 683 1664 obseruationum
704 1627 972 1670 certitudine,
994 1626 1031 1664 &
1052 1638 1187 1674 quam
1207 1626 1400 1674 diligenti
1421 1626 1611 1664 Praxeos
1632 1627 1834 1673 processu‚

190 1679 367 1717 videant
382 1679 474 1727 ipfi)
492 1681 623 1717 etiam
638 1681 684 1717 in
700 1679 784 1717 hoc
796 1679 994 1723 Cometa,
1011 1691 1088 1727 per
1099 1679 1349 1718 Parallaxes
1362 1675 1706 1729 examinan-ssdQ
1719 1679 1834 1717 vsur-

189 1738 291 1780 pata
314 1732 376 1776 fit;
399 1738 531 1780 vtque
554 1732 679 1770 fimul
700 1732 1034 1777 ostenderemus,
1059 1732 1223 1771 etiamfi
1245 1732 1328 1770 hac
1349 1732 1743 1770 Demonstrationis
1763 1734 1835 1771 via

190 1785 508 1833 procederetur,
525 1797 578 1824 ex
590 1786 741 1824 nostris
754 1785 1155 1831 obseruationibus,
1172 1786 1342 1824 nullam
1354 1785 1593 1824 senfibilem
1604 1785 1737 1823 huius
1750 1785 1833 1824 Co-

190 1844 318 1876 metae
330 1838 581 1877 Parallaxin
592 1841 795 1883 inueniri,
809 1839 847 1877 &
858 1841 1083 1887 negotium
1094 1851 1239 1883 omne,
1252 1839 1544 1887 superioribus
1556 1839 1834 1877 Demonstra—

189 1892 380 1930 tionibus
396 1892 544 1939 pulcre
561 1892 817 1930 consentire:
839 1892 999 1930 idcirco
1015 1892 1136 1930 volui
1158 1894 1289 1930 etiam
1310 1892 1425 1930 hanc
1441 1892 1692 1930 Parallaxes
1712 1892 1834 1930 inda-

188 1945 319 1993 gandi
335 1947 552 1983 rationem
568 1957 659 1983 non
676 1944 883 1984 intatftam
894 1945 1153 1993 relinquere.
1171 1945 1303 1992 Quod
1315 1951 1463 1984 autem
1476 1946 1766 1993 Operationes
1778 1946 1833 1984 ad

189 1997 323 2036 finem
344 1998 558 2036 deducere
578 1998 795 2046 nusquam
815 1998 995 2043 licuerit,
1016 2001 1078 2037 rei
1097 1998 1318 2043 subtilitas,
1340 2010 1440 2046 quae
1461 2001 1574 2037 circa
1594 2001 1780 2037 minima
1796 1998 1834 2036 8(

188 2062 300 2098 pene
324 2051 583 2090 insensibilia
605 2051 765 2097 sistitur,
789 2052 1060 2090 occafionem
1083 2052 1285 2100 praebuit;
1308 2057 1352 2090 vt
1374 2064 1466 2090 non
1486 2057 1576 2090 tam
1596 2052 1688 2090 vsui
1708 2052 1834 2090 facile

189 2105 488 2149 accommoda,
508 2116 643 2152 quam
658 2105 866 2143 subtiliter
882 2105 920 2142 8(
935 2105 1155 2153 ingeniose
1172 2107 1413 2153 excogitata
1428 2105 1556 2143 fuerit
1571 2105 1667 2143 haec
1684 2106 1833 2153 Regio-

188 2160 388 2196 montani
409 2160 696 2196 ratiocinatio.
718 2158 864 2196 Multa
880 2160 998 2196 enim
1014 2158 1122 2203 sunt,
1143 2170 1244 2206 quae
1260 2161 1307 2196 in
1323 2158 1676 2206 Speculationem
1694 2157 1833 2203 duc'ta,

189 2209 300 2249 retfte
318 2210 497 2258 quidem
513 2211 734 2249 consistere
751 2212 929 2259 possunt‚
946 2211 975 2249 fi
990 2223 1095 2250 vero
1112 2212 1302 2250 Praxeos
1317 2212 1441 2250 vsum
1457 2211 1680 2256 adhibeas,
1702 2214 1834 2250 etiam

190 2263 514 2311 exquifitissimis
532 2264 828 2303 Instrumentis
845 2264 883 2302 8(
899 2265 1083 2313 Lynceis
1104 2265 1242 2302 oculis
1257 2265 1356 2303 vsus
1377 2265 1631 2313 (praesertim
1646 2265 1717 2303 vbi
1734 2265 1833 2303 Sco-

189 2328 270 2364 pus
291 2317 486 2365 dirigitur
506 2319 620 2356 circa
639 2319 802 2361 tenuia,
823 2323 867 2355 vt
887 2329 940 2356 ex
961 2318 1045 2356 illis
1063 2320 1259 2356 maxima
1274 2318 1634 2365 superstruantur)
1651 2321 1697 2356 in
1712 2320 1832 2356 inex-

188 2370 404 2408 tricabiles
424 2369 705 2409 absurditates
727 2371 952 2409 deuenies:
973 2371 1085 2409 adeo
1101 2376 1144 2409 vt
1161 2372 1286 2418 Opus
1306 2371 1445 2419 ipsum
1461 2371 1516 2409 ad
1533 2371 1668 2409 finem
1685 2371 1833 2409 consti-

188 2428 331 2461 tutum
346 2435 437 2461 non
454 2424 684 2462 commode
700 2424 925 2472 perducas
943 2424 1078 2472 quue
1094 2424 1181 2462 fine
1193 2424 1326 2463 dubio
1338 2424 1697 2463 animaduertens
1708 2425 1833 2463 indu-

189 2476 310 2514 strius
330 2479 408 2521 vir,
429 2477 515 2524 ipse
537 2477 922 2525 Regiomontanus,
944 2480 989 2516 in
1005 2478 1192 2516 Cometa
1209 2479 1329 2517 Anni
1350 2479 1457 2520 1476,
1479 2481 1602 2516 cuius
1620 2478 1832 2517 Obserua-

1668 2534 1831 2569 tionem
