2209 3213
341 209 417 246 372
834 203 916 240 DE
938 201 1162 239 MUNDI
1184 200 1484 238 AETHEREI

340 317 478 361 giatur
495 324 569 358 per
586 311 724 351 ΑΕΒ,
742 310 884 355 estque
902 311 995 345 eius
1012 309 1265 354 quantitatis
1281 313 1327 344 ut
1344 318 1370 344 a
1386 312 1533 343 centro
1548 306 1588 342 A
1602 306 1657 343 ad
1674 304 1978 342 circumferen-

340 369 444 404 tiam
467 365 543 402 CB
565 364 698 401 ferme
722 363 848 400 binos
869 361 1034 398 cubitos
1056 361 1269 406 adaequet,
1294 359 1511 406 habetque
1533 358 1697 406 dimidij
1722 357 1841 404 quafi
1861 358 1979 405 digiti

340 418 663 456 crassitudinem.
677 415 924 452 Diuifiones
937 425 1043 451 uero
1057 413 1169 451 infra
1181 412 1579 450 circumferentiam
1591 411 1765 448 exhibet
1774 411 1979 458 duplices,

341 471 597 516 easdemque
610 471 756 506 minus
769 468 983 514 uulgares,
1002 477 1190 513 quarum
1203 471 1396 503 extrema
1408 465 1596 512 fingulos
1607 466 1737 502 totius
1750 463 1980 510 Quadran-

340 527 391 561 tis
411 524 567 570 gradus
590 525 633 559 in
655 522 777 559 senas
798 520 1032 567 particulas
1048 520 1175 567 supra
1191 519 1229 557 8(
1246 518 1359 556 infra
1375 518 1601 566 distinguit,
1624 529 1723 564 quae
1745 517 1889 555 rursus
1905 529 1981 565 per

341 577 585 614 alternatim
609 574 756 612 ductas
780 573 1084 611 transuersales
1106 572 1305 615 lineolas,
1329 574 1375 609 in
1399 572 1512 609 dena
1535 571 1762 618 aequaliter
1785 570 1982 608 distantia

341 628 498 676 puncta
515 627 753 670 subdiuisae‚
770 627 936 674 singula
951 629 1122 664 minuta
1133 625 1458 663 discriminatim
1471 624 1688 662 exhibent.
1699 624 1754 661 Vt
1766 635 1873 662 uero
1885 623 1980 661 haec

341 682 491 719 diuifio
513 680 667 719 rectius
688 680 971 728 dignoscatur.
994 691 1092 717 eam
1108 679 1349 717 maiuscula
1365 678 1657 716 delineatione
1674 677 1745 715 hic
1761 676 1979 714 exhibebi-

340 746 449 772 mus.

395 1265 525 1303 Hanc
548 1264 763 1312 graduum
786 1266 831 1301 in
854 1263 1019 1311 fingula
1041 1265 1223 1307 minuta,
1250 1262 1287 1300 &
1313 1265 1444 1300 etiam
1469 1263 1629 1300 horum
1655 1262 1718 1309 (in
1742 1263 1983 1300 maioribus

342 1318 576 1366 praesertim
598 1316 909 1362 Instrumentis)
934 1319 979 1354 in
1000 1316 1113 1354 dena
1134 1316 1334 1363 scrupula
1357 1316 1545 1354 secunda
1567 1315 1915 1359 subdiuifionem,
1939 1317 1985 1353 in

342 1372 546 1409 omnibus
561 1372 670 1408 meis
687 1370 902 1408 machinis
914 1369 1226 1407 Astronomicis
1242 1369 1414 1417 usurpo,
1432 1381 1484 1407 eo
1502 1369 1619 1416 quod
1635 1369 1757 1407 illam
1771 1369 1918 1407 multis
1930 1369 1984 1407 ab

342 1425 443 1462 hinc
460 1426 587 1462 annis
604 1423 966 1470 exquifitissimam
979 1428 1180 1470 expertus
1192 1422 1280 1460 sim.
1298 1423 1415 1460 Licet
1427 1425 1545 1461 enirn
1557 1425 1650 1460 eius
1663 1422 1984 1461 Demonstratio

342 1480 387 1515 in
403 1476 633 1515 rectilineis
649 1477 1074 1524 Parallelogrammis
1092 1478 1266 1523 proprie
1283 1478 1530 1520 conueniat,
1552 1476 1842 1514 nihilominus
1862 1487 1983 1514 arcu-

342 1531 482 1569 alibus
500 1532 630 1568 etiam
646 1530 784 1573 lineis,
802 1532 847 1567 in
862 1536 952 1567 tam
969 1530 1070 1567 exili
1087 1529 1319 1573 interstitio,
1338 1530 1455 1576 quod
1472 1541 1498 1567 a
1514 1527 1629 1567 recta
1641 1529 1759 1567 linea
1770 1528 1984 1567 insenfibi-

343 1584 437 1622 liter
453 1583 605 1628 differt,
623 1586 727 1621 citra
744 1595 875 1621 omne
893 1585 1050 1620 erroris
1066 1582 1292 1630 uestigium
1308 1585 1623 1621 conuenienter
1639 1583 1893 1631 applicatur.
1910 1582 1984 1620 Al-

342 1643 433 1675 tera
449 1639 627 1675 interior
643 1636 795 1674 diuifio
812 1637 867 1674 ad
884 1636 1111 1674 Clarissimi
1128 1636 1432 1674 Mathematici
1448 1636 1560 1674 Petri
1571 1636 1738 1684 Nonnij
1757 1639 1803 1674 in
1818 1635 1985 1674 Libello

343 1691 395 1728 de
407 1690 692 1737 Crepusculis,
706 1689 999 1737 Propofitione
1011 1691 1148 1733 tertia,
1160 1691 1462 1733 imitationem,
1475 1701 1551 1737 per
1562 1689 1708 1737 plures
1718 1689 1985 1736 Quadrantis

344 1745 485 1781 Arcus
508 1743 739 1781 introrsum
761 1743 1005 1790 descriptos,
1029 1742 1066 1780 &
1090 1742 1377 1780 diuerfimode
1400 1742 1650 1786 subdiuisos,
1673 1743 1877 1790 procedit.
1903 1742 1986 1781 Etfi

344 1802 491 1835 autem
507 1799 553 1834 in
568 1796 651 1834 hac
667 1796 756 1843 ipsa
768 1798 965 1844 apprime
977 1795 1199 1843 ingeniosa
1211 1796 1377 1844 Nonnij
1393 1798 1649 1834 inuentione
1661 1796 1827 1843 aliquid
1839 1794 1986 1834 auctu-

345 1852 422 1897 arij
441 1850 537 1887 loco
555 1850 796 1897 expeditius
813 1861 839 1887 a
855 1850 981 1887 nobis
998 1849 1194 1887 additum
1211 1849 1278 1894 est,
1297 1851 1357 1887 ita
1372 1854 1419 1887 ut
1435 1851 1622 1887 exterior
1637 1850 1778 1887 Arcus
1794 1851 1839 1887 in
1855 1849 1986 1896 pluri-

342 1914 436 1940 mas
458 1902 757 1950 portiunculas
780 1903 1012 1947 diffidatur,
1035 1914 1178 1949 neque
1195 1904 1230 1940 is
1247 1903 1354 1940 ordo
1371 1908 1446 1940 aut
1462 1914 1673 1940 numerus
1689 1903 1888 1940 Arcuum
1903 1902 1986 1940 sese

344 1956 575 1993 introrsum
592 1958 993 1999 concomitantium‚
1011 1967 1143 2002 quem
1158 1955 1230 1993 ille
1246 1955 1495 2003 praefiniuit,
1513 1955 1582 1993 sed
1596 1956 1735 1994 multo
1748 1956 1988 2003 expeditior

345 2009 381 2046 &
398 2008 624 2056 perfefflor
641 2008 905 2046 obseruetur:
923 2014 1071 2046 tamen
1088 2011 1192 2056 quia
1207 2009 1303 2047 haec
1319 2009 1538 2053 subtilitas,
1556 2021 1656 2047 cum
1672 2009 1728 2047 ad
1743 2011 1900 2056 praxin
1917 2008 1986 2046 de-

344 2068 525 2099 uentum
543 2062 609 2105 est,
626 2062 724 2109 plus
740 2062 900 2100 habeat
915 2062 1077 2099 laboris
1094 2073 1228 2109 quam
1244 2061 1419 2106 fructus,
1436 2073 1580 2109 neque
1596 2062 1639 2100 id
1653 2064 1699 2100 in
1710 2063 1866 2100 recessu
1877 2073 1985 2109 prae-

344 2114 427 2158 stet,
445 2115 562 2161 quod
578 2117 719 2161 prima
734 2114 874 2152 fronte
891 2115 1130 2162 pollicetur,
1148 2121 1195 2153 ut
1210 2115 1314 2153 alibi
1329 2115 1503 2163 plenius
1519 2115 1805 2159 ostendemus,
1826 2115 1986 2153 idcirco

344 2167 460 2215 apud
477 2179 558 2205 nos
574 2168 741 2205 dudum
757 2170 802 2205 in
818 2168 895 2205 usu
913 2168 989 2205 esse
1006 2168 1135 2215 defijt.
1153 2164 1168 2218 ΙΙ

396 2220 543 2258 Postea
566 2220 668 2258 huic
692 2220 936 2267 Quadranti
960 2221 1176 2268 applicata
1199 2221 1254 2259 est
1277 2222 1447 2269 dioptra
1469 2221 1556 2259 fiue
1578 2221 1742 2269 Regula
1763 2221 1987 2259 Metallica

345 2273 440 2317 DE,
464 2285 563 2320 quae
579 2276 624 2310 in
641 2279 788 2311 centro
804 2274 845 2311 A
862 2274 989 2311 clauo
1006 2274 1194 2312 rotundo
1211 2274 1376 2312 affabre
1392 2275 1610 2322 adaptata,
1629 2274 1793 2312 sursum
1810 2274 1847 2312 &
1864 2274 1985 2312 deor-

344 2326 437 2364 sum
453 2332 668 2369 mouetur,
690 2326 856 2364 habens
874 2329 986 2364 circa
1003 2329 1294 2365 extremitates
1310 2327 1414 2365 bina
1429 2328 1693 2375 pinnacidia‚
1711 2339 1901 2375 quorum
1915 2327 1986 2365 be·

345 2379 502 2417 neficio
520 2379 776 2417 Obseruatio
793 2379 1026 2417 Stellarum
1049 2379 1280 2427 perficitur.
1304 2380 1370 2418 Est
1391 2386 1539 2418 autem
1559 2381 1649 2428 ipsa
1669 2380 1833 2428 Regula
1852 2380 1987 2428 paulo

345 2432 515 2480 longior
536 2444 670 2479 quam
691 2432 807 2470 linea
828 2444 854 2470 a
875 2438 1022 2470 centro
1043 2433 1098 2470 ad
1115 2433 1510 2471 circumferentiam
1527 2433 1808 2480 Quadrantis‚
1829 2435 1987 2481 partim

345 2490 391 2523 ut
403 2496 456 2523 eo
469 2484 731 2524 exactiorem
745 2485 1087 2523 collimationem
1105 2485 1318 2530 exhibeat,
1335 2488 1493 2534 partim
1509 2493 1556 2525 ut
1571 2486 1785 2525 beneficio
1803 2488 1988 2525 extantis

1774 2541 1987 2588 portionis

2024 1273 2054 1299 10

2026 1540 2056 1565 15

2024 1805 2058 1831 20

2024 2072 2058 2098 25

2011 2225 2076 2258 462

2024 2337 2058 2363 30
