2209 3213
312 228 388 265 252
805 220 888 257 DE
910 217 1134 256 MUNDI
1156 213 1456 253 AETHEREI

366 332 510 369 Errori
527 329 675 366 ansam
689 326 879 364 Helisaeo
896 326 1072 371 peperit,
1091 321 1207 369 quod
1225 332 1325 358 cum
1341 319 1565 357 transitum
1582 320 1674 355 eius
1691 330 1766 365 per
1782 317 1951 364 Eclipti-

314 397 421 425 cam,
435 381 627 428 Cornelij
641 380 845 417 Gemmae
858 388 1055 415 erroneae
1067 376 1267 422 opinioni
1276 374 1464 411 nimium
1475 371 1626 415 fidens,
1640 374 1685 409 in
1697 372 1910 418 principio
1924 376 1948 410 z

315 439 373 483 (vt
386 436 490 481 dixi)
503 432 878 481 praesupposuisset.
897 430 934 468 8(
951 430 1051 467 DIE
1063 428 1186 466 XIIII
1198 425 1478 468 Nouembris,
1495 425 1729 472 paucisque
1741 424 1952 471 sequenti—

313 492 404 531 bus,
419 489 615 526 Cometae
628 486 773 523 locum
786 485 1098 531 Apparentem,
1115 481 1302 528 grossiori
1314 479 1594 517 denotatione
1607 480 1850 519 inuentum,
1868 476 1953 513 huc

314 542 566 589 applicasset,
584 539 810 576 videbatur
822 535 1152 584 quodammodo
1166 534 1283 571 linea
1296 532 1395 570 duci
1407 530 1461 569 ab
1474 533 1597 568 initio
1614 537 1654 575 z,
1671 541 1747 577 per
1758 530 1853 567 haec
1865 529 1955 576 ipsa

315 597 411 633 loca
432 606 530 641 quae
552 594 702 640 primis
724 591 875 629 diebus
897 590 1094 632 obtinuit,
1115 589 1161 624 in
1178 586 1415 633 Cassiopeae
1434 584 1816 622 constellationem.
1839 582 1955 620 Cum

314 660 417 686 vero
431 647 642 694 progressu
653 645 860 691 temporis
872 640 1281 680 Meridionaliorem
1293 638 1387 676 fieri
1399 638 1566 675 Arcum
1577 635 1730 674 ductus
1744 636 1954 677 Cometae,

315 712 448 748 quam
464 705 507 737 vt
520 700 788 745 Cassiopeam
806 696 1013 743 respicere
1029 695 1167 742 posset,
1185 692 1565 733 animaduerteret,
1583 690 1879 728 Latitudinem
1894 688 1956 726 illi

315 754 512 796 assuebat‚
525 752 703 799 qualem
712 750 904 788 Zodiaco
915 749 1122 791 tribuunt,
1134 752 1177 784 vt
1190 746 1354 784 Orbem
1366 744 1558 791 aliquem
1570 743 1767 782 Cometae
1780 741 1956 781 (1116111111

316 808 353 845 8(
366 807 544 845 Stellam
556 806 737 843 Nouam
749 805 1005 851 eapientem,
1022 801 1238 839 astrueret.
1256 799 1368 837 Haec
1385 809 1519 844 quam
1536 802 1830 844 competenter
1846 795 1957 834 facta

315 861 404 903 sint,
432 860 621 897 iudicent
646 858 732 896 alii.
759 856 874 894 Mihi
899 856 1000 894 sane
1026 855 1121 892 haec
1147 855 1258 891 ratio
1283 851 1524 890 admodum
1547 862 1574 888 a
1593 852 1763 888 veriore
1787 851 1958 888 Norma

316 914 473 955 aliena,
485 911 740 959 prorsusque
751 910 935 948 absurda
944 909 1125 946 videtur.
1136 907 1231 944 Nec
1240 905 1423 943 dubium
1434 903 1501 947 est,
1511 903 1541 940 fi
1551 903 1737 941 Cometa
1746 906 1957 951 integram

316 967 378 1005 sui
399 965 575 1007 Circuli,
598 965 672 1002 sub
697 976 784 1011 quo
808 962 1081 1005 mouebatur,
1105 960 1338 998 Periodum
1362 957 1610 999 absoluisset,
1634 959 1740 1004 quin
1764 969 1790 995 a
1812 957 1957 995 XXVI

317 1021 522 1061 Ianuarii.
547 1030 634 1065 quo
658 1018 726 1055 die
750 1017 875 1054 nobis
895 1016 1047 1053 vltimo
1068 1017 1114 1052 in
1135 1013 1391 1060 Quadrante
1414 1012 1557 1058 primo
1581 1010 1634 1048 ab
1656 1010 1958 1049 Interfectione

318 1085 417 1111 cum
440 1072 658 1119 Ecliptica,
683 1070 720 1108 8(
743 1072 789 1107 111
811 1071 1007 1107 maxima
1030 1067 1278 1105 Latitudine
1300 1064 1414 1102 visus
1437 1063 1504 1108 est,
1530 1075 1634 1101 mox
1656 1063 1879 1102 successiue
1903 1064 1958 1102 ad

318 1126 571 1173 Eclipticam
594 1124 783 1166 rediisset‚
810 1134 996 1169 eamque
1020 1124 1066 1158 in
1088 1121 1129 1158 21
1152 1124 1273 1167 parte
1300 1121 1334 1161 Π
1363 1118 1509 1155 denuo
1530 1117 1741 1155 tranfisset.
1763 1117 1958 1155 Demon-

318 1180 547 1217 strauimus
568 1179 697 1220 enim,
720 1188 822 1214 eum
843 1175 1067 1223 defignasse
1088 1174 1163 1211 suo
1185 1171 1315 1210 ductu
1336 1172 1502 1208 Arcum
1524 1170 1689 1208 Circuli
1710 1173 1755 1208 in
1776 1170 1959 1218 Sphaera

318 1234 516 1275 maximi3
534 1231 719 1277 ideoque
736 1229 938 1267 bifariam
951 1233 1091 1266 totum
1103 1226 1282 1265 Coelum
1297 1224 1374 1262 suo
1390 1226 1545 1261 itinere
1562 1223 1709 1262 exacte
1726 1224 1958 1262 diuidebat.

320 1286 597 1332 Quapropter
613 1283 864 1321 nullatenus
880 1282 1012 1319 talem
1029 1280 1222 1327 aliquem
1235 1278 1398 1317 Orbem
1410 1279 1641 1321 minorem,
1658 1279 1704 1314 in
1715 1277 1854 1315 latum
1866 1279 1960 1315 eius

319 1339 421 1376 hinc
446 1338 546 1375 inde
573 1336 835 1384 diuagando,
860 1340 903 1372 vt
928 1334 1079 1372 frustra
1103 1331 1427 1380 imaginabatur
1452 1330 1685 1374 Roeslinus‚
1713 1330 1801 1368 vllo
1826 1331 1960 1368 modo

320 1393 576 1429 continuare
601 1391 752 1437 potuit,
774 1385 788 1438 ΙΙ
812 1391 914 1432 11110,
940 1399 995 1425 116
1022 1387 1096 1424 1110
1123 1385 1300 1433 quidem
1322 1389 1530 1431 tempore,
1557 1395 1645 1430 quo
1669 1384 1843 1421 durauit
1867 1386 1961 1421 eius

320 1444 597 1487 curriculum,
614 1442 643 1480 fi
655 1442 709 1480 ab
721 1441 818 1489 ipfis
831 1440 1119 1479 exactioribus
1130 1439 1412 1486 Apparentiis
1424 1435 1536 1474 reete
1548 1436 1788 1484 applicetur
1800 1437 1861 1474 isti
1872 1437 1961 1475 lato

320 1498 452 1535 modo
465 1497 642 1535 assumto
656 1495 877 1538 Orbiculo,
892 1494 990 1532 satis
1003 1494 1318 1531 conuenienter
1329 1491 1526 1538 quadrat.
1544 1490 1649 1528 Non
1661 1492 1779 1528 enim
1791 1490 1962 1528 cursum

321 1553 445 1589 certis
457 1549 845 1588 Obseruationibus
861 1552 1173 1595 congruentem
1186 1548 1224 1583 ei
1236 1544 1428 1583 attribuit
1440 1543 1672 1581 Roeslinus.
1690 1544 1809 1581 Nam
1821 1544 1889 1582 die
1902 1543 1963 1581 IX

321 1604 499 1651 quando
512 1614 613 1641 eum
625 1602 765 1640 statuit
776 1603 897 1639 iuxta
908 1601 1175 1647 Principium
1191 1605 1216 1639 z
1232 1600 1277 1636 in
1288 1597 1378 1645 ipsa
1389 1597 1609 1644 Ecliptica‚
1624 1602 1715 1634 erat
1725 1597 1963 1635 secundum

317 1669 468 1695 veram
489 1661 634 1694 motus
654 1655 933 1702 Analogiam‚
957 1653 1092 1701 paulo
1115 1652 1204 1700 post
1224 1651 1417 1689 mediam
1438 1649 1610 1688 noctem
1630 1650 1893 1697 sequentem,
1918 1652 1963 1688 in

318 1711 359 1748 21
382 1715 419 1753 ,ἕ
443 1709 696 1756 Eclipticam
713 1708 892 1755 quidem
907 1706 1129 1750 tranfiens,
1151 1705 1221 1743 sed
1240 1716 1328 1752 quo
1346 1704 1400 1742 ad
1417 1703 1767 1751 Longitudinem,
1785 1704 1809 1741 9
1824 1703 1962 1751 gradi-

318 1764 398 1802 bus
415 1765 617 1801 anterior.
640 1763 785 1808 Atque
802 1760 898 1798 haec
914 1760 1107 1797 deuiatio
1124 1760 1313 1796 nimium
1329 1759 1418 1794 vim
1435 1756 1535 1795 facit
1555 1757 1652 1804 ipfis
1668 1757 1962 1804 Apparentiis.

320 1817 387 1855 Sic
409 1817 478 1854 die
499 1816 580 1853 XII
603 1826 704 1853 eum
725 1813 938 1852 constituit
955 1815 1000 1850 in
1016 1813 1040 1850 6
1055 1812 1193 1860 gradu
1213 1817 1253 1854 Z,
1276 1822 1376 1848 cum
1392 1810 1640 1848 Latitudine
1657 1810 1799 1848 Borea
1815 1810 1838 1847 4
1854 1814 1960 1857 part.

318 1881 418 1907 cum
435 1881 589 1906 reuera
605 1874 707 1905 tunc
724 1867 864 1911 fuerit,
881 1878 969 1913 quo
986 1866 1041 1904 ad
1057 1864 1408 1912 Longitudinem,
1424 1865 1470 1900 in
1481 1863 1528 1902 33
1543 1869 1584 1907 Z,
1601 1875 1701 1900 cum
1714 1863 1960 1901 Latitudine

317 1923 340 1960 7
362 1928 468 1969 part.
490 1928 533 1959 vt
554 1922 889 1968 quamproxime
911 1921 1042 1957 etiam
1063 1918 1312 1956 Moestlinus
1333 1917 1592 1955 obseruauit.
1615 1916 1700 1954 Die
1720 1916 1843 1954 XIIII
1864 1928 1960 1963 pro-

318 1978 416 2022 pius
433 1975 488 2013 ad
506 1977 598 2012 eius
615 1974 773 2016 locum,
796 1984 884 2020 quo
904 1973 958 2010 ad
975 1971 1326 2019 Longitudinem‚
1348 1971 1555 2013 collimat,
1578 1969 1838 2007 constituens
1859 1980 1961 2007 eum

321 2030 365 2065 in
382 2029 413 2065 11
435 2034 474 2070 z,
496 2027 627 2065 sedin
648 2027 895 2064 Latitudine
916 2025 1059 2063 deficit
1079 2024 1224 2063 adhuc
1245 2025 1420 2071 integris
1440 2023 1576 2061 tribus
1594 2023 1810 2070 gradibus.
1833 2022 1962 2060 Circa

320 2082 435 2118 diem
448 2080 544 2123 XX,
561 2082 605 2117 in
618 2079 864 2117 Latitudine
880 2078 1201 2126 propemodum
1218 2078 1436 2119 conuenit,
1454 2081 1497 2114 at
1511 2078 1556 2113 in
1568 2076 1857 2123 Longitudine
1874 2087 1961 2112 vno

319 2134 457 2181 gradu
472 2133 579 2171 iusto
595 2135 742 2170 minus
758 2132 900 2169 habet.
923 2131 1313 2178 Quemadmodum
1328 2141 1433 2167 vero
1450 2134 1550 2167 ante
1566 2128 1685 2166 hunc
1701 2129 1828 2171 diem,
1849 2129 1960 2166 Lati-

319 2187 517 2224 tudinem
533 2186 677 2224 debito
693 2187 911 2222 minorem
928 2184 1077 2227 reddit,
1095 2184 1148 2221 fic
1164 2183 1308 2231 postea
1325 2194 1424 2221 eam
1438 2184 1627 2220 nimium
1639 2187 1778 2229 auget,
1796 2181 1907 2219 adeo
1919 2186 1962 2218 vt

320 2239 471 2277 vltimo
485 2239 553 2276 die
566 2238 833 2276 Nouembris
850 2237 1009 2275 efficiat
1024 2237 1139 2274 hanc
1156 2237 1206 2275 26
1217 2242 1324 2284 part.
1338 2247 1438 2283 quae
1450 2237 1523 2273 vix
1536 2240 1626 2273 erat
1637 2240 1744 2282 part.
1758 2235 1842 2277 2413,
1859 2240 1962 2272 tunc

321 2294 453 2330 etiam
465 2291 802 2339 Longitudinem
816 2291 840 2327 2
851 2291 1055 2338 gradibus
1071 2292 1348 2333 anteriorem,
1366 2300 1500 2336 quam
1517 2289 1719 2334 oportuit,
1737 2287 1961 2325 constituit.

321 2345 389 2383 Sic
405 2345 564 2391 vbique
581 2350 671 2382 tam
682 2346 727 2381 in
740 2343 1042 2391 Longitudine,
1060 2354 1194 2389 quam
1207 2342 1468 2385 Latitudine,
1485 2353 1512 2378 a
1527 2352 1631 2378 vero
1648 2341 1873 2378 euidenter
1889 2340 1961 2378 ad-

321 2398 504 2436 modum
520 2396 716 2440 deflectit,
737 2397 847 2434 adeo
864 2402 907 2433 vt
923 2408 978 2434 ne
996 2398 1040 2433 in
1057 2396 1165 2443 111115,
1183 2407 1294 2442 quos
1309 2395 1441 2442 grosso
1458 2394 1591 2431 modo
1608 2395 1849 2435 annotauit,
1869 2405 1961 2440 gra-

322 2451 459 2493 dibus,
477 2451 771 2497 Apparentias
783 2449 980 2487 Cometae
998 2454 1292 2495 competenter
1308 2450 1432 2485 certis
1448 2447 1600 2485 diebus
1617 2447 1848 2493 adaptarit;
1865 2446 1962 2483 licet

322 2503 362 2541 se
384 2509 476 2541 tam
497 2504 695 2550 propriis,
720 2513 854 2549 quam
878 2502 1075 2540 Cornelii
1097 2501 1301 2539 Gemmae
1323 2499 1710 2539 Obseruationibus
1733 2499 1843 2537 bene
1866 2498 1961 2537 fun-

1797 2552 1960 2595 datum,

1998 809 2028 834 10

2000 1076 2029 1100 15

1998 1342 2031 1366 20

1985 1389 2049 1421 308

2001 1610 2034 1635 25

1999 1875 2032 1901 30

2000 2141 2033 2166 35

2000 2405 2033 2430 40
