2209 3213
147 812 178 837 10

147 1079 176 1103 15

125 1125 190 1157 359

144 1345 178 1370 20

145 1611 178 1636 25

147 1877 180 1902 30

149 2143 182 2168 35

154 2408 188 2434 40

532 212 1052 253 RECENTIORIBUS
1073 213 1531 253 PHAENOMENIS
1777 213 1854 253 289

213 318 375 366 quifitis
387 319 777 358 obseruationibus
788 320 975 364 fundari,
990 333 1081 359 non
1092 321 1254 359 dubito.
1272 321 1503 359 Praesentia
1515 323 1646 359 etiam
1659 321 1856 359 Cometae

214 383 288 410 eas
311 384 402 410 non
423 372 613 410 multum
636 372 884 412 offuscabat.
908 374 1011 412 Erat
1031 377 1149 412 enim
1171 374 1301 422 ipfius
1322 375 1492 412 Lumen
1513 374 1704 412 obtusius
1724 374 1762 411 &
1784 374 1856 411 ob-

213 424 389 469 scurius,
416 437 551 473 quam
573 427 691 473 quod
717 426 951 464 Stellarum
973 428 1253 474 Apparitioni
1277 426 1485 470 officeret;
1511 427 1549 464 8(
1574 429 1619 464 in
1644 429 1857 474 principio

214 477 482 523 Decembris,
499 479 678 526 quando
694 479 775 517 has
787 479 990 518 Stellulas
1006 480 1290 527 pertransiuit,
1307 480 1496 518 multum
1511 486 1602 518 tam
1618 480 1671 518 de
1686 480 1857 527 Magni-

214 531 376 575 tudine,
400 543 536 578 quam
555 532 756 576 Lumine,
779 532 1011 570 remiserat.
1036 533 1194 580 Neque
1214 538 1304 570 tam
1325 544 1460 580 prope
1481 538 1604 571 erant
1625 533 1793 571 occasui
1814 535 1859 570 in

213 583 365 622 vltima
385 584 740 629 consideratione,
764 591 807 623 vt
827 597 854 623 a
874 585 1111 633 vaporibus
1131 587 1244 623 circa
1265 586 1557 624 Horizontem
1578 586 1777 633 impediri
1799 585 1858 623 vs-

214 648 299 684 que
316 637 427 675 adeo
443 640 675 685 potuerint,
697 649 785 685 quo
801 641 949 676 minus
966 638 1104 676 oculis
1120 643 1332 685 paterent;
1355 639 1535 677 restabat
1556 641 1675 676 enim
1695 641 1861 686 integra

214 689 302 728 sere
320 690 448 728 Hora
463 696 703 738 antequam
719 691 919 729 occasum
934 691 1136 729 subirent.

268 743 400 789 Quod
419 749 567 781 autem
584 744 832 782 Moestlinus
852 744 1052 788 affirmet,
1074 744 1114 782 se
1135 744 1295 782 harum
1316 745 1636 782 minutularum
1653 745 1861 782 Fixarum

215 796 312 834 loca
327 796 551 840 restituisse,
569 809 669 835 cum
685 799 731 835 in
746 797 967 845 insigniori
983 797 1059 835 illa
1070 797 1265 835 Vulturis
1278 797 1423 841 Stella,
1441 803 1571 845 atque
1588 800 1754 835 caeteris
1770 809 1860 835 ma-

215 849 380 887 ioribus
400 850 517 888 idem
538 850 786 898 neglexerit,
807 850 978 889 videtur
998 849 1110 888 recte
1131 862 1157 888 a
1178 850 1405 888 Thaddaeo
1426 853 1581 893 notari,
1604 854 1693 888 imo
1714 851 1752 888 &
1772 850 1862 898 ipsa

215 900 434 947 correctio,
448 915 583 951 quarn
592 905 637 941 in
647 903 797 952 ijsdem
806 903 997 942 Stellulis
1008 903 1195 947 adducit,
1207 903 1436 951 suspicioni
1445 904 1637 942 obnoxia
1650 904 1715 941 est.
1730 903 1861 950 Quod

215 957 334 993 enim
354 958 523 1003 vtrique
543 956 658 995 dena
677 956 879 1004 scrupula
898 958 944 994 in
965 957 1268 1004 Longitudine,
1290 968 1316 994 a
1337 956 1630 1004 Copernianis
1653 959 1860 999 numeris,

215 1008 253 1046 &
269 1010 315 1046 in
331 1009 578 1047 Latitudine
594 1012 669 1047 vni
685 1010 748 1053 20,
771 1010 894 1048 alteri
911 1010 952 1048 10
968 1010 1191 1054 ademerit,
1208 1010 1378 1048 videtur
1394 1010 1449 1048 ad
1465 1010 1647 1053 libitum,
1669 1012 1774 1048 citra
1791 1022 1861 1047 ex-

214 1060 356 1100 actam
375 1062 751 1106 Obseruationem,
773 1063 994 1101 ordinasse.
1016 1063 1174 1110 Neque
1196 1064 1315 1101 enim
1335 1062 1429 1100 fieri
1450 1066 1601 1110 potuit,
1622 1069 1665 1100 vt
1686 1063 1781 1101 haec
1803 1066 1861 1101 ita

214 1115 388 1162 praecise
405 1117 451 1153 in
467 1116 590 1154 denis
606 1116 676 1154 vel
691 1116 756 1154 bis
772 1117 896 1154 denis
914 1116 1124 1164 scrupulis
1140 1115 1299 1163 vbique
1322 1117 1600 1163 quadrarent.
1623 1116 1737 1162 Quae
1754 1113 1769 1166 ΙΙ
1785 1128 1860 1154 au-

213 1174 302 1206 tem
322 1174 424 1207 tunc
445 1171 661 1207 extiterint
681 1181 786 1207 vera
806 1169 966 1208 harum
987 1169 1221 1207 Stellarum
1243 1169 1353 1213 loca,
1378 1181 1431 1207 ex
1454 1171 1505 1206 iis
1529 1181 1629 1216 quae
1652 1169 1860 1216 superius,

215 1221 321 1259 dum
342 1221 552 1260 Moenlini
572 1222 789 1270 Scriptum
810 1222 1133 1266 euolueremus,
1157 1228 1369 1260 annotata
1389 1222 1496 1265 sunt,
1520 1222 1618 1260 satis
1638 1228 1766 1270 patet,
1790 1223 1861 1260 vbi

215 1276 347 1313 etiam
364 1275 546 1313 euidens
561 1275 784 1314 diuersitas
805 1276 860 1314 ab
880 1276 963 1314 hac
980 1275 1281 1314 Moestliniana
1296 1276 1574 1323 assignatione
1591 1275 1860 1322 conspicitur.

269 1327 401 1374 Quod
423 1334 635 1376 praeterea
656 1328 909 1368 Thaddaeus
932 1329 1119 1377 obiJciat,
1144 1329 1377 1367 Cometam
1400 1331 1513 1367 circa
1535 1329 1748 1367 Occasum
1770 1340 1862 1366 non

215 1380 331 1419 fuisse
342 1383 389 1419 in
400 1381 556 1420 eodem
567 1382 762 1420 verticali
773 1394 874 1421 cum
885 1382 1076 1421 Stellulis
1088 1382 1302 1429 Equiculi,
1319 1381 1430 1420 redte
1443 1382 1649 1429 equidem
1660 1382 1700 1419 se
1713 1381 1860 1425 habet;

215 1434 253 1472 8(
263 1437 600 1473 conuenientius
609 1435 662 1473 de
671 1435 889 1474 Parallaxi
899 1435 1154 1473 Altitudinis
1163 1437 1447 1473 ratiocinatus
1458 1435 1590 1473 suisset
1600 1435 1860 1478 Moestlinus,

215 1487 245 1524 si
261 1490 306 1526 in
323 1488 501 1526 Circulo
517 1500 619 1527 cum
634 1488 777 1527 Stellis
793 1489 985 1527 verticali
1007 1500 1107 1526 eam
1126 1488 1336 1526 scrutatus
1356 1488 1500 1526 fuisset.
1518 1489 1683 1526 Verum
1704 1500 1805 1526 cum
1826 1490 1861 1525 is

215 1540 365 1579 saltem
381 1543 601 1589 inquirere
620 1542 838 1590 satageret,
860 1554 918 1580 an
934 1541 1174 1580 Parallaxis
1191 1542 1373 1579 euidens
1389 1543 1434 1579 in
1451 1546 1574 1579 motu
1590 1544 1767 1589 proprio
1784 1541 1860 1579 ali-

216 1606 351 1641 quam
367 1595 672 1633 alterationem
688 1595 923 1639 induceret,
944 1606 1035 1632 non
1051 1594 1106 1632 ad
1123 1606 1270 1639 vnam,
1291 1594 1360 1632 sed
1378 1595 1505 1632 binas
1521 1594 1675 1633 Stellas
1691 1600 1861 1632 motum

216 1652 501 1695 apparentem
513 1651 798 1697 comparauit,
813 1653 944 1696 atque
956 1647 1039 1686 hac
1050 1650 1219 1686 ratione
1231 1650 1320 1686 voti
1333 1650 1669 1695 quamproxime
1681 1659 1861 1695 compos

218 1700 312 1739 fieri
328 1703 479 1749 potuit.

271 1753 385 1801 Quae
402 1754 587 1793 Nolthio
604 1757 786 1802 opponit
802 1754 1062 1798 Moestlinus,
1083 1756 1129 1792 in
1150 1766 1340 1802 quorum
1357 1753 1577 1801 aliquibus
1593 1766 1619 1792 a
1635 1754 1863 1792 Thaddaeo

217 1808 503 1856 redarguitur,
524 1810 748 1856 praecipua
768 1820 821 1846 ex
841 1813 962 1856 parte
983 1807 1095 1846 recte
1113 1807 1153 1845 se
1173 1807 1353 1851 habent;
1374 1808 1472 1846 licet
1489 1819 1577 1855 quo
1593 1808 1649 1845 ad
1666 1806 1864 1845 exactam

217 1860 560 1899 delineationem
581 1861 619 1899 8(
642 1861 798 1900 calculi
820 1861 1120 1909 praecifionem
1143 1860 1261 1908 (quae
1285 1863 1417 1899 etiam
1440 1872 1531 1898 non
1554 1861 1796 1898 admodum
1819 1863 1865 1898 in

217 1919 309 1952 tam
325 1915 454 1953 crassa
467 1926 495 1953 a
508 1926 613 1953 vera
624 1914 843 1953 Parallaxi
859 1914 1135 1952 aberratione
1152 1915 1383 1952 necessaria
1399 1914 1507 1960 erat)
1525 1925 1616 1952 non
1631 1913 1727 1951 sunt
1743 1915 1865 1951 omni

219 1979 272 2005 ex
292 1973 415 2014 parte
436 1967 644 2006 absoluta.
667 1967 887 2015 Quodque
904 1967 1102 2006 Cometae
1123 1967 1221 2005 loco
1237 1967 1326 2005 viso
1342 1973 1556 2014 tanquam
1572 1979 1676 2005 vero
1693 1967 1791 2005 vsus
1807 1967 1865 2011 fit,

219 2021 274 2059 ob
291 2020 333 2058 id
349 2020 405 2059 ab
421 2032 474 2059 eo
490 2020 653 2060 saelum
669 2021 736 2065 est,
753 2023 859 2068 quia
869 2022 990 2068 prius
1002 2020 1278 2068 exploratum
1289 2020 1490 2065 habebat,
1508 2020 1759 2058 Parallaxes
1772 2022 1867 2058 eius

218 2079 308 2112 tam
325 2076 504 2122 exiguas
521 2075 610 2118 esse,
627 2079 670 2112 vt
685 2076 759 2112 vix
774 2076 821 2112 in
836 2074 1005 2112 sensum
1022 2074 1238 2112 caderent.

274 2127 390 2166 Dicit
405 2133 619 2175 praeterea
633 2127 899 2172 Thaddaeus,
916 2127 946 2164 fi
962 2126 1210 2165 Moestlinus
1227 2126 1442 2165 Methodo
1454 2127 1789 2174 Regiomontani
1805 2129 1867 2164 in-

222 2181 395 2224 cessisset,
419 2192 510 2219 non
532 2181 660 2229 longe
681 2192 708 2219 a
728 2180 913 2228 Nolthij,
937 2180 975 2218 8(
997 2180 1085 2225 sua,
1108 2180 1387 2227 aliorumque
1410 2179 1726 2218 Obseruatione
1747 2180 1868 2218 aber-

222 2234 352 2278 rasset,
373 2239 584 2282 putatque
605 2236 736 2272 nimis
757 2234 933 2272 crassam
953 2238 1154 2281 oportere
1174 2233 1269 2271 fieri
1291 2233 1667 2278 Obseruationem‚
1689 2245 1778 2281 qua
1799 2233 1869 2271 de-

222 2286 436 2333 prehendi
452 2299 543 2325 non
561 2288 690 2335 possit,
713 2286 827 2325 infra
843 2299 902 2325 an
917 2286 1045 2334 supra
1061 2287 1235 2325 Lunam
1251 2286 1481 2324 constiterit
1497 2286 1715 2331 Cometes,
1736 2286 1869 2324 modo

222 2342 320 2387 quis
336 2340 600 2379 documenta
616 2341 952 2388 Regiomontani
967 2340 1183 2387 sequatur.
1205 2340 1363 2378 Fateor
1379 2339 1569 2387 quidem,
1588 2339 1618 2377 fi
1637 2340 1781 2377 debita
1797 2340 1869 2377 ad-

225 2393 427 2432 hibeatur
450 2394 684 2442 diligentia,
709 2393 747 2431 8(
770 2393 1070 2437 Instrumenta,
1096 2398 1342 2441 caeteraque
1364 2392 1567 2440 requisita
1589 2391 1807 2431 reclissime
1830 2392 1870 2429 se

224 2445 428 2489 habeant.
449 2458 526 2494 per
542 2447 878 2495 Regiomontani
893 2448 1013 2485 viam
1028 2446 1279 2484 Parallaxin
1300 2446 1631 2494 quodammodo
1652 2446 1871 2493 explorari

224 2500 348 2547 posse,
369 2500 606 2548 praesertim
621 2500 651 2538 fi
667 2500 743 2538 illa
759 2500 941 2538 euidens
958 2499 996 2538 8(
1011 2499 1216 2538 sensibilis
1232 2499 1474 2538 admodum
1494 2498 1634 2544 fuerit,
1656 2511 1706 2537 ac
1726 2504 1872 2536 motus

333 2561 366 2587 37
1709 2553 1873 2600 proprii
