2209 3213
95 366 128 395 11·

106 926 135 951 10

108 1192 137 1216 15

108 1457 141 1482 20

110 1723 142 1748 25

114 1989 147 2013 30

119 2519 152 2544 40

167 331 718 399 APOLOGIA·
758 326 1580 396 ILLUSTRISS.VIRI
1626 324 1807 392 DO-

345 424 510 468 MINI
532 422 895 467 TYCHONIS
918 422 1153 465 BRAHE
1175 421 1274 464 AD
1299 419 1631 464 CRAIGUM

665 490 915 529 SCOTUM
937 490 1016 527 DE
1038 488 1313 527 COMETIS.

292 627 294 629 .
382 600 432 627 «ε
523 591 831 630 ERGRATUS
842 591 951 628 mihi
963 591 1042 628 fuit
1054 595 1154 628 tuus
1166 590 1238 627 ille
1251 588 1580 627 erudituslabor
1591 588 1814 635 diligentia

242 644 245 649 ’
298 646 302 664 ³
471 643 493 695 §3233
522 658 614 684 non
625 646 835 683 mediocri
847 644 1041 685 refertus,
1055 642 1299 681 Doctissime
1309 642 1543 684 CRAIGE,
1557 653 1642 688 qvo
1654 641 1813 678 librum

359 697 368 715 ·²
522 699 714 736 nostrum
741 698 980 735 secundum
1008 697 1060 734 de
1085 696 1281 733 AEtherei
1310 696 1471 733 Mundi
1499 694 1813 732 recentioribus

486 760 493 793 ·;“
523 752 835 790 Phaenomenis
857 753 1031 797 penitus
1054 749 1342 796 introspicere,
1368 748 1405 785 8(
1429 748 1719 794 undeqvaqve
1743 758 1813 784 ex-

439 807 495 856 ·''If‘J-,gf
524 805 714 852 pendere
731 816 822 842 non
838 802 1204 850 supersedendum
1221 801 1386 839 duxisti.
1404 802 1521 838 Licet
1538 802 1715 838 enimin
1727 800 1814 846 ple-

195 887 197 889 ·
283 885 323 889 --
353 880 366 888 =
383 885 385 888 -
525 858 662 905 risqve
686 859 776 895 imo
798 856 1180 904 principalioribus
1201 867 1227 892 a
1248 866 1318 892 me
1339 855 1564 896 dissentias‚
1589 853 1817 899 nostraqve

173 913 332 960 placita
339 911 598 955 convellere,
607 916 819 958 qvantum
829 912 874 947 in
884 915 924 947 te
935 909 1001 952 est,
1013 908 1225 946 elabores:
1236 912 1384 945 tamen
1392 912 1561 945 tantum
1570 906 1694 950 abest,
1703 911 1749 943 ut
1758 906 1818 943 id-

173 965 313 1013 ipsum
324 976 438 1012 aegre
450 964 601 1007 feram,
615 966 719 1011 qvin
731 964 815 1001 hoc
827 965 1008 1000 nomine
1018 962 1231 1009 plurimas
1240 960 1315 998 tibi
1325 963 1469 1008 potius
1480 960 1663 997 debeam
1673 970 1818 1006 agarn-

174 1030 256 1066 qve
277 1020 449 1066 gratias.
467 1018 638 1055 Veritas
660 1019 778 1054 enim
798 1016 909 1054 alias
929 1027 1005 1063 per
1026 1014 1066 1052 se
1088 1014 1307 1052 obscurior
1327 1019 1430 1051 tunc
1451 1015 1643 1060 primum
1661 1012 1820 1050 clarius

175 1071 384 1115 elucescit,
403 1071 579 1118 qvando
594 1082 658 1114 ea,
677 1081 774 1117 qvae
790 1071 836 1106 in
853 1070 1121 1107 contrarium
1138 1067 1295 1106 adduci
1311 1068 1510 1113 poterint,
1524 1066 1633 1113 J'usta
1650 1065 1820 1103 bilance

174 1125 417 1172 ponderata
435 1124 473 1162 &
489 1123 703 1171 disqvifita
718 1123 890 1160 fuerint.
908 1122 955 1159 Id
971 1121 1118 1159 saltem
1137 1122 1287 1158 mirari
1303 1120 1400 1157 satis
1417 1132 1507 1157 non
1524 1120 1687 1166 possum
1704 1124 1743 1156 te
1760 1120 1821 1155 vi-

175 1190 274 1216 rum
294 1180 341 1215 in
361 1177 689 1215 Mathematicis
711 1176 973 1214 excellenter
994 1174 1210 1212 versatum
1233 1173 1270 1210 8(
1287 1173 1453 1220 judicio
1477 1174 1566 1210 acri
1589 1172 1822 1219 praeditum

175 1232 287 1270 adeo
304 1230 594 1268 nihilominus
606 1229 888 1267 Aristotelicae
905 1228 1161 1266 authoritati
1178 1232 1305 1273 atqve
1319 1239 1371 1263 ex
1384 1226 1513 1273 ipsius
1526 1225 1686 1263 Schola
1700 1224 1822 1272 plau-

175 1285 349 1322 fibiliter
364 1284 515 1321 saltem
530 1295 623 1320 non
639 1281 877 1330 apodidtice
895 1279 1089 1319 deductis
1110 1279 1577 1327 argumentationibus,
1600 1289 1697 1325 qvae
1713 1280 1823 1315 veri-

176 1340 251 1376 tati
272 1337 422 1375 fucum
442 1336 620 1380 faciunt,
641 1338 943 1382 mancipatum
965 1335 1053 1376 esse,
1077 1339 1122 1371 ut
1139 1345 1194 1370 ne
1211 1333 1340 1380 ipfius
1357 1332 1611 1370 traditiones
1628 1337 1823 1368 evertan-

176 1397 257 1435 tur,
276 1390 664 1429 Observationibus
680 1391 862 1426 minime
879 1388 1108 1426 fallacibus
1125 1388 1299 1433 organis
1317 1386 1487 1423 coelitus
1504 1387 1690 1431 acceptis
1708 1384 1745 1421 &
1762 1386 1824 1421 in—

178 1443 300 1482 victis
316 1442 757 1481 demonstrationibus
770 1454 792 1479 e
806 1442 1076 1480 Geometriae
1089 1440 1281 1477 sontibus
1296 1437 1516 1486 productis
1529 1437 1825 1475 contradicere

179 1509 339 1544 easqve
370 1499 492 1534 omni
522 1496 751 1533 molimine
782 1492 1044 1532 labefactare
1073 1504 1165 1530 non
1190 1494 1393 1530 verearis.
1417 1492 1826 1533 Verumenimvero,

179 1562 280 1588 cum
305 1552 365 1588 ita
390 1555 550 1587 natura
574 1549 885 1596 plerorumqve
911 1548 1145 1585 hominum
1171 1550 1425 1593 comparata
1451 1544 1508 1587 fit,
1538 1550 1584 1582 ut
1609 1544 1651 1581 id
1677 1543 1827 1581 saltem

179 1615 334 1642 verum
357 1604 445 1646 esse,
470 1603 585 1650 qvod
606 1602 738 1649 longo
759 1601 838 1639 usu
859 1605 1095 1647 receptum,
1119 1604 1247 1646 atqve
1269 1611 1294 1636 a
1316 1598 1650 1645 qvamplurimis
1671 1607 1827 1643 appro-

179 1657 344 1700 batum,
366 1656 603 1704 praesertim
620 1655 649 1693 fi
665 1655 905 1702 praestantis
922 1654 1108 1692 alicuius
1124 1654 1205 1690 viri
1222 1651 1486 1690 authoritate
1508 1650 1740 1688 fundatum
1762 1661 1827 1687 ra-

181 1711 297 1748 dices
318 1709 448 1748 altius
471 1711 614 1756 egerit,
636 1708 876 1746 existiment
898 1713 1025 1754 atqve
1042 1706 1144 1743 hinc
1160 1706 1200 1743 se
1218 1707 1443 1752 aegerrime
1461 1704 1591 1741 avelli
1607 1706 1829 1751 patiantur

182 1763 314 1810 (qvod
336 1765 468 1800 etiam
486 1765 532 1800 in
552 1762 788 1809 Religionis
810 1763 984 1808 negotio
1006 1760 1094 1797 fere
1116 1760 1288 1806 ubiqve‚
1310 1770 1401 1795 non
1423 1757 1509 1795 fine
1530 1759 1651 1804 gravi
1672 1755 1828 1793 multo-

182 1828 292 1861 rum,
309 1816 346 1854 &
361 1816 506 1863 qvoad
517 1817 653 1853 vitam
665 1815 703 1852 &
714 1814 925 1857 fortunas,
939 1812 1109 1861 jactura
1121 1812 1215 1849 fieri
1226 1810 1443 1857 videmus)
1459 1813 1614 1848 iccirco
1630 1809 1696 1853 est,
1714 1809 1829 1856 qvod

184 1875 224 1908 et
243 1875 284 1907 te
304 1874 425 1907 tanto
446 1874 643 1916 tempore
660 1870 705 1905 in
722 1867 891 1906 Scholis
909 1866 1198 1914 promulgatae
1216 1867 1329 1902 circa
1346 1864 1634 1902 Cometarum
1651 1862 1775 1900 fitum
1793 1862 1830 1899 8(

183 1925 513 1971 generationem
530 1924 743 1969 opinioni,
765 1932 862 1968 qvae
879 1921 933 1958 ab
951 1920 1156 1957 omnibus
1172 1918 1274 1961 fere,
1295 1924 1506 1964 tanqvam
1524 1929 1550 1954 a
1566 1916 1735 1954 summo
1756 1915 1831 1952 illo

184 1975 449 2023 Philosopho
466 1973 670 2023 profecla,
688 1974 968 2022 approbatur,
990 1973 1101 2010 adeo
1119 1971 1361 2010 constanter
1377 1970 1604 2008 adhaerere
1621 1969 1831 2016 qvodam-

184 2030 317 2067 modo
342 2029 594 2066 excusatum
617 2028 819 2069 habeam,
844 2029 1076 2073 minusqve
1100 2025 1215 2063 hanc
1238 2026 1284 2062 in
1308 2035 1453 2061 errore
1475 2024 1550 2060 diu
1572 2021 1832 2060 confirmato

184 2082 552 2129 perseverantiam
576 2084 801 2128 imputem.
826 2081 895 2118 Ne
916 2091 1021 2116 vero
1045 2081 1105 2116 ita
1126 2079 1202 2116 tibi
1225 2078 1300 2125 ipfi
1324 2077 1564 2124 indulgeas,
1588 2081 1634 2113 ut
1657 2087 1734 2122 per
1758 2086 1833 2112 eos

186 2147 293 2183 qvos
316 2135 542 2173 admovisti
566 2146 743 2177 cuneos,
767 2139 807 2171 te
827 2135 1020 2171 veritatis
1042 2130 1252 2169 invictum
1273 2131 1311 2168 &
1332 2130 1567 2171 aheneum,
1592 2140 1721 2176 qvem
1742 2134 1833 2165 tue-

139 2203 154 2214 v
187 2200 298 2232 mur,
320 2200 497 2226 murum
519 2188 776 2235 expugnasse
793 2184 808 2236 ΙΙ
824 2189 1025 2224 animum
1043 2186 1239 2228 inducas,
1261 2189 1389 2231 atqve
1406 2184 1448 2220 id
1465 2185 1524 2220 ita
1541 2183 1617 2220 esse
1634 2182 1732 2229 alijs
1748 2181 1833 2218 fru-

187 2242 267 2279 stra
287 2241 558 2289 persvadeas,
580 2243 665 2278 tuis
686 2241 830 2288 dubijs
852 2239 889 2277 8(
910 2238 1228 2286 obJefflonibus
1249 2237 1332 2275 hac
1354 2236 1640 2283 Apologetica
1662 2235 1834 2282 respon-

186 2294 303 2332 fione
324 2300 495 2332 mature
513 2305 752 2338 occurrere,
774 2299 912 2340 teqve,
935 2292 963 2329 fi
984 2291 1079 2329 fieri
1100 2292 1241 2338 posset,
1263 2293 1309 2328 in
1324 2292 1444 2328 viam
1465 2300 1672 2327 revocare
1689 2299 1836 2335 operae

187 2350 375 2395 pretium
392 2347 549 2392 censui,
566 2348 695 2394 idqve
713 2358 812 2384 eam
828 2346 1090 2393 potissimum
1107 2345 1161 2382 ob
1179 2344 1378 2387 caussam,
1396 2348 1441 2380 ut
1453 2345 1614 2380 veritas
1626 2344 1739 2379 circa
1753 2341 1837 2378 hoc

188 2403 426 2448 negotium,
444 2413 541 2448 qvae
558 2403 603 2438 in
619 2401 730 2438 libro
747 2399 823 2437 illo
840 2399 937 2437 satis
953 2398 1164 2445 superqve
1181 2398 1341 2439 asserta,
1363 2402 1403 2434 et
1420 2408 1472 2434 ex
1490 2395 1681 2433 obscuris
1697 2394 1837 2431 fumo-

189 2454 359 2491 fitatum
374 2455 717 2501 inqvinamentis
733 2455 779 2490 in
795 2464 953 2499 puram
971 2451 1008 2489 &
1024 2456 1222 2498 apertam
1239 2450 1565 2495 aethereamqve
1586 2449 1729 2486 lucem
1745 2449 1837 2484 vin-

189 2507 330 2545 dicata
364 2507 431 2550 est,
465 2507 638 2554 plenius
664 2506 1032 2548 corroboraretur,
1068 2504 1327 2550 semotisqve
1359 2503 1566 2540 omnibus
1598 2500 1837 2541 obstaculis,

295 2568 328 2593 ⁵3
1598 2554 1840 2591 evidentior
