2209 3213
528 216 1052 256 RECENTIORIBUS
1073 218 1532 257 PHAENOMENIS
1828 220 1852 257 9

208 322 346 360 visum
368 322 422 360 est
443 322 568 359 nobis
589 322 707 360 hunc
728 322 981 360 Secundum
1002 323 1181 361 Librum
1204 326 1250 361 in
1271 325 1398 362 binas
1419 324 1674 372 distinguere
1695 330 1851 372 partes.

210 375 412 421 Quarum
421 377 539 422 prior
548 377 699 413 omnia
709 387 809 422 quae
817 387 839 413 e
847 378 1032 424 proprijs
1042 377 1192 414 nostris
1201 377 1590 416 obseruationibus
1599 380 1712 416 circa
1722 378 1854 416 huius

210 428 408 466 Cometae
433 427 763 475 descriptionem
789 428 1125 467 demonstranda
1149 430 1408 474 censuimus,
1434 443 1599 469 nouem
1624 431 1854 478 Capitibus

209 480 528 528 complectetur.
549 481 762 525 Secunda,
779 493 867 519 vno
883 481 1033 520 saltem
1050 482 1218 529 Capite,
1236 483 1273 520 8(
1290 483 1345 521 ob
1361 484 1404 521 id
1421 486 1587 521 caeteris
1602 484 1853 531 prolixiore,

156 550 171 574 5
209 533 398 571 aliorum
423 534 841 572 Animaduerfiones
866 534 904 572 &
928 535 1087 582 placita
1111 535 1186 574 sub
1212 536 1551 583 disquifitionem
1576 538 1854 575 necessariam

207 586 391 624 vocabit.
408 586 527 633 Quid
543 598 648 624 vero
665 587 830 634 singula
844 589 975 625 totius
992 588 1109 626 Libri
1121 588 1291 636 Capita,
1308 589 1538 637 separatim
1555 591 1852 635 continebunt,

208 651 326 677 nunc
341 640 647 687 particularius
663 641 816 678 ordine
832 641 1136 679 indicabimus.

260 693 510 737 PRIMVM,
528 692 867 731 Obseruationes
883 696 1086 732 certiores
1104 707 1213 742 quas
1230 695 1408 733 diuerfis
1423 696 1692 743 temporibus
1708 698 1753 734 in
1770 696 1853 734 hoc

209 745 395 784 Cometa
414 750 504 783 toto
525 745 613 783 suae
634 746 877 784 durationis
897 751 1092 794 tempore
1116 748 1287 786 coelitus
1310 749 1592 793 obtinuimus,
1616 749 1853 796 praesertim

142 814 171 839 ιο
209 798 326 846 quod
339 798 393 836 ad
406 799 625 836 distantias
636 799 766 846 ipfius
778 811 804 837 a
816 800 1074 847 quibusdam
1085 800 1183 838 fixis
1196 801 1417 839 Sideribus
1429 804 1591 846 attinet,
1607 802 1853 841 recensebit.

262 851 607 896 SECVNDVM‚
624 852 875 890 Affixarum
887 853 1121 891 Stellarum
1137 854 1246 898 loca,
1264 866 1453 901 quarum
1469 857 1718 902 praecipuus
1735 858 1779 893 in
1795 856 1854 893 di-

208 905 368 952 stantijs
382 905 580 943 Cometae
596 906 818 952 capiendis
834 905 935 943 usus
952 912 1055 951 erat,
1073 907 1334 951 emendabit,
1351 913 1397 945 ut
1409 920 1461 946 ea
1473 920 1573 955 quae
1585 910 1631 945 in
1642 908 1854 956 sequenti-

208 957 289 996 bus
305 958 652 1005 superstruuntur
668 961 853 996 certiora
869 959 1073 997 euadant.

261 1011 537 1054 TERTIVM,
550 1011 615 1049 Ex
626 1011 736 1049 datis
748 1011 966 1060 distantijs‚
979 1012 1302 1060 affixarumque
1315 1013 1512 1051 restitutis
1524 1014 1642 1058 locis,
1656 1015 1854 1053 Cometae

143 1079 172 1104 15
209 1064 346 1108 situm,
370 1076 458 1111 quo
481 1065 537 1102 ad
558 1064 824 1111 Eclipticam,
848 1065 1086 1103 secundum
1109 1066 1239 1113 ipsius
1261 1067 1611 1114 Longitudinem,
1635 1067 1672 1105 8(
1693 1068 1748 1105 ab
1771 1067 1854 1106 hac

209 1117 515 1161 Latitudinem,
541 1117 715 1165 lingulis
740 1118 1108 1156 Obseruationum
1134 1119 1299 1163 diebus,
1325 1131 1401 1166 per
1423 1120 1765 1168 Triangulorum
1788 1133 1854 1159 ra—

208 1172 349 1208 tiones
365 1170 699 1208 demonstratiue
716 1173 762 1208 in
778 1183 986 1209 numeros
1002 1172 1208 1219 disponet.

262 1223 563 1270 QVARTVM‚
588 1224 789 1262 Eiusdem
812 1224 938 1262 fitum
960 1236 1049 1271 quo
1072 1226 1127 1263 ad
1148 1225 1437 1272 AEquatorem
1462 1226 1638 1274 eiusque
1659 1227 1788 1265 Polos
1809 1229 1854 1265 in

208 1276 542 1314 Ascenfionibus
563 1275 701 1315 Rectis
722 1277 760 1315 &
781 1277 1173 1322 Declinationibus‚
1196 1290 1249 1316 ex
1270 1279 1380 1316 datis
1399 1280 1452 1317 ab
1473 1280 1679 1327 Ecliptica
1698 1281 1853 1328 Longi-

139 1344 172 1370 20
208 1330 432 1367 tudinibus
448 1330 866 1378 Latitudinibusque.
882 1333 978 1378 pari
994 1333 1162 1369 ratione
1178 1332 1461 1380 inuestigabit.

262 1382 555 1430 QVINTVM,
576 1383 827 1422 Portionem
844 1383 1021 1429 Circuli,
1043 1396 1176 1432 quem
1193 1385 1269 1423 suo
1285 1391 1410 1423 motu
1426 1386 1637 1433 descripsit
1654 1387 1852 1431 Cometa,

209 1435 246 1473 &
258 1436 435 1483 qualem
447 1435 606 1474 habeat
617 1438 665 1481 is,
677 1442 767 1475 tam
779 1449 867 1484 quo
879 1438 935 1475 ad
948 1438 1213 1485 Eclipticam,
1226 1450 1360 1485 quam
1372 1438 1661 1486 AEquatorem
1673 1441 1853 1478 inclina-

207 1491 385 1533 tionem,
402 1489 642 1537 quibusque
659 1492 705 1528 in
720 1490 827 1528 locis
843 1490 1016 1528 eosdem
1032 1491 1265 1536 intersecet,
1283 1492 1338 1529 ob
1355 1492 1506 1530 oculos
1522 1499 1665 1540 ponet.

261 1542 514 1587 SEXTVM,
541 1543 609 1580 De
635 1543 834 1581 Cometae
859 1544 992 1581 huius
1016 1545 1318 1583 Parallaxibus
1342 1546 1601 1593 indagandis
1626 1552 1733 1594 aget,
1760 1549 1852 1594 qui-

137 1610 171 1635 25
207 1595 288 1633 bus
304 1597 398 1634 eius
414 1595 573 1643 positus
590 1608 678 1643 quo
695 1597 751 1635 ad
767 1597 928 1635 Mundi
944 1598 1206 1635 diametrum
1224 1599 1513 1646 inuestigatur,
1536 1599 1574 1636 8(
1593 1605 1740 1637 utrum
1756 1602 1791 1637 is
1808 1602 1853 1637 in

206 1648 428 1693 AEtherea,
452 1661 510 1687 an
534 1649 799 1688 Elementari
823 1650 1014 1698 Regione
1038 1653 1235 1695 extiterit,
1263 1653 1493 1690 certissimis
1516 1653 1759 1691 rationibus
1782 1654 1852 1691 de—

206 1702 487 1740 monstratiue
504 1703 744 1741 concludet.

260 1755 579 1800 SEPTIMVM,
601 1757 895 1804 Apparentias
911 1759 956 1794 in
973 1757 1171 1795 Cometae
1192 1758 1333 1796 cauda
1354 1758 1558 1803 discutiet,
1580 1758 1618 1796 8(
1639 1761 1733 1797 eius
1753 1759 1853 1797 fitus

206 1808 576 1856 protenfionisque
596 1811 642 1847 in
662 1809 758 1847 haec
774 1809 846 1847 uel
862 1810 937 1848 illa
954 1810 1069 1849 Coeli
1087 1811 1185 1849 loca
1200 1810 1391 1859 respectu
1408 1814 1559 1859 capitis
1575 1812 1752 1860 suaeque
1769 1815 1851 1850 ori—

137 1875 170 1900 30
206 1863 329 1909 ginis,
346 1864 538 1900 rationes
554 1862 866 1911 peruestigabit.

261 1914 558 1960 OCTAVVM,
582 1916 749 1954 Locum
771 1916 858 1954 fiue
882 1916 1089 1955 idoneam
1111 1919 1223 1955 inter
1244 1917 1450 1956 Coelestes
1471 1919 1753 1957 Planetarum
1775 1922 1851 1957 cir-

207 1970 347 2006 cuitus
368 1971 653 2016 capacitatem
672 1971 880 2013 inueniet,
902 1970 976 2008 ubi
993 1970 1179 2008 Cometa
1195 1971 1462 2009 curriculum
1478 1971 1603 2009 suum
1620 1973 1851 2011 commode

207 2021 470 2066 absoluebat‚
491 2033 669 2069 unaque
687 2022 961 2071 Hypothefin
977 2024 1260 2072 Apparentijs
1281 2026 1374 2062 eius
1395 2024 1616 2063 saluandis
1638 2028 1850 2074 excogita-

206 2079 308 2118 tam,
325 2074 623 2122 suppeditabit.

137 2140 170 2165 35
260 2127 500 2172 NONVM,
518 2128 685 2176 Capitis
697 2128 735 2166 8(
747 2129 900 2167 caudae
916 2130 1277 2177 magnitudinem,
1295 2137 1461 2178 quanta
1472 2133 1517 2169 in
1530 2131 1619 2179 ipso
1632 2132 1761 2170 Coelo
1775 2144 1851 2179 per

206 2180 246 2218 se
262 2192 419 2219 reuera
435 2183 582 2226 extitit,
599 2182 876 2220 mensurabit.

259 2234 404 2281 Atque
421 2234 489 2272 his
504 2246 670 2272 nouem
682 2235 911 2282 Capitibus
926 2238 1044 2283 prior
1060 2248 1160 2283 pars
1171 2236 1306 2275 finem
1318 2239 1513 2285 imponet
1525 2240 1589 2285 ijs,
1606 2250 1707 2285 quae
1719 2250 1741 2276 e
1754 2251 1850 2286 pro-

206 2289 310 2335 prijs
322 2287 737 2326 considerationibus
749 2291 862 2326 circa
874 2289 1107 2327 Cometam
1123 2289 1241 2328 hunc
1258 2292 1547 2338 proponenda
1563 2292 1821 2329 censuimus.
1836 2289 1850 2341 ΙΙ

133 2346 174 2377 4v
260 2340 550 2378 DECIMVM
567 2353 674 2379 uero
691 2341 729 2379 8(
745 2342 958 2379 Vltimum
975 2342 1132 2390 Caput,
1154 2355 1242 2390 quo
1263 2346 1394 2381 unico
1415 2349 1551 2382 totam
1571 2345 1851 2391 posteriorem

137 2405 170 2430 40
206 2393 323 2431 Libri
343 2398 511 2441 partem
532 2393 596 2440 (ut
615 2394 720 2440 dixi)
742 2395 1081 2442 comprehendo,
1105 2398 1218 2434 circa
1240 2397 1430 2434 aliorum
1451 2403 1665 2445 quotquot
1687 2398 1850 2436 habere

206 2446 325 2484 licuit
345 2446 591 2484 Sententias
611 2447 900 2486 discutiendas
921 2449 1215 2496 occupabitur,
1240 2449 1278 2487 8(
1301 2450 1356 2488 ob
1379 2450 1654 2498 aliquantam
1674 2451 1850 2498 prolixi-

206 2504 339 2537 tatem
354 2501 400 2537 in
416 2499 504 2538 duo
520 2499 817 2538 subdiuidetur
832 2502 1042 2539 membra.
1065 2501 1269 2549 Quorum
1285 2506 1515 2548 anteriore,
1537 2504 1589 2542 de
1611 2516 1766 2542 eorum
1786 2506 1849 2541 in-

312 2561 327 2585 2
1569 2557 1851 2595 uentionibus
