2209 3213
516 219 1040 260 RECENTIORIBUS
1060 221 1518 261 PHAENOMENIS
1781 221 1840 262 311

240 325 309 363 Pri
318 337 454 370 mum,
466 328 512 363 in
523 326 762 375 Triangulo
774 329 814 365 A
823 328 856 365 Β
866 328 914 372 C,
928 328 1125 366 distantia
1136 328 1344 367 Polorum
1356 329 1614 367 Horizontis
1627 329 1664 366 &
1675 329 1840 377 AEqua-

188 381 297 416 toris
313 381 486 426 cognita
502 379 557 417 est
572 380 688 427 grad.
703 380 766 418 39.
783 383 888 418 min.
900 381 952 418 20
969 381 1198 427 (constituit
1215 384 1333 420 enim
1349 382 1435 429 ipse
1453 382 1667 420 Scultetus
1684 383 1840 421 Eleua-

187 434 358 469 tionem
378 432 471 469 Poli
494 432 810 471 Gorliciensem
830 434 873 471 P.
891 434 953 472 50.
971 434 1034 472 M.
1051 435 1114 478 40,
1136 440 1179 472 vt
1200 447 1253 473 ex
1274 436 1429 473 eodem
1451 435 1617 483 Scripto
1639 436 1840 484 colligere

186 484 304 531 licet)
323 484 403 523 BC
420 485 475 522 est
492 485 863 533 complementum
878 487 1133 525 Altitudinis
1150 488 1294 526 Stellae
1313 489 1428 536 grad.
1446 489 1508 527 37.
1526 491 1630 527 min.
1648 490 1689 527 15
1705 491 1751 526 in
1767 489 1838 527 Se-

134 550 150 574 5
191 537 336 576 cunda
353 537 669 577 Obseruatione
689 545 922 587 repertum.
944 540 1025 578 AC
1043 552 1148 578 vero
1170 541 1225 578 est
1246 542 1618 589 complementum
1634 542 1838 580 Declina-

186 593 319 629 tionis
331 590 447 629 istius
459 591 616 637 Stellae,
633 593 752 639 quod
764 604 817 630 ex
829 593 971 631 nostra
982 595 1125 640 priore
1137 596 1394 633 inuentione
1406 607 1562 633 reuera
1574 595 1707 633 existit
1719 596 1762 633 P.
1774 596 1837 634 49.

188 644 251 682 M.
268 644 304 682 9.
329 643 445 682 Cum
465 646 593 692 igitur
613 647 659 683 in
680 643 792 684 dicto
812 645 1052 694 Triangulo
1073 647 1263 685 constent
1284 650 1435 686 omnia
1455 650 1537 686 tria
1557 649 1726 692 Latera,
1747 661 1838 687 non

388 1322 430 1366 L
979 1351 1210 1392 ΚΗΙ

183 1437 455 1485 ignorabitur
465 1438 668 1486 Angulus
680 1437 811 1482 BAC,
828 1440 903 1485 qui
920 1437 975 1476 eft
991 1437 1200 1476 distantiae
1213 1438 1358 1477 Stellae
1374 1451 1401 1477 a
1418 1439 1669 1478 Meridiano
1686 1440 1832 1478 secun—

93 1498 159 1530 390
183 1490 289 1528 dum
303 1487 642 1541 AEquato-ssrem,
665 1491 782 1539 grad.
799 1491 862 1530 52.
883 1493 988 1529 min.
1005 1492 1069 1534 46,
1091 1503 1118 1529 a
1138 1492 1296 1539 quibus
1317 1492 1346 1529 fi
1367 1492 1705 1531 subtraxerimus
1723 1493 1777 1532 G.
1795 1494 1831 1532 3.

116 1557 146 1582 ιο
185 1543 248 1581 M.
258 1544 294 1588 4,
306 1544 494 1592 prodibit
503 1544 706 1592 Angulus
716 1544 848 1589 BAC,
861 1544 1003 1592 qualis
1015 1550 1106 1583 erat
1116 1550 1311 1592 tempore
1321 1548 1474 1593 primae
1486 1546 1831 1591 Obseruationis;

182 1596 350 1635 Tantus
375 1599 494 1636 enim
519 1603 610 1636 erat
633 1598 775 1636 Arcus
798 1597 1052 1645 AEquatoris
1077 1600 1188 1636 inter
1212 1604 1442 1646 Vtramque
1468 1600 1832 1638 Obseruationem

182 1650 485 1689 Meridianum
500 1650 722 1695 tranfiens,
739 1656 783 1689 vt
798 1651 885 1699 ipse
898 1651 1113 1690 Scultetus
1124 1653 1170 1689 in
1181 1652 1373 1700 Trigono
1389 1652 1465 1690 suo
1482 1655 1635 1700 quinto
1652 1653 1831 1692 demon—

182 1703 291 1742 strat.
308 1703 406 1742 Fuit
421 1706 569 1752 itaque
585 1704 655 1742 hic
667 1704 870 1752 Angulus
882 1704 1001 1743 BAC
1017 1707 1063 1742 in
1078 1707 1223 1752 priore
1241 1706 1301 1752 (vt
1312 1705 1418 1752 dixi)
1432 1706 1760 1751 Obseruatione‚
1778 1719 1831 1745 ex

182 1756 350 1804 placitis
365 1757 494 1802 illius,
511 1758 622 1796 Part.
637 1758 699 1796 49.
716 1760 821 1795 min.
839 1758 901 1796 42.
919 1757 1051 1804 Quod
1067 1758 1096 1795 fi
1113 1758 1215 1796 huic
1231 1759 1377 1797 rursus
1394 1759 1735 1807 applicuerimus
1751 1760 1831 1798 La-

114 1824 144 1849 ι5
181 1815 250 1848 tus
265 1810 361 1855 AB,
379 1811 496 1859 grad.
513 1811 576 1849 39.
594 1813 699 1849 min.
716 1811 779 1855 20,
797 1811 835 1849 &
851 1811 945 1855 AC,
963 1811 1005 1849 P.
1018 1812 1080 1849 49.
1099 1811 1162 1849 M.
1175 1812 1211 1856 9,
1228 1817 1271 1850 vt
1287 1818 1430 1857 antea,
1447 1813 1634 1860 prodibit
1651 1825 1704 1851 ex
1720 1814 1830 1851 datis

181 1863 354 1902 duobus
365 1864 592 1902 Lateribus
604 1864 831 1912 Angulum
843 1870 998 1902 notum
1010 1864 1494 1912 comprehendentibus,
1511 1866 1645 1904 Latus
1656 1869 1831 1904 tertium

181 1916 215 1954 B
224 1916 273 1961 C,
291 1917 663 1965 complementum
674 1917 930 1955 Altitudinis
947 1916 1071 1956 dietae
1084 1918 1276 1956 Stellulae
1288 1921 1334 1957 in
1345 1921 1487 1967 prima
1499 1919 1829 1964 obseruatione,

182 1969 236 2008 G.
249 1970 312 2009 35.
326 1970 389 2008 M.
403 1971 456 2015 19,
474 1971 512 2009 &
529 1982 582 2008 ex
597 1971 733 2009 tribus
749 1972 838 2009 iam
854 1973 969 2009 notis
986 1971 1212 2010 Lateribus
1228 1972 1463 2010 innotescet
1474 1974 1677 2021 Angulus
1689 1973 1771 2011 AB
1781 1973 1830 2017 C,

180 2028 287 2071 part.
300 2023 362 2062 86.
376 2024 440 2062 Μ.
452 2024 537 2067 2423,
555 2026 630 2071 qui
646 2026 821 2062 metitur
832 2025 999 2062 Arcum
1011 2025 1270 2063 Horizontis
1282 2026 1368 2063 LH
1381 2025 1676 2064 ostendentem
1693 2038 1830 2074 quan-

110 2089 143 2114 20
180 2081 274 2114 tum
282 2077 498 2115 verticalis
507 2089 584 2124 per
593 2077 773 2115 Stellam
783 2077 1005 2121 tranfiens,
1018 2078 1196 2116 distabat
1207 2090 1233 2117 a
1245 2079 1510 2124 Meridiano,
1523 2082 1830 2118 numeratione

181 2130 235 2168 ab
248 2130 293 2174 L,
310 2129 635 2178 septentrionali
652 2132 746 2168 eius
762 2130 872 2175 loco,
890 2130 1108 2169 inchoata.
1126 2132 1258 2169 Nunc
1273 2132 1429 2170 eodem
1440 2133 1574 2171 modo
1586 2133 1830 2181 periculum

180 2182 404 2228 faciemus,
427 2189 618 2231 quantus
639 2184 755 2222 idem
771 2184 973 2232 Angulus
989 2184 1129 2229 fuerit,
1151 2197 1283 2232 quem
1300 2185 1487 2224 Cometa
1503 2191 1605 2225 tunc
1621 2188 1830 2234 temporis

180 2247 281 2274 cum
293 2236 545 2275 Meridiano
558 2236 710 2275 effecit.
728 2237 863 2284 quue
875 2243 918 2275 vt
930 2238 1121 2275 constare
1138 2239 1267 2286 possit,
1285 2245 1454 2286 oportet
1467 2242 1659 2287 primum
1671 2240 1829 2278 Ascen-

180 2289 345 2327 fionem
362 2289 538 2328 Rectam
554 2290 684 2338 medij
704 2290 820 2328 Coeli
836 2291 892 2328 ad
908 2291 1025 2328 idem
1042 2291 1370 2330 Obseruationis
1391 2298 1667 2331 momentum
1686 2296 1829 2341 cogni-

110 2356 143 2380 25
180 2347 271 2381 tam
286 2342 461 2388 habere,
479 2355 579 2391 quae
595 2343 649 2381 fic
664 2343 790 2381 facile
806 2344 1053 2382 innotescet.
1070 2344 1272 2383 Ascenfio
1289 2344 1419 2384 Recta
1435 2346 1640 2393 Septimae
1656 2347 1829 2384 Andro-

180 2396 321 2434 medae
337 2396 533 2444 superius
548 2396 603 2434 est
614 2408 641 2435 a
651 2397 778 2434 nobis
792 2399 975 2435 inuenta
987 2397 1381 2446 Demonstrataque
1394 2399 1436 2437 P.
1449 2399 1538 2437 349.
1553 2400 1615 2437 M.
1628 2400 1691 2438 23.
1710 2400 1829 2437 Huic

179 2448 209 2486 fi
229 2449 518 2488 adiecerimus
538 2450 766 2498 Angulum
787 2450 918 2495 ΒΑΕ,
943 2451 1086 2498 qualis
1109 2457 1200 2489 erat
1222 2457 1418 2500 tempore
1439 2455 1593 2500 primae
1615 2453 1827 2491 Obserua-

179 2503 322 2547 tionis‚
343 2503 531 2550 prodibit
546 2502 748 2541 Ascenfio
765 2502 894 2542 Redta
915 2504 1045 2552 medij
1065 2504 1181 2543 Coeli
1200 2505 1540 2553 correspondens
1558 2506 1612 2545 G.
1630 2506 1692 2544 39.
1710 2506 1773 2543 M.
1791 2507 1826 2544 5.

1626 2559 1827 2597 Ascenfio
