2209 3213
87 946 116 971 15

81 1167 114 1193 20

80 1389 113 1414 25

77 1610 111 1635 30

78 1832 111 1858 35

75 2053 109 2079 40

73 2275 107 2301 45

71 2495 105 2521 50

479 217 982 257 RESTINCTIONIS
1003 218 1478 258 FRAGMENTUM
1724 221 1802 259 487

159 320 419 352 inclinationis
439 321 662 361 utrobiqve:
686 322 799 354 Unde
819 323 958 363 Anguli
979 323 1029 354 ad
1050 323 1184 357 basim.
1207 331 1299 354 cum
1320 323 1399 363 ipsa
1420 323 1499 355 bafi
1521 324 1730 362 dabuntur,
1754 333 1801 356 ac

158 364 247 396 inde
258 367 362 396 totus
373 365 589 405 triangulus
600 366 713 398 ΑΒΕ.
733 367 831 398 Haec
848 369 1007 405 annoto,
1024 369 1066 398 ut
1083 367 1191 404 scias,
1209 367 1349 408 corrigi
1363 367 1466 407 posse
1478 368 1580 400 hanc
1592 369 1800 407 rationem,

159 417 250 440 cum
266 409 505 448 reliqvarum
522 411 627 441 nulla
644 413 777 450 qveat:
795 411 825 442 8(
840 414 882 442 ut
893 411 932 442 in
943 411 1152 451 posterum,
1171 420 1262 443 curn
1280 412 1533 451 apparuerint
1545 413 1732 451 Cornetae,
1751 414 1800 445 fic

158 453 451 485 observationes
473 454 687 491 instituatis,
711 464 759 486 ne
782 455 969 495 sumptus,
995 464 1136 495 operas
1159 456 1189 486 8(
1211 455 1360 495 vigilias
1384 457 1536 488 ludatis.
1562 457 1660 488 Cum
1683 458 1801 490 literis

157 499 290 528 tecum
307 498 355 529 de
370 497 430 529 his
445 498 563 530 rebus
579 499 813 536 dissererem‚
831 499 957 531 obiter
973 499 1061 540 petij
1079 499 1338 539 longitudines
1350 501 1380 531 8(
1391 501 1614 533 latitudines
1626 501 1800 539 Cassiliae,

156 541 289 582 Pragae
305 541 335 572 8(
351 541 596 583 Vraniburgi‚
619 552 717 582 qvas
734 543 914 580 haberes,
934 544 984 574 ad
1002 552 1066 574 me
1082 543 1278 583 perscribi.
1302 544 1404 575 Nam
1422 545 1485 587 [in]
1501 545 1600 577 illius
1616 545 1799 584 incertus,

156 585 195 616 in
210 585 355 617 horum
371 586 685 626 longitudinibus,
703 587 898 618 diversum
916 588 965 619 ab
984 588 1067 627 alijs
1085 587 1249 619 statuere
1266 588 1394 630 v[isus]
1410 597 1467 620 es:
1486 598 1565 622 non
1581 599 1629 622 ex
1647 591 1800 631 Mappis

157 629 390 662 Mercatoris
411 633 478 662 avt
499 630 786 662 Mercatorum:
809 640 977 671 qvarum
998 634 1129 663 errata
1150 640 1229 663 non
1251 641 1314 663 me
1335 634 1470 665 latent:
1498 634 1573 665 Sed
1594 635 1699 674 qvod
1721 635 1800 675 ipse

155 682 234 706 non
255 675 406 706 constes
425 675 506 712 tibi,
528 676 557 706 8(
579 675 787 715 approbati
802 675 992 707 Avcstores
1014 676 1112 706 inter
1129 676 1176 712 se,
1196 676 1225 706 8(
1245 685 1267 707 a
1283 679 1321 707 te
1342 677 1568 709 dissentiant.
1591 679 1712 719 Praga
1732 680 1800 711 tibi

157 718 384 750 orientalior
403 719 455 751 est
475 721 542 751 tuo
564 720 669 751 loco:
692 720 743 751 ad
758 720 796 751 3⁰
816 721 883 757 15¹,
906 729 1008 751 nunc
1024 720 1063 750 2⁰
1079 720 1225 751 statuis:
1249 721 1429 753 STADIO
1447 722 1618 762 ejusdem
1639 724 1799 764 longitu-

155 762 254 794 dinis
275 771 366 794 cum
388 763 548 794 Hafnia:
574 763 912 795 RHEINHOLDO
937 764 1229 796 occidentalior.
1256 765 1356 796 Hinc
1379 768 1533 797 tantum
1554 765 1569 809 ΙΙ
1589 766 1734 809 [ab]est,
1757 770 1800 799 ut

155 806 354 839 sententiae
369 810 449 839 tuae
465 808 659 840 rationem
677 808 904 845 reddideris,
926 809 988 839 vel
1005 809 1378 847 communicaveris,
1400 812 1441 841 ut
1459 810 1497 841 in
1513 819 1576 842 me
1593 820 1672 843 non
1688 812 1799 844 aliter

154 859 354 889 excurras,
374 861 494 891 qvam
512 853 536 883 fi
553 861 715 893 gravem
732 861 909 884 errorem
926 852 1210 884 commifissem.
1236 854 1323 884 Non
1339 854 1595 894 respondebo.
1618 856 1720 887 Nam
1737 865 1799 888 ve—

153 895 311 927 ritatem
332 896 529 928 rationum
550 899 709 928 tuarum
731 897 923 928 duntaxat
943 897 1119 936 exqviro.
1143 897 1218 928 Sed
1238 899 1520 937 temperandus
1539 899 1608 931 tibi
1627 900 1678 932 est
1697 901 1798 932 cala-

154 948 254 977 mus,
272 940 297 971 fi
314 941 366 971 ita
382 940 485 972 libet.

206 984 402 1017 Postremo
419 985 662 1025 propositum
676 988 789 1017 tuum
806 986 855 1017 fic
872 986 1029 1017 conaris
1046 985 1263 1017 ostendere:
1286 986 1442 1018 assumis
1459 988 1557 1019 duas
1575 988 1796 1021 altitudines

152 1028 393 1067 observatas,
416 1038 584 1069 qvarum
605 1029 870 1061 differentiam
892 1030 1047 1069 qvaeris.
1071 1030 1220 1062 Deinde
1242 1039 1290 1061 ex
1311 1032 1528 1063 earundem
1549 1033 1796 1065 altitudinum

154 1072 240 1104 solis
252 1073 484 1111 Azimuthis‚
497 1074 527 1104 8(
538 1074 864 1106 declinationibus
876 1078 917 1105 ut
928 1071 1157 1112 δεδομένοις,
1178 1074 1339 1114 inqviris
1351 1075 1585 1114 altitudines,
1601 1086 1698 1116 qvas
1713 1080 1798 1109 tum

151 1116 327 1157 respectu
344 1118 473 1149 Centri
489 1119 676 1158 appellas.
696 1118 848 1149 Harum
867 1118 1132 1150 differentiam
1148 1119 1185 1150 3‘
1202 1120 1397 1160 majorem
1413 1120 1560 1160 reperis
1577 1121 1797 1153 differentia

150 1160 307 1193 illarum
328 1162 588 1200 altitudinum,
611 1163 640 1194 8(
660 1165 815 1194 tantum
836 1165 950 1202 putas
974 1163 1197 1194 altitudines
1220 1163 1394 1203 respecstu
1418 1165 1552 1202 centri,
1577 1166 1723 1197 variari
1748 1167 1798 1198 ab

152 1206 418 1238 altitudinibus
434 1206 609 1246 respecstu
626 1207 858 1247 superficiei;
876 1216 1047 1247 cumqve
1063 1207 1285 1239 differentia
1298 1208 1339 1239 sit
1351 1209 1501 1248 exigua,
1519 1210 1577 1240 vis
1589 1210 1796 1242 Cometam

150 1249 189 1281 in
204 1250 441 1283 immensum
457 1260 504 1282 eo
520 1251 639 1291 usqve
655 1251 864 1289 removeri,
881 1252 946 1282 ubi
961 1254 1045 1283 tam
1062 1261 1203 1291 parum
1219 1252 1372 1283 interest
1388 1253 1488 1284 inter
1504 1254 1726 1286 altitudines
1742 1264 1798 1286 re-

151 1293 280 1334 spectu
304 1295 433 1327 Centri
455 1296 485 1327 8(
509 1295 736 1336 superficiei.
762 1296 912 1327 Deinde
936 1296 973 1326 in
995 1296 1216 1328 remotione
1240 1297 1386 1327 Lunari
1409 1298 1553 1336 qvaeris
1575 1299 1798 1331 altitudines

150 1347 278 1377 veras,
300 1339 443 1371 harum
465 1339 730 1371 differentiam
750 1340 898 1380 reperis
918 1340 1115 1372 minorem
1132 1340 1353 1372 differentia
1370 1342 1663 1381 apparentium:
1685 1343 1798 1375 Vnde

151 1383 365 1421 concludis,
389 1384 413 1415 fi
433 1384 593 1416 inferius
613 1386 837 1424 poneretur,
862 1385 992 1416 adhuc
1015 1384 1209 1416 minorem
1231 1384 1326 1416 fore.
1352 1385 1448 1416 Sunt
1468 1386 1555 1418 haec
1576 1387 1681 1425 talia,
1707 1396 1796 1427 qvae

150 1427 200 1459 ab
212 1428 291 1459 ullo
305 1428 596 1460 Mathematum
613 1429 847 1469 intelligente
864 1429 1018 1468 prolata
1034 1429 1107 1460 esse
1123 1429 1188 1460 vix
1205 1430 1421 1467 crederem,
1439 1430 1505 1461 nisi
1521 1433 1633 1462 tuum
1650 1440 1796 1463 nomen

149 1471 352 1504 haberent.
374 1473 559 1508 Primum,
582 1482 680 1513 qvas
700 1472 876 1513 respectu
892 1473 1022 1504 Centri
1038 1474 1224 1513 appellas,
1248 1474 1469 1506 altitudines
1490 1484 1569 1507 non
1590 1475 1674 1507 sunt
1694 1476 1794 1514 aliae,

149 1525 271 1556 qvam
292 1520 539 1557 apparentes.
562 1517 666 1548 Nam
686 1517 871 1548 Azimuth
894 1518 923 1548 8(
944 1517 1166 1555 declinatio,
1188 1527 1237 1549 ex
1258 1518 1397 1557 qvibus
1418 1527 1486 1550 eas
1506 1520 1688 1559 exqviris‚
1711 1520 1796 1552 sunt

149 1561 375 1601 apparentis
391 1562 478 1600 loci,
495 1565 537 1593 ut
553 1562 701 1593 necesse
719 1562 761 1593 fit
777 1564 1036 1602 apparentem
1053 1562 1298 1593 altitudinem
1314 1563 1468 1594 restitui.
1488 1564 1591 1595 Nam
1602 1564 1640 1595 in
1652 1565 1795 1596 eodem

147 1604 341 1646 triangulo
357 1606 536 1643 versaris,
554 1607 583 1637 8(
598 1608 754 1637 tantum
771 1606 864 1637 data
880 1606 918 1637 in
935 1607 1096 1646 qvaefita
1113 1608 1256 1644 mutas,
1274 1609 1315 1638 ut
1328 1607 1352 1638 si
1364 1607 1403 1638 in
1414 1608 1569 1639 calculo
1581 1617 1660 1640 non
1672 1608 1795 1640 fuisset

148 1657 270 1687 error,
292 1650 457 1687 eaedem‚
481 1659 570 1690 qvae
586 1650 705 1690 prius,
728 1650 950 1682 altitudines
967 1651 1237 1691 provenissent.
1261 1651 1318 1682 De
1335 1652 1601 1684 altitudinibus
1618 1653 1794 1685 Cometae

147 1693 323 1734 respectu
344 1695 472 1726 Centri
494 1704 542 1726 ne
561 1692 630 1734 γρὺ
650 1704 826 1735 unqvam
848 1695 978 1726 adhuc
999 1695 1067 1726 tibi
1089 1695 1269 1731 constitit;
1294 1696 1324 1726 8(
1348 1696 1397 1727 ob
1418 1696 1468 1733 id,
1493 1705 1565 1728 nec
1587 1697 1635 1728 de
1656 1705 1793 1729 earum

148 1738 420 1771 declinatione.
444 1740 494 1770 At
515 1742 557 1770 tu
578 1740 841 1771 insensibiliter
861 1748 1000 1771 veram
1020 1740 1221 1779 visamqve
1245 1740 1549 1772 declinationem
1572 1741 1794 1782 discrepare

147 1783 216 1820 ais,
233 1785 275 1814 ut
291 1784 415 1815 altera
431 1793 502 1824 pro
519 1785 643 1815 altera
656 1784 753 1815 sumi
765 1784 885 1824 possit,
903 1792 975 1815 nec
988 1792 1164 1816 errorem
1177 1784 1240 1816 hic
1253 1784 1459 1823 committi,
1478 1785 1542 1816 sed
1554 1794 1638 1817 rem
1650 1786 1793 1818 eodem

147 1827 287 1865 redire,
304 1836 397 1859 cum
413 1828 452 1859 id
468 1828 576 1860 facis.
596 1829 645 1859 At
661 1828 737 1860 hoc
754 1828 792 1859 in
809 1828 1019 1868 qvaestione
1036 1828 1088 1860 est
1104 1829 1287 1868 politum:
1309 1829 1369 1859 An
1385 1838 1502 1861 verus
1518 1830 1548 1861 8(
1564 1830 1666 1862 visus
1682 1831 1792 1862 locus

148 1871 383 1910 coincidant,
401 1873 431 1903 8(
448 1873 609 1904 omnino
626 1876 790 1912 negatur
805 1873 898 1903 nihil
914 1872 1100 1904 interesse.
1119 1873 1369 1904 Probandum
1386 1873 1455 1905 tibi
1471 1874 1534 1912 est,
1554 1883 1633 1906 non
1648 1877 1690 1906 ut
1705 1883 1793 1915 pro-

147 1915 285 1947 batum
302 1917 547 1948 sumendum.
569 1917 724 1957 Alioqvi
739 1917 973 1957 principium
991 1917 1101 1957 petis,
1123 1920 1242 1957 utqve
1257 1917 1296 1948 in
1313 1918 1420 1955 locis,
1444 1919 1494 1950 [ic
1510 1918 1549 1949 in
1565 1918 1792 1960 differentijs

147 1968 226 1992 non
250 1970 392 2001 parurn
415 1961 585 1993 interest:
617 1962 646 1993 8(
676 1970 863 1992 verarum
889 1961 1109 1993 differentia
1136 1962 1383 1993 altitudinum
1410 1962 1562 2002 semper
1586 1963 1638 1994 est
1662 1964 1793 1995 minor

147 2004 368 2037 differentia
390 2006 678 2046 apparentium,
699 2006 765 2037 ubi
786 2006 916 2045 aliqva
938 2006 989 2037 est
1010 2006 1234 2037 Parallaxis.
1260 2006 1374 2043 Qvod
1397 2006 1608 2047 intelligere
1632 2007 1722 2039 licet
1745 2017 1793 2040 ex

145 2049 365 2081 remotione
382 2050 539 2088 Lunari,
561 2050 627 2082 ubi
648 2050 778 2082 minor
799 2050 982 2087 occurrit,
1005 2051 1035 2081 8(
1056 2051 1132 2081 [ive
1152 2050 1335 2090 superius,
1359 2051 1435 2082 live
1456 2051 1616 2083 inferius
1639 2060 1793 2092 progre-

146 2093 276 2132 diaris,
298 2094 450 2134 semper
471 2095 601 2126 minor
616 2094 699 2132 erit,
722 2094 788 2126 nisi
804 2095 871 2126 ubi
887 2095 993 2126 nulla
1009 2094 1060 2126 est
1076 2094 1300 2134 parallaxis.
1325 2095 1427 2126 Nam
1442 2098 1527 2127 turn
1543 2096 1595 2127 est
1611 2097 1790 2136 aeqvalis:

145 2138 336 2178 nusqvam
353 2139 492 2180 major.
511 2140 560 2170 At
574 2142 734 2170 tuarum
752 2139 1013 2176 altitudinum,
1032 2148 1129 2178 qvas
1146 2138 1320 2178 respectu
1333 2139 1462 2171 Centri
1479 2141 1667 2180 appellas,
1685 2140 1793 2172 diffe-

143 2182 268 2214 rentia
285 2182 337 2214 est
354 2183 497 2224 maj0r;
517 2183 630 2215 Unde
648 2183 742 2215 scire
758 2183 882 2223 posses
898 2192 978 2215 non
994 2183 1066 2215 esse
1082 2184 1192 2215 tales.
1211 2184 1346 2223 Itaqve
1364 2184 1427 2215 hae
1443 2183 1696 2216 collediiones
1711 2187 1791 2217 tuae

144 2235 223 2258 non
238 2226 488 2259 infallibiliter
504 2228 757 2264 concludunt,
776 2228 839 2259 sed
855 2228 1008 2267 penitus
1024 2227 1131 2259 falsae
1146 2228 1240 2265 sunt,
1258 2228 1287 2259 8(
1305 2227 1453 2260 fallunt.
1473 2229 1546 2260 Hic
1558 2237 1637 2260 non
1649 2229 1707 2261 vis
1720 2238 1792 2261 nos

144 2270 336 2311 ignorare,
354 2271 454 2303 inter
464 2281 603 2303 verum
616 2272 818 2312 visumqve
830 2272 1015 2303 Azimuth
1032 2272 1125 2303 nihil
1142 2272 1332 2304 interesse:
1351 2273 1456 2312 qvali
1469 2274 1530 2304 vel
1546 2274 1626 2304 ulla
1643 2274 1790 2314 syllaba

142 2315 210 2347 tibi
226 2315 265 2346 in
280 2315 417 2348 nostris
434 2316 670 2354 occurrisset,
687 2319 729 2347 ut
744 2324 817 2347 nos
828 2316 867 2347 id
878 2316 1059 2356 ignorare
1071 2316 1252 2356 suspicari
1264 2317 1403 2356 posses:
1422 2320 1462 2348 ut
1479 2318 1790 2350 demonstrarem

141 2362 180 2391 te
201 2358 333 2391 actum
354 2369 481 2400 agere,
504 2369 596 2392 cum
618 2361 731 2392 datas
754 2361 976 2392 altitudines
997 2369 1045 2392 ex
1066 2361 1235 2400 qvaesitis
1254 2361 1331 2392 tuis
1351 2361 1578 2401 inqvireres‚
1600 2371 1672 2394 nec
1693 2362 1790 2394 alias

141 2404 350 2444 provenire
369 2405 613 2445 intelligeres.
636 2405 775 2445 Scripsi
796 2407 991 2444 utrunqve
1012 2405 1149 2436 datum
1170 2405 1365 2445 pertinere
1386 2407 1436 2437 ad
1457 2410 1716 2447 apparentem
1738 2408 1791 2438 lo-

142 2456 246 2480 cum.
266 2448 378 2481 Nunc
394 2458 489 2481 vero
506 2449 544 2480 in
560 2458 624 2481 me
640 2449 678 2480 id
695 2450 844 2489 culpas,
861 2449 899 2480 in
916 2458 993 2489 qvo
1010 2449 1186 2481 maxime
1203 2450 1422 2489 culpandus
1438 2450 1522 2492 [es]:
1542 2451 1645 2482 Nam
1657 2451 1696 2482 in
1708 2459 1792 2483 cor-

142 2491 314 2525 redtione
335 2493 687 2526 Demonstrationis
711 2492 854 2525 dmffiss.
878 2493 1265 2525 REGIOMONTANI
1289 2494 1565 2534 imaginarium
1589 2496 1789 2535 qvendam

1560 2541 1787 2580 Circulum
