2209 3213
330 232 405 269 274
822 226 904 263 DE
926 224 1151 262 MUNDI
1172 222 1473 260 AETHEREI

330 336 592 383 regularitati
604 333 640 369 8(
652 332 899 369 constantiae
911 332 1096 373 eximiae,
1109 341 1243 376 quam
1254 334 1464 375 perpetuo
1474 328 1687 375 paulatim
1698 327 1735 364 8(
1745 327 1968 365 successiue

330 402 353 426 a
367 388 561 425 celeriori
574 388 617 422 in
630 385 876 427 tardiorem,
894 389 1008 420 certa
1021 383 1057 419 &
1071 382 1293 419 ordinaria
1305 381 1417 428 Lege
1430 380 1715 423 conseruauit,
1730 379 1967 418 inconfide-

330 447 417 478 rate
435 438 630 476 detrahit.
649 438 813 474 Verum
834 436 935 473 huic
952 438 1098 472 minus
1115 441 1221 472 ratae
1239 435 1451 481 Opinioni
1467 433 1738 471 occasionem
1754 435 1800 470 in
1816 434 1967 480 primis

329 493 511 540 praebuit
527 490 753 528 Thaddaeo
774 492 926 536 ingens
947 489 1022 526 illa
1044 489 1097 525 ab
1114 488 1396 534 Apparentiis
1417 486 1501 524 Die
1517 486 1684 524 XXIIII
1701 486 1969 524 Nouembris

329 547 531 587 deuiatio,
554 555 640 590 qua
662 543 998 589 Longitudinem
1018 541 1116 588 plus
1137 541 1161 578 9
1181 541 1298 588 grad.
1320 540 1464 578 debito
1485 541 1749 577 anteriorem
1772 538 1968 581 reddidit,

328 599 444 645 quod
462 600 505 634 in
523 596 662 634 Stellis
679 595 968 642 proculdubio
986 594 1045 640 (vt
1062 593 1168 639 dixi)
1185 605 1211 631 a
1228 593 1386 640 quibus
1407 592 1650 630 distantiam
1672 595 1765 630 eius
1786 594 1968 629 rimatus

328 652 393 693 est,
411 662 543 687 vnarn
559 661 637 696 pro
654 649 801 691 altera,
819 648 936 694 quod
953 647 1079 685 facile
1092 648 1269 684 euenire
1282 647 1432 693 potuit,
1450 647 1673 692 acceperit.
1691 645 1759 683 Sic
1772 647 1903 682 etiam
1916 656 1969 682 ex

328 703 572 741 Latitudine
597 704 689 739 eius
712 702 765 738 ab
790 701 849 738 XI
872 701 1127 738 Decembris
1147 699 1278 746 vsque
1299 701 1345 736 in
1366 699 1560 736 Ianuarii
1583 700 1718 742 initia,
1743 709 1834 735 non
1856 695 1968 735 recte

328 757 561 797 constituta,
584 754 909 793 difformitatem
929 753 1043 791 hanc
1066 755 1178 790 circa
1194 757 1480 800 augmentum
1497 753 1590 789 eius
1606 753 1969 789 inconuenienter

327 809 504 852 admisit,
526 808 643 845 velut
664 808 773 845 alias
795 808 926 844 etiam
947 818 1023 853 per
1038 812 1178 844 totum
1194 806 1437 843 durationis
1455 805 1638 849 cursum,
1660 816 1752 842 non
1767 804 1907 842 solum
1923 805 1969 841 in

328 862 628 909 Longitudine‚
654 861 722 898 sed
749 862 880 898 etiam
906 859 1165 902 Latitudine‚
1192 861 1379 896 nimium
1405 870 1432 896 a
1454 858 1595 905 Scopo
1621 857 1811 901 deflexit;
1836 857 1968 904 idque

328 927 426 953 eam
442 915 676 962 praesertim
693 914 747 951 ob
765 913 951 956 causam,
970 913 1087 960 quod
1104 915 1148 949 in
1162 911 1308 950 Globo
1324 912 1512 959 grossiori
1529 911 1732 958 indagine
1749 910 1878 958 ipfius
1894 921 1968 957 po-

328 969 450 1006 situm
467 968 735 1009 scrutaretur,
758 969 833 1013 qui
849 966 957 1004 forte
975 968 1106 1003 etiam
1122 977 1214 1003 non
1229 965 1341 1003 adeo
1357 976 1543 1012 magnus
1561 963 1701 1007 fuerit,
1723 975 1802 1002 nec
1819 963 1968 1001 Stella-

328 1033 425 1059 rum
446 1033 549 1058 vera
570 1021 666 1058 loca
687 1019 942 1057 exhibuerit.
965 1019 1086 1056 Dum
1108 1020 1226 1056 enim
1247 1018 1376 1065 ipfius
1396 1019 1596 1065 proprias
1616 1017 1847 1061 distantias,
1869 1027 1968 1054 cum

328 1075 523 1112 restitutis
541 1073 782 1111 earundem
798 1072 1045 1115 affixarum,
1063 1072 1221 1119 quibus
1237 1073 1379 1115 vtitur,
1397 1071 1515 1114 locis,
1532 1070 1751 1108 subtiliore
1768 1071 1971 1108 examine

328 1127 517 1171 confero,
534 1137 818 1173 nequaquam
834 1131 924 1163 tam
940 1125 1174 1163 anomalus
1187 1124 1224 1162 8(
1236 1124 1449 1162 difformis
1464 1130 1610 1161 motus
1624 1125 1669 1161 in
1681 1123 1971 1171 Longitudine

329 1181 366 1218 8(
383 1180 628 1218 Latitudine
651 1182 744 1217 eius
765 1181 1040 1226 comperitur,
1062 1184 1105 1215 vt
1127 1190 1179 1215 ex
1200 1178 1556 1215 antecedentibus
1576 1182 1709 1224 patet;
1730 1182 1833 1214 tunc
1855 1177 1972 1214 enim

330 1235 664 1280 quamproxime
681 1232 832 1269 nostris
849 1231 1237 1270 obseruationibus
1254 1231 1484 1268 acceditur.

383 1286 520 1324 Simili
538 1288 667 1323 etiarn
684 1285 735 1322 de
753 1285 881 1323 causa
893 1284 1103 1322 Cornelio
1116 1284 1321 1322 Gemmae
1334 1295 1453 1321 error
1464 1283 1639 1330 irrepsit,
1652 1288 1694 1320 vt
1706 1284 1866 1330 putarit
1879 1293 1971 1320 cur-

328 1339 420 1376 sum
443 1342 535 1376 eius
556 1339 734 1376 subinde
755 1338 870 1376 fuisse
887 1350 914 1375 a
929 1338 1062 1385 seipso
1078 1337 1339 1381 difformem‚
1361 1337 1399 1374 8(
1419 1339 1465 1374 in
1485 1336 1561 1374 suo
1582 1334 1713 1374 ductu
1734 1335 1972 1374 inordinati

329 1392 493 1439 aliquid
517 1391 732 1435 admifisse,
756 1391 853 1429 licet
874 1393 909 1428 is
930 1403 1020 1428 non
1041 1402 1120 1438 pro
1142 1396 1257 1428 certo
1279 1391 1321 1428 id
1342 1389 1542 1432 affirmet,
1565 1389 1635 1427 sed
1657 1389 1797 1427 solum
1819 1388 1893 1426 fibi
1915 1390 1974 1426 ita

330 1446 566 1492 apparuisse
590 1446 748 1482 intuitu
771 1444 961 1482 aliorum
984 1444 1198 1487 Siderum,
1224 1443 1392 1487 referat,
1418 1445 1463 1481 in
1487 1454 1575 1490 quo
1598 1448 1747 1480 tamen
1770 1442 1810 1480 se
1834 1442 1974 1488 decipi

330 1499 504 1545 potuisse
520 1510 611 1535 non
628 1497 804 1535 obscure
820 1497 989 1535 fatetur.

382 1551 425 1589 Si
442 1563 545 1588 vero
563 1553 659 1598 quis
678 1550 822 1588 adhuc
843 1552 895 1588 de
916 1556 1039 1588 motu
1060 1550 1192 1588 huius
1210 1550 1409 1588 Cometae
1430 1549 1627 1587 dubitare
1648 1548 1892 1596 praesumat,
1914 1559 1973 1586 an

329 1607 363 1641 is
384 1604 632 1652 irregularis
653 1604 689 1641 8(
711 1604 945 1642 anomalus
967 1606 1162 1647 extiterit,
1186 1615 1266 1641 nec
1287 1615 1354 1647 ne,
1377 1602 1569 1640 conferet
1588 1602 1737 1640 saltem
1758 1601 1971 1639 Thaddaei

330 1658 513 1705 Hagecii
529 1657 698 1705 placita,
717 1669 815 1694 cum
829 1659 880 1694 iis
893 1669 992 1704 quae
1005 1657 1240 1695 Cornelius
1254 1657 1446 1695 Gemma
1462 1657 1703 1694 annotauit.
1721 1655 1838 1692 Licet
1854 1656 1972 1692 enim

330 1711 460 1748 ambo
483 1722 559 1757 per
581 1711 696 1748 idem
721 1710 1068 1755 Instrumentum,
1093 1710 1280 1748 Radium
1303 1709 1502 1747 videlicet
1522 1708 1887 1752 Astronomicum‚
1911 1708 1972 1745 di-

330 1763 502 1801 stantias
520 1764 716 1801 Cometae
734 1775 760 1801 a
775 1766 929 1801 vicinis
945 1764 1060 1801 Fixis
1082 1760 1308 1813 de-nmenfi
1329 1763 1418 1806 fint,
1441 1762 1479 1800 8(
1499 1767 1679 1809 vterque
1696 1764 1741 1799 in
1758 1761 1892 1799 Globi
1907 1760 1970 1798 su-

329 1816 503 1863 perficie
517 1819 609 1854 eius
621 1817 920 1863 Apparentem
932 1817 1078 1854 locum
1090 1816 1339 1864 inquisierit,
1357 1815 1646 1853 nihilominus
1662 1815 1835 1862 patebit,
1853 1813 1971 1861 quod

330 1870 400 1907 vbi
417 1881 528 1907 vnus
545 1870 721 1907 illorum
737 1875 907 1907 motum
923 1872 1029 1914 eius,
1051 1869 1241 1917 respectu
1262 1869 1614 1907 antecedentium
1634 1869 1816 1911 dierum,
1838 1867 1971 1905 talem

331 1923 526 1963 admittit.
543 1928 585 1960 vt
602 1923 876 1960 inordinatus
892 1924 1029 1961 videri
1045 1924 1174 1970 possit,
1195 1923 1238 1960 id
1254 1925 1300 1960 in
1316 1922 1466 1966 altero,
1484 1922 1639 1960 eodem
1655 1926 1863 1968 tempore,
1880 1932 1972 1958 non

332 1976 487 2013 eodem
506 1976 639 2013 modo
660 1976 699 2013 se
720 1975 894 2020 habere,
916 1977 1046 2023 idque
1067 1982 1157 2014 tam
1178 1978 1223 2013 in
1244 1975 1534 2023 Longitudine
1556 1986 1690 2022 quam
1711 1973 1971 2016 Latitudine‚

332 2029 493 2065 etiamsi
516 2029 658 2066 ambae
682 2029 825 2066 latiori
847 2030 980 2067 modo
1004 2041 1026 2067 e
1051 2029 1198 2067 Globo
1221 2029 1520 2071 desumantur;
1551 2033 1595 2065 vt
1621 2027 1719 2066 satis
1747 2027 1972 2065 euidenter

331 2081 432 2118 hinc
457 2086 613 2127 pateat,
640 2082 1000 2129 irregularitatem
1025 2082 1140 2120 hanc
1165 2094 1255 2120 non
1276 2084 1321 2119 in
1343 2082 1433 2129 ipso
1457 2081 1586 2120 Coelo
1608 2082 1748 2118 motui
1772 2080 1970 2118 Cometae

332 2145 487 2171 reuera
503 2135 754 2181 competisse,
771 2134 841 2172 sed
857 2135 1132 2173 solummodo
1149 2138 1193 2173 in
1211 2147 1365 2173 eorum
1378 2135 1546 2178 Globis‚
1563 2135 1668 2172 dum
1685 2145 1777 2171 rem
1789 2132 1970 2171 Mecha-

332 2189 426 2224 nice
444 2199 534 2224 non
551 2187 648 2224 satis
664 2187 869 2225 subtiliter
885 2187 1127 2231 tractarent,
1149 2189 1270 2226 istam
1288 2188 1707 2226 disconuenientiam
1724 2186 1871 2224 furtim
1887 2185 1970 2223 sese

332 2239 566 2277 infinuasse.
590 2240 680 2277 Nifi
701 2242 819 2277 enim
840 2243 937 2287 quis
953 2241 1154 2279 Siderum
1172 2247 1317 2279 motus
1334 2253 1356 2278 e
1374 2243 1498 2278 certis
1515 2240 1553 2278 &
1568 2239 1868 2277 infallibilibus
1885 2238 1971 2276 Ob-

331 2292 648 2329 seruationibus
664 2292 868 2330 subtiliter
884 2296 955 2331 via
973 2294 1253 2332 Geometrica
1269 2294 1307 2332 8(
1323 2294 1610 2331 Arithmetica
1626 2293 1844 2335 scrutetur,
1862 2291 1973 2328 nihil

332 2345 494 2391 praecifi
518 2345 555 2382 8(
578 2348 756 2393 congrui
780 2347 1030 2393 assequetur.
1058 2347 1188 2393 Quod
1213 2350 1345 2385 etiam
1367 2349 1412 2384 in
1435 2346 1532 2394 ipfis
1554 2346 1755 2388 Planetis,
1782 2355 1971 2392 quorum

332 2398 478 2435 cursus
503 2398 603 2435 inde
629 2410 655 2435 a
680 2399 839 2436 Mundi
865 2402 1078 2447 principio
1103 2400 1435 2448 regularissimus
1459 2399 1551 2442 fuit,
1580 2410 1682 2436 eum
1706 2404 1854 2436 tamen
1880 2409 1971 2434 non

331 2453 477 2488 minus
494 2452 792 2488 inordinatum
809 2463 1031 2499 apparere,
1049 2453 1077 2490 Γ]
1093 2454 1279 2501 grossiori
1295 2453 1444 2491 saltem
1458 2452 1591 2489 modo
1604 2453 1648 2489 in
1662 2451 1809 2489 Globo
1820 2450 1970 2497 aliquo

331 2504 386 2541 ad
403 2503 531 2541 Fixas
552 2516 642 2541 non
663 2506 740 2541 rite
757 2505 1000 2543 verificatas
1020 2507 1242 2554 indagatio
1263 2508 1412 2544 ieiuna
1430 2505 1684 2549 instituatur,
1706 2505 1884 2542 euenire
1901 2504 1971 2541 de-

1659 2557 1970 2604 prehendetur;

2010 816 2040 841 10

2014 1082 2043 1107 15

2010 1348 2044 1372 20

2010 1614 2042 1639 25

1995 1767 2060 1799 339

2009 1879 2042 1904 30

2009 2145 2042 2170 35

2009 2409 2043 2434 40
