2209 3213
402 209 478 247 486
720 205 995 245 IOANNIS
1017 204 1246 243 CRAIGI
1268 204 1721 244 CAPNURANIAE

401 316 441 343 ut
453 321 529 343 non
547 313 587 342 s1t
600 312 756 347 mirum,
769 311 792 340 si
803 310 990 349 posterior
1002 309 1179 340 distantia
1193 309 1234 339 s1t
1245 309 1277 340 3¹
1291 309 1431 341 minor.
1451 309 1552 341 Nam
1565 309 1719 351 exjusto
1731 311 1885 342 calculo
1897 311 2039 342 eadem

401 357 559 388 omnino
586 355 775 386 evenisset.
808 354 908 384 Hinc
933 356 1068 384 tamen
1092 356 1133 384 tu
1159 354 1421 385 remotionem
1448 354 1498 385 ad
1523 354 1587 385 300
1612 354 1877 386 Semidiamet.
1908 355 2039 386 Terrae

400 400 549 431 astruis:
572 401 645 438 qva
663 399 748 429 via?
771 398 884 429 Nulla
901 400 1007 429 certe
1023 397 1366 429 demonstratione.
1391 397 1494 429 Nam
1510 399 1602 429 data
1618 398 1656 429 in
1673 399 1833 438 qvaefita
1850 402 1992 437 mutas,
2009 399 2040 430 8(

400 447 573 483 repertas
590 452 637 474 ex
654 443 838 482 distantijs
854 442 1111 482 longitudines
1128 442 1157 472 8(
1174 442 1412 479 latitudines;
1430 451 1533 474 nunc
1546 451 1593 473 ex
1606 443 1665 474 his
1676 443 1830 474 rursum
1841 443 2040 475 distantias

400 488 557 527 qvaeris:
576 488 711 527 procul
725 487 842 518 dubio
855 495 903 517 ex
915 486 1056 517 calculi
1072 495 1206 518 errore
1222 486 1310 518 haec
1326 489 1436 518 tanta
1452 487 1620 518 remotio
1637 487 1795 528 prodijt;
1812 488 1961 527 reliqva
1977 496 2040 519 ex-

399 535 532 563 cutere
548 532 678 568 taedet,
696 540 786 562 curn
806 531 854 562 ab
873 531 980 562 ornni
992 530 1139 571 judicio
1157 531 1185 562 8(
1203 533 1286 562 arte
1304 530 1528 562 alienissima
1545 531 1762 563 videantur.
1779 532 1905 563 Tuum
1922 531 1973 563 est
1989 532 2039 563 ab

399 577 442 616 ijs
458 577 559 607 nolle
576 575 712 615 decipi.

451 621 493 651 In
515 620 627 651 tertia
651 619 990 659 comprobatione,
1015 619 1204 651 distantiae
1225 620 1401 651 Cometae
1425 620 1474 651 ab
1498 620 1639 652 eadem
1663 620 1753 651 Fixa
1778 620 1981 651 sumuntur
2002 620 2040 651 in

398 665 550 695 duobus
571 664 728 695 diversis
749 664 857 701 locis,
880 664 909 694 8(
930 664 1020 703 qvia
1041 664 1079 695 in
1098 666 1278 704 tempore
1299 664 1496 701 differunt,
1518 673 1589 704 pro
1609 664 1800 704 temporis
1820 664 2039 697 differentia

398 709 585 740 distantiae
602 708 860 748 corriguntur,
883 717 929 740 ac
946 708 985 739 in
1000 708 1106 740 idern
1123 710 1371 740 momentum
1391 709 1643 746 reducuntur,
1665 709 1768 740 unde
1784 709 1937 740 eaedem
1954 717 2040 749 pro-

397 753 571 784 veniunt:
594 752 683 784 hine
701 761 747 784 ac
765 753 789 783 s1
806 753 896 784 loca
911 753 1149 793 longitudine
1165 761 1244 784 non
1260 753 1473 790 differrent,
1492 762 1585 785 cum
1599 756 1735 785 tamen
1745 753 1784 784 in
1795 752 2039 785 correctione

397 797 677 834 distantiarum,
698 797 961 828 differentiam
979 797 1179 837 agnoscas,
1202 806 1273 837 pro
1290 797 1495 829 intervallo
1512 798 1692 829 locorum
1709 797 1972 829 differentiam
1988 798 2040 829 la-

395 841 567 873 titudinis
590 841 718 879 mmis,
741 850 787 872 ac
809 841 1078 872 distantiarum
1100 842 1217 881 plana
1237 842 1336 879 unis,
1358 842 1559 882 pofitAqve
1581 842 1726 873 Lunari
1748 842 1979 879 remotione,
2001 842 2039 873 in

396 886 588 926 triangulo
605 886 717 923 ΑΒΕ,
735 885 896 925 inqviris
912 886 1108 926 Angulurn
1125 886 1237 918 ΕΑΒ.
1256 895 1333 926 qvo
1350 889 1518 926 reperto,
1537 895 1584 918 ac
1601 886 1701 918 datis
1718 887 1784 917 AB
1796 887 1825 918 8(
1837 887 1899 918 ΑΕ
1915 887 2040 918 lateri-

397 931 480 967 bus,
507 931 675 961 alterum
697 930 901 970 investigas
925 931 1109 970 angulum
1132 931 1241 967 ACB,
1269 939 1315 962 ac
1341 931 1430 962 inde
1453 931 1612 962 alterius
1637 931 1827 962 distantiae
1852 932 2038 971 angulum

405 987 557 1014 Corredtio
573 988 752 1021 prevdogra-
767 975 880 1011 DBE,
899 975 963 1014 qvi
979 983 1071 1006 curn
1088 975 1217 1007 minor
1233 975 1286 1012 fit,
1309 984 1429 1014 qvam
1446 975 1666 1007 observatio
1684 975 1870 1013 exhibuit,
1892 984 1972 1007 non
1986 975 2039 1007 in-

418 1024 571 1056 phematis
590 1024 684 1049 D.TB
701 1024 739 1050 ad
766 1019 826 1050 fra
842 1019 905 1050 sed
922 1019 1037 1059 supra
1054 1019 1221 1056 Lunam,
1242 1019 1280 1050 in
1299 1021 1345 1051 ea
1365 1020 1596 1055 remotione,
1619 1020 1825 1051 Cometam
1841 1019 1966 1059 ponis,
1988 1020 2039 1052 ad

439 1059 717 1092 psevdoplanetam.
766 1072 885 1103 qvam
906 1063 1128 1095 insensibilis
1150 1064 1192 1095 sit
1211 1064 1404 1095 intervalli
1420 1064 1487 1095 AB
1503 1065 1711 1104 qvantitas.
1735 1063 1967 1105 HuJusmodi
1986 1063 2040 1096 fa-

731 1112 752 1145 f
765 1108 861 1139 rinae
878 1108 963 1139 sunt
979 1116 1118 1140 omnes
1133 1110 1213 1140 tuae
1229 1109 1495 1148 probationes,
1512 1109 1551 1140 in
1568 1109 1708 1148 qvibus
1724 1108 1790 1139 vix
1804 1117 1883 1140 una
1899 1117 2040 1148 propo-

486 1109 728 1343 ῑῗ
767 1152 847 1184 [itio
864 1161 958 1184 vera
975 1152 1177 1192 reperitur.
1199 1152 1370 1184 Primum
1387 1153 1656 1184 distantiarum
1675 1153 1793 1193 plana
1808 1153 1910 1190 unis;
1934 1153 2040 1193 qvod

635 1199 663 1273 Cf
765 1205 1018 1236 neqvaqvam
1034 1196 1260 1228 faciendum
1277 1197 1340 1234 est,
1362 1206 1441 1228 non
1462 1198 1595 1234 modo,
1620 1197 1644 1228 s1
1665 1197 1861 1229 minorem
1880 1197 2041 1237 longitu-

538 1361 550 1417 l
574 1402 592 1431 a

765 1421 906 1456 terunt,
928 1418 1220 1460 Ph[ae]n0men0
1242 1419 1438 1451 sublunari
1459 1419 1653 1451 existente.
1682 1419 1786 1450 Nam
1808 1419 1852 1450 fit
1872 1419 2040 1459 triangu—

765 1464 846 1494 lum
859 1463 1039 1495 Isosceles
1051 1464 1156 1500 DEF,
1175 1463 1242 1495 ubi
1254 1464 1407 1495 eaedem
1419 1463 1609 1496 distantiae
1622 1464 1686 1495 DE
1698 1464 1727 1494 8(
1740 1463 1816 1501 DF,
1836 1463 1885 1495 ab
1898 1464 2038 1495 eadem

766 1507 858 1538 Fixa
874 1507 920 1546 D,
938 1507 976 1538 in
992 1508 1151 1539 diversis
1167 1508 1264 1539 locis
1281 1508 1538 1548 reperiuntur,
1558 1508 1824 1540 Phaenomeno
1842 1507 2040 1540 sublunari

481 1141 487 1179 ¹!

470 1185 482 1289 β
766 1241 864 1272 dinis
885 1241 1148 1272 differentiam
1170 1241 1359 1278 sumseris‚
1377 1240 1392 1284 fl
1409 1251 1529 1281 qvam
1550 1242 1587 1273 in
1609 1241 1728 1273 Libro
1749 1244 1817 1273 tuo
1839 1241 2037 1282 assignasti,

765 1285 829 1317 sed
855 1285 974 1316 etiam
1001 1286 1025 1316 si
1051 1286 1218 1317 nullam:
1246 1286 1311 1317 nifi
1338 1286 1404 1317 sub
1431 1286 1635 1317 communi
1662 1286 1880 1318 Meridiano
1907 1286 2039 1318 ambae

765 1330 922 1361 fuerint:
940 1330 965 1361 fi
981 1331 1084 1361 ultra
1101 1331 1250 1361 citrave
1267 1330 1522 1370 accipiantur,
1541 1331 1626 1362 sein
1638 1330 1767 1362 vicem
1780 1330 1993 1373 secabu[nt]
2010 1330 2040 1361 8(

765 1374 1008 1406 dehiscentes
1021 1375 1070 1406 slC
1083 1374 1195 1406 lineae
1207 1375 1309 1406 visus
1326 1375 1374 1406 ab
1391 1377 1469 1406 una
1486 1375 1577 1406 Fixa
1595 1375 1800 1415 aeqvaliter
1815 1375 1955 1406 distare
1973 1383 2039 1415 po-

417 1459 433 1538 ί,

440 1548 557 1575 “52
764 1551 958 1584 existente.
982 1552 1132 1584 Deinde
1153 1552 1373 1584 differentia
1394 1552 1607 1584 latitudinis
1627 1561 1707 1584 non
1723 1552 1775 1584 est
1791 1552 1969 1584 distantia
1987 1553 2039 1584 10-

396 1604 553 1627 corum:
575 1596 689 1627 tertio
711 1604 782 1627 nec
804 1597 966 1636 angulus
984 1597 1084 1627 ΕΑΒ
1100 1605 1192 1628 cum
1214 1596 1333 1637 priori
1354 1596 1531 1628 distantia
1551 1596 1646 1628 facit
1667 1597 1852 1637 angulum
1873 1595 2036 1634 rectum,

395 1643 437 1671 ut
451 1642 642 1680 tanqvam
659 1640 971 1680 supplementum
988 1641 1116 1673 detur:
1136 1643 1277 1681 qvarto
1293 1650 1366 1673 nec
1383 1642 1482 1672 alter
1497 1642 1660 1682 angulus
1677 1641 1729 1673 est
1745 1641 1915 1673 obtusus.
1935 1641 2038 1672 Nam

395 1687 558 1724 uterqve
578 1685 700 1724 potest
717 1685 789 1716 esse
805 1687 956 1717 acutus.
979 1685 1022 1716 In
1044 1685 1196 1717 summa
1214 1686 1263 1717 fic
1280 1685 1493 1723 dehiscunt,
1515 1686 1545 1717 8(
1566 1685 1831 1717 distrahuntur
1850 1686 1986 1723 latera,
2009 1686 2037 1716 8(

397 1729 525 1769 anguli
543 1729 598 1759 tui
618 1729 798 1769 trianguli
815 1730 927 1767 ΕΑΒ,
947 1732 988 1761 ut
1004 1730 1097 1760 nihil
1114 1730 1151 1760 in
1168 1738 1215 1761 eo
1231 1730 1314 1762 veri
1331 1732 1530 1762 occurrat:
1554 1731 1659 1770 qvod
1675 1730 1850 1770 pluribus
1868 1730 2038 1762 ostende-

396 1781 492 1810 rem,
506 1773 571 1804 nisi
583 1773 661 1813 ipse
673 1774 786 1814 hujus
798 1774 961 1805 rationis
972 1774 1181 1805 falsitatem
1188 1775 1271 1815 jam
1285 1775 1511 1806 admonitus
1523 1774 1791 1816 [a]gnosceres.
1810 1774 2037 1814 Optandum

396 1817 447 1849 est
462 1817 500 1849 in
515 1826 593 1849 non
610 1819 769 1858 vulgare
784 1818 1045 1850 Astronomiae
1062 1819 1333 1856 commodum,
1350 1819 1389 1850 in
1405 1818 1588 1861 reliqvi[s]
1604 1821 1642 1850 te
1658 1818 1762 1850 idem
1780 1819 1989 1859 agnoscere
2006 1819 2036 1850 8(

396 1861 518 1893 fateri.
537 1862 579 1893 In
595 1862 734 1902 qvibus
750 1861 927 1902 profedto
944 1871 1023 1894 non
1039 1863 1168 1895 minor
1184 1863 1418 1895 incertitudo
1430 1864 1460 1895 8(
1472 1864 1600 1903 major
1615 1863 1753 1894 inertia
1769 1863 1832 1894 est.
1852 1863 1955 1894 Nam
1971 1863 2035 1894 illa

394 1907 498 1937 nulla
520 1909 602 1938 arte
624 1907 763 1947 corrigi
784 1907 949 1947 possunt:
972 1907 1035 1938 hic
1058 1907 1187 1947 aliqva
1205 1908 1425 1948 argumenti
1442 1908 1587 1948 species
1603 1908 1666 1945 est,
1688 1908 1717 1938 8(
1738 1907 1777 1938 in
1792 1909 1944 1939 certam
1960 1907 2036 1939 for-

394 1959 502 1982 mam
525 1951 660 1982 reduci
682 1951 818 1991 potest:
842 1951 1015 1991 primum
1039 1952 1216 1983 distantia
1237 1952 1304 1983 AB
1325 1953 1505 1984 locorum
1527 1960 1620 1983 vere
1642 1951 1943 1983 determinanda
1965 1952 2032 1984 est:

395 1995 534 2026 deinde
546 1995 708 2027 altitudo
719 1996 748 2027 8(
758 1996 969 2027 Azimutha
981 1996 1157 2028 Cometae
1170 1997 1454 2036 cognoscenda,
1468 1997 1493 2028 fi
1506 2005 1553 2028 ex
1568 1996 1754 2037 distantijs
1764 2006 1787 2028 a
1796 1996 1922 2028 Stellis
1934 1996 2034 2028 Fixis

396 2039 550 2075 arridet,
575 2040 762 2079 prolixior
784 2040 835 2072 est
856 2041 885 2071 8(
905 2040 1102 2078 incertior,
1128 2041 1191 2072 sed
1213 2044 1297 2072 tum
1318 2050 1341 2072 a
1362 2041 1515 2073 duabus
1539 2041 1637 2072 Fixis
1660 2040 1850 2072 distantiae
1873 2041 1958 2072 sunt
1980 2041 2035 2072 su-

395 2083 563 2120 mendae,
580 2086 621 2114 ut
636 2085 746 2115 locus
763 2084 937 2116 Cometae
953 2085 1105 2125 figatur.
1128 2085 1203 2116 Sed
1219 2085 1372 2117 facilius
1389 2086 1418 2116 8(
1435 2085 1578 2117 certius
1593 2085 1674 2125 ipsa
1690 2085 1957 2117 Instrumentis
1973 2093 2035 2116 ac-

395 2127 603 2166 cipiuntur:
621 2131 662 2158 ut
674 2137 768 2160 vero
785 2129 1004 2167 observata,
1023 2138 1111 2169 qvae
1128 2129 1355 2161 distantibus
1371 2129 1467 2161 locis
1482 2130 1591 2167 fiunt,
1609 2129 1648 2160 in
1663 2130 1768 2161 idem
1785 2131 2033 2161 momentum

395 2170 524 2202 verius
539 2172 673 2203 reduci
693 2172 840 2212 possint,
863 2174 1180 2205 conveniendum
1199 2174 1262 2211 est,
1284 2177 1325 2205 ut
1346 2175 1518 2214 qvolibet
1535 2173 1679 2206 semisse
1695 2174 1819 2211 horae,
1841 2174 1902 2205 vel
1924 2173 2033 2205 fimili

395 2215 599 2247 intervallo
619 2216 657 2246 in
677 2225 755 2248 non
771 2217 932 2248 variatis
947 2218 1166 2250 Azimuthis
1187 2219 1409 2250 altitudines
1425 2219 1643 2259 capiantur.
1666 2218 1704 2249 Si
1719 2217 1956 2250 exatstissima
1971 2226 2034 2250 ve-

395 2259 469 2291 stra
481 2260 737 2291 Instrumenta
751 2262 850 2293 tales
867 2262 1050 2294 dedissent
1062 2263 1366 2300 observationes,
1385 2263 1435 2294 ad
1447 2263 1622 2294 veritatis
1635 2262 1901 2294 inventionem
1916 2262 2033 2294 strata

394 2303 458 2335 via
483 2304 619 2336 fuisset:
651 2313 729 2336 non
754 2314 832 2337 uno
857 2306 990 2337 modo.
1023 2307 1125 2338 Nam
1150 2316 1198 2338 ex
1222 2307 1279 2347 ijs,
1306 2308 1336 2338 8(
1360 2317 1383 2338 a
1409 2307 1611 2347 superficie
1636 2307 1813 2347 Sphaerae
1838 2306 2033 2347 progredi-

395 2348 508 2385 endo,
529 2349 740 2388 parallaxis
756 2350 786 2381 8(
801 2350 962 2390 reliqva,
984 2353 1021 2382 et
1038 2360 1061 2382 a
1078 2351 1279 2391 superficie
1294 2352 1437 2390 Terrae,
1458 2351 1699 2384 remotiones
1715 2351 1744 2382 8(
1761 2353 1907 2383 eaetera
1926 2351 2033 2383 inno-

393 2392 558 2424 tuissent:
586 2393 628 2424 In
651 2393 726 2424 hac
749 2394 900 2426 ratione
924 2394 1122 2427 sciendum
1146 2396 1209 2434 est,
1233 2396 1300 2427 AB
1324 2396 1542 2428 subtensam
1565 2395 1754 2428 distantiae
1777 2396 1959 2428 locorum
1980 2395 2032 2427 in-

394 2436 581 2468 clinatam
603 2437 675 2469 esse
698 2438 735 2468 in
758 2439 875 2478 plana
895 2439 1091 2479 utriusqve
1112 2440 1322 2477 Azimuthi,
1346 2441 1384 2472 in
1408 2441 1566 2472 diversis
1588 2440 1696 2477 locis,
1720 2440 1786 2472 ubi
1809 2439 2032 2471 altitudines

395 2481 611 2512 sumuntur:
638 2482 739 2513 Nam
756 2483 967 2514 Azimutha
984 2484 1020 2514 se
1037 2484 1178 2518 secant.
1197 2485 1226 2515 8(
1242 2485 1496 2525 reperiendus
1512 2485 1563 2517 est
1579 2485 1742 2525 angulus
1758 2484 1950 2516 Prismatis
1967 2484 2031 2515 sev

1735 2530 2031 2569 inclinationis

2081 713 2111 739 10

2079 934 2110 960 15

2076 1156 2110 1182 20

2076 1378 2110 1403 25

2076 1599 2109 1626 30

2073 1822 2107 1847 35

2071 2043 2105 2070 40

2070 2266 2103 2291 45

2068 2488 2102 2514 50
