2209 3213
92 591 185 624 Β114ν

130 809 160 835 10

127 1076 157 1101 15

123 1341 157 1367 20

124 1607 157 1632 25

125 1874 158 1899 30

124 2139 158 2164 35

125 2404 158 2429 40

667 211 751 249 DE
773 210 1046 250 COMETA
1066 210 1234 249 ANNI
1255 211 1362 250 1585
1770 210 1841 248 401

194 319 423 362 nuebatur,
448 321 507 356 ita
529 323 573 356 vt
596 318 664 356 die
688 318 729 355 12
754 317 1021 355 Nouembris
1044 316 1172 354 fuerit
1196 317 1251 355 G.
1272 317 1323 354 44
1346 317 1495 364 Scrup.
1515 317 1568 355 17.
1594 316 1657 354 Ex
1681 316 1840 363 quibus

195 373 421 420 colligitur,
445 372 677 410 Cometam
695 371 813 409 hunc
830 370 1077 417 descripfisse
1093 370 1169 408 suo
1189 376 1313 408 motu
1333 372 1581 417 portionem
1602 370 1763 413 circuli,
1785 370 1841 408 ad

196 426 485 473 AEquatorem
497 424 676 472 quidem
687 423 973 461 inclinantem
989 435 1065 470 per
1081 424 1312 461 dimidium
1328 423 1416 461 fere
1433 423 1646 471 angulum
1662 422 1840 467 redlum,

196 479 251 517 ad
264 478 543 525 Ecclipticam
554 489 658 515 vero
674 488 751 524 per
767 476 916 523 anguli
933 475 1034 514 16611
1050 482 1220 523 partem
1236 476 1355 523 quafi
1372 482 1587 523 quartam,
1606 476 1724 523 quod
1741 488 1840 514 con-

196 532 454 570 sideratione
470 531 650 578 dignum
666 530 824 567 iudico.

249 583 526 623 Pertranfiuit
541 588 690 622 autem
706 582 776 620 hic
793 582 992 620 Cometae
1009 581 1162 620 ductus
1178 582 1467 629 AEquatorem
1483 579 1498 632 ΙΙ
1515 584 1628 620 61163
1643 582 1778 620 finem
1800 583 1841 620 15

198 638 375 677 Gradus
391 637 446 675 ab
462 635 760 675 intersectione
776 647 924 679 verna,
943 635 1222 682 Ecclipticam
1237 647 1342 673 vero
1359 638 1404 673 in
1421 636 1470 674 27
1489 635 1542 674 G.
1560 635 1611 673 38
1628 636 1690 673 M.
1703 642 1763 679 V,
1780 636 1840 673 id-

197 703 282 739 que
299 691 353 728 D.
370 690 421 728 22
438 688 638 728 Octobris
654 689 791 727 Horis
808 687 960 735 elapsis
977 699 1003 725 a
1020 688 1207 725 Meridie
1224 689 1265 725 14
1283 689 1470 726 Minutis
1486 689 1548 726 40.

251 744 482 791 Colligitur
496 742 670 790 insuper
687 753 740 780 ex
755 741 1112 780 antecedentibus
1126 741 1527 785 obseruationibus,
1545 742 1779 780 Cometam
1795 744 1840 779 in

198 809 251 836 eo
272 808 377 835 arcu
397 796 546 834 circuli
565 797 761 838 maximi,
784 805 917 842 quem
936 799 1062 831 motu
1077 794 1153 832 suo
1173 797 1350 841 proprio
1370 794 1619 842 defignauit,
1641 795 1695 833 ab
1716 796 1840 832 initio

197 850 393 893 celerius,
415 851 461 887 in
480 849 568 887 fine
584 860 689 887 vero
709 848 875 886 tardius
895 848 1135 894 processisse,
1155 848 1287 894 idque
1306 859 1359 885 ea
1377 849 1558 891 ratione,
1579 853 1623 885 vt
1643 848 1733 895 post
1752 859 1839 885 me-

197 904 316 942 diam
338 902 511 941 no6tem
533 902 615 950 diej
642 902 683 940 18
707 900 906 939 Otftobris
930 900 1132 938 habuerit
1154 903 1199 938 in
1222 900 1306 938 1106
1329 912 1434 938 31611
1456 903 1646 948 proprio,
1669 906 1840 939 motum

198 957 406 995 diurnum
422 956 446 993 2
459 955 694 994 Graduum
708 955 748 993 17
766 954 829 992 M.
847 954 932 991 Die
948 953 1000 991 20
1015 953 1249 992 Graduum
1265 954 1290 991 2
1306 954 1369 992 Μ,
1383 955 1418 992 5.
1436 954 1520 992 Die
1537 954 1588 991 22
1605 954 1660 992 G.
1674 955 1687 991 l
1700 954 1763 992 M.
1775 955 1838 993 55.

197 1011 344 1057 Atque
364 1011 424 1047 ita
444 1009 668 1046 suceessiue
683 1007 909 1045 inhibebat
924 1007 1098 1044 cursum
1113 1006 1251 1051 suum,
1273 1007 1411 1045 donec
1432 1009 1467 1045 is
1488 1009 1599 1044 inter
1614 1007 1638 1044 4
1655 1007 1693 1044 &
1708 1008 1732 1045 5
1749 1008 1838 1045 No-

195 1063 338 1102 uemb.
360 1063 423 1101 54.
447 1064 558 1100 inter
580 1062 604 1100 5
626 1061 664 1099 &
683 1061 708 1099 6
731 1060 999 1098 Nouembris
1022 1060 1074 1098 50
1094 1060 1411 1107 Scrupulorum
1433 1060 1574 1098 fuerit.
1597 1060 1726 1098 Circa
1746 1060 1839 1098 vlti-

194 1127 318 1154 mum
328 1127 434 1153 vero
449 1120 634 1162 tempus,
652 1126 740 1162 quo
752 1125 779 1151 a
790 1113 917 1151 nobis
929 1113 1183 1151 obseruatus
1196 1113 1262 1157 est,
1279 1113 1478 1151 videlicet
1491 1113 1575 1151 Die
1587 1114 1629 1151 12
1641 1114 1837 1151 Nouem-

193 1170 293 1213 bris,
316 1174 487 1207 motum
507 1168 716 1206 diurnum
736 1167 886 1205 saltem
905 1167 956 1204 34
978 1166 1089 1204 Min.
1111 1166 1309 1204 obtinuit.
1334 1167 1528 1214 Apparet
1551 1168 1698 1213 itaque
1721 1166 1839 1205 hunc

195 1223 428 1261 Cometam
443 1233 535 1259 non
550 1220 855 1268 irregulariter,
874 1219 945 1258 sed
960 1224 1084 1257 motu
1101 1220 1326 1257 ordinario
1344 1219 1381 1257 &
1397 1219 1726 1267 proportionali,
1744 1232 1838 1257 cur-

194 1276 288 1314 sum
302 1275 429 1313 suum
444 1275 710 1322 pedetentim
726 1273 964 1311 retardasse.

247 1329 316 1367 De
344 1327 646 1366 Parallaxibus
673 1327 807 1364 huius
830 1326 1025 1369 Crinitae,
1050 1337 1072 1363 e
1096 1326 1255 1373 quibus
1282 1325 1412 1373 ipfius
1434 1338 1461 1363 a
1483 1325 1619 1363 Terra
1643 1325 1840 1364 distantia

194 1382 421 1430 colligitur,
432 1383 537 1428 quia
546 1393 614 1418 res
625 1380 733 1424 haec,
744 1391 845 1418 cum
855 1391 947 1417 non
955 1379 1163 1417 breuibus
1173 1379 1434 1423 absoluatur,
1447 1379 1575 1426 plene
1587 1379 1658 1416 hic
1668 1378 1840 1417 tractari

193 1437 357 1482 nequit,
379 1435 422 1472 id
442 1434 592 1472 saltem
613 1433 697 1471 hoc
716 1433 815 1471 loco
835 1433 1051 1476 indicabo,
1073 1443 1148 1470 eas
1164 1432 1406 1470 admodum
1421 1432 1536 1469 fuisse
1554 1434 1732 1480 exiguas
1748 1434 1838 1469 vix-

194 1500 279 1536 que
304 1487 617 1535 perceptibiles,
638 1491 681 1524 vt
702 1487 985 1524 necessarium
1005 1485 1145 1530 fuerit,
1173 1486 1406 1524 Cometam
1432 1485 1549 1523 hunc
1574 1488 1619 1523 in
1644 1485 1839 1523 altissimo

194 1541 369 1585 aethere,
386 1541 517 1588 idque
533 1552 625 1578 non
641 1540 830 1578 multum
842 1551 869 1577 a
880 1539 1065 1586 Sphaera
1076 1538 1217 1577 Solari
1234 1544 1402 1576 remoto
1417 1538 1652 1576 interuallo
1667 1538 1839 1576 cursum

194 1595 321 1633 suum
332 1594 565 1638 absoluisse‚
582 1593 748 1632 nedum
759 1598 802 1631 vt
814 1595 860 1630 in
871 1593 1073 1640 suprema
1084 1594 1197 1630 aeris
1211 1594 1388 1640 regione
1400 1592 1528 1639 longe
1540 1591 1654 1629 infra
1665 1592 1839 1629 Lunam

195 1650 441 1696 agitaretur,
464 1647 583 1685 velut
604 1646 920 1694 Peripathetici‚
943 1648 989 1683 in
1013 1646 1218 1684 omnibus
1237 1645 1431 1684 Cometis
1456 1644 1576 1683 haud
1599 1644 1722 1683 aliter
1744 1644 1839 1682 fieri

194 1702 318 1750 posse‚
335 1699 547 1739 hactenus
564 1700 690 1738 nobis
706 1699 965 1747 persuadere
982 1701 1127 1737 conati
1143 1698 1250 1737 sunt.
1268 1695 1282 1749 ΙΙ

168 1768 179 1781 r
248 1754 677 1792 Demonstrationem
695 1765 800 1791 vero
823 1752 956 1790 huius
977 1754 1039 1790 rei
1059 1751 1356 1796 sufficientem,
1379 1751 1417 1789 &
1437 1751 1547 1789 nulli
1567 1751 1839 1799 ambiguitati

196 1807 447 1850 obnoxiam,
465 1807 770 1850 obtinebimus,
788 1806 968 1853 quando
985 1817 1038 1844 ea
1054 1817 1154 1853 quae
1171 1805 1320 1843 Herus
1336 1816 1461 1843 meus
1478 1805 1530 1842 de
1547 1809 1637 1842 toto
1653 1804 1737 1842 hoc
1754 1804 1838 1842 Co—

195 1866 413 1899 metarum
428 1862 610 1908 negocio
627 1860 871 1898 luculenter
887 1858 1140 1906 conscripfit‚
1161 1861 1207 1896 in
1228 1858 1455 1896 Publicum
1476 1858 1728 1905 prodierint.
1750 1857 1840 1895 Illic

195 1916 314 1952 enim
330 1925 353 1952 e
370 1913 709 1961 quamplurimis
725 1913 763 1950 &
778 1915 961 1950 minime
978 1912 1207 1950 fallacibus
1224 1910 1626 1954 Obseruationibus,
1650 1910 1840 1949 Geome-

194 1970 300 2005 trica
317 1967 572 2005 certitudine
589 1968 888 2008 conuincetur,
910 1977 1002 2004 non
1018 1965 1168 2004 saltem
1184 1965 1303 2003 hunc
1320 1965 1566 2008 Cometam,
1588 1964 1658 2002 sed
1674 1975 1750 2001 eos
1766 1966 1839 2001 eti-

195 2032 280 2064 am,
311 2022 386 2068 qui
410 2022 639 2067 praeteritis
664 2022 792 2058 annis
818 2018 1031 2066 conspeffl
1056 2019 1163 2062 sunt,
1194 2029 1480 2066 nequaquam
1505 2019 1550 2055 in
1576 2017 1841 2055 Elementari

196 2074 400 2122 Regione,
425 2073 495 2111 sed
518 2076 563 2111 in
585 2073 676 2121 ipso
700 2072 830 2111 Coelo
853 2072 981 2120 longe
1004 2072 1134 2119 supra
1156 2072 1378 2110 Lunarem
1402 2070 1633 2118 Sphaeram
1656 2071 1839 2108 extitisse.

196 2127 243 2165 Id
263 2138 368 2164 vero
390 2127 444 2165 ab
465 2127 645 2165 aetherei
666 2126 827 2164 Mundi
844 2126 1017 2164 Natura
1037 2137 1129 2163 non
1150 2126 1262 2163 adeo
1283 2125 1479 2163 alienum
1500 2125 1588 2167 esse‚
1610 2123 1728 2161 velut
1744 2124 1840 2160 Ari-

194 2180 369 2218 stotelici
391 2182 640 2227 opinantur,
662 2180 798 2217 Noua
814 2179 959 2222 Stella,
982 2191 1082 2226 quae
1099 2180 1234 2216 Anno
1250 2178 1302 2216 72
1324 2180 1437 2216 circa
1454 2177 1839 2215 Constellationem

196 2234 446 2280 Cassiopeae,
463 2235 509 2271 in
524 2233 615 2280 ipsa
631 2232 802 2271 Odiana
816 2232 1012 2279 sphaera,
1029 2232 1158 2279 supra
1174 2234 1376 2269 omnium
1392 2231 1674 2269 Planetarum
1687 2230 1838 2272 Orbes,

194 2287 425 2324 necessario
447 2286 639 2330 constitit,
662 2286 971 2324 euidentissime
991 2285 1306 2333 comprobauit.
1329 2284 1412 2322 Sed
1429 2295 1520 2321 non
1537 2283 1591 2321 est
1608 2283 1740 2320 huius
1756 2282 1839 2320 loci

195 2340 247 2378 de
270 2339 339 2377 his
361 2339 575 2387 copiosius
598 2338 794 2383 tractare,
818 2339 1041 2386 siquidem,
1063 2343 1107 2376 vt
1126 2340 1247 2385 prius
1268 2338 1369 2381 dixi,
1393 2337 1521 2384 longe
1545 2338 1724 2374 maioris
1744 2335 1839 2373 sunt

194 2395 420 2437 momenti,
445 2393 482 2430 &
504 2392 749 2440 pleniorem
770 2394 999 2439 requirunt
1019 2391 1445 2434 demonstrationem,
1470 2401 1605 2437 quam
1625 2400 1725 2436 quae
1747 2389 1838 2426 bre-

196 2448 318 2489 uiter,
336 2446 512 2493 leuique
529 2448 725 2494 negocio,
741 2445 1004 2483 absoluatur.
1022 2444 1172 2491 Quare
1189 2447 1234 2482 in
1251 2444 1369 2482 hunc
1382 2444 1564 2482 modum
1580 2441 1839 2479 sufficienter

196 2498 395 2546 expositis
411 2501 476 2547 iJs,
493 2511 593 2546 quae
610 2499 665 2537 ad
682 2498 814 2536 huius
828 2498 1026 2536 Cometae
1038 2503 1208 2535 motum
1219 2503 1310 2535 toto
1323 2508 1375 2534 eo
1387 2502 1594 2543 tempore,
1613 2506 1700 2541 quo
1713 2494 1837 2531 nobis

302 2560 332 2585 ⁵1
1485 2548 1835 2594 conspiciebatur,
