2209 3213
377 214 444 251 102
869 209 952 246 DE
974 206 1199 246 MUNDI
1220 205 1520 243 AETHEREI

377 319 420 356 fit
438 321 481 355 in
500 318 527 359 Ι,
550 317 689 353 Locus
707 313 1018 352 Interfectionis
1034 312 1253 360 Vtriusque
1274 312 1319 349 fit
1337 313 1383 349 in
1399 311 1453 356 D,
1475 311 1617 349 Locus
1632 322 1736 348 vero
1754 311 1854 349 Oris
1869 310 2014 358 Pegafi

377 372 421 408 fit
438 372 483 407 B.
502 370 778 415 Quapropter
793 370 985 414 primum
1000 369 1045 404 in
1057 365 1296 413 Triangulo
1313 365 1398 402 DA
1407 364 1453 408 E,
1471 366 1575 411 quia
1591 363 1751 402 constat
1767 364 1900 402 Latus
1916 363 2012 408 DE,

377 424 571 461 distantia
596 421 793 458 videlieet
818 420 1121 467 Longitudinis
1147 419 1247 457 Oris
1272 417 1416 465 Pegafi
1440 429 1467 455 a
1492 417 1589 455 loco
1615 415 1929 455 Intersee'tionis
1957 416 2013 461 D,

376 477 568 522 superius
584 476 777 516 inuento,
796 473 837 510 P.
851 474 912 511 65.
926 473 989 510 M.
1002 473 1053 517 13,
1071 471 1273 519 Angulus
1288 482 1393 508 vero
1405 470 1537 508 ADE
1554 470 1865 514 Inclinationis,
1883 472 2014 508 etiam

375 529 569 575 superius
585 528 784 570 innotuit,
802 527 844 563 P.
862 526 923 563 29.
942 526 1005 563 M.
1023 526 1076 569 15,
1094 525 1131 562 &
1148 527 1183 562 is
1199 526 1275 571 qui
1291 524 1346 562 ad
1363 524 1409 567 E,
1428 522 1475 561 fit
1491 522 1656 567 Rectus,
1678 523 1850 561 dabitur
1865 523 2013 570 Angu-
2052 536 2068 561 5

376 582 442 618 lus
464 580 601 622 DAE,
624 580 665 616 Ρ.
682 579 744 617 78.
762 579 825 617 Μ.
843 580 887 623 11,
910 579 948 616 &
969 579 1102 616 Latus
1117 578 1212 620 ΑΕ,
1233 578 1276 615 P.
1293 577 1356 615 26.
1373 576 1437 614 M.
1454 577 1517 621 57,
1539 576 1672 614 Latus
1691 587 1796 614 vero
1816 576 1906 613 AD
1927 587 2015 613 vna

376 633 619 676 innotescet,
642 632 683 669 P.
702 632 763 670 68.
782 632 844 670 M.
861 632 897 670 3.
920 632 1091 670 Deinde
1112 633 1158 669 in
1179 627 1193 681 ΙΙ
1214 630 1351 669 altero
1366 629 1606 678 Triangulo
1622 628 1762 673 ABC,
1784 629 1917 667 Latus
1932 628 2014 666 AB
2043 635 2103 667 116

384 1796 554 1840 constat,
571 1796 600 1834 fi
615 1795 868 1834 subduxeris
884 1793 959 1831 ΕΒ
975 1793 1270 1831 Latitudinem
1287 1792 1387 1832 Oris
1402 1792 1547 1841 Pegafi
1562 1794 1616 1832 ab
1633 1793 1851 1842 Ecliptica,
1868 1794 1922 1832 ab
1939 1793 2021 1831 EA

382 1850 513 1887 modo
537 1852 730 1892 inuento,
755 1848 897 1894 estque
920 1846 962 1884 P.
980 1846 1015 1884 4.
1038 1846 1101 1884 M.
1122 1846 1185 1891 50,
1209 1846 1412 1894 Angulus
1433 1858 1539 1884 vero
1562 1847 1680 1886 BAC
1703 1849 1793 1886 iam
1814 1848 2020 1890 innotuit;

383 1903 437 1940 est
453 1904 571 1940 enim.
586 1903 702 1940 idem
719 1913 819 1939 cum
834 1899 1011 1947 Angulo
1028 1900 1159 1937 EAD
1175 1901 1296 1947 prius
1311 1901 1506 1943 inuento,
1529 1899 1571 1938 P.
1588 1900 1650 1938 78.
1668 1900 1731 1938 M.
1749 1901 1793 1938 11.
1816 1900 2020 1947 Cumque
2061 1912 2092 1938 10

382 1955 583 2003 Angulus
600 1955 654 1993 ad
672 1955 708 1993 C
724 1954 770 1992 fit
787 1952 952 1997 Redtus‚
970 1952 1141 1991 dabitur
1157 1953 1290 1991 Latus
1307 1952 1399 1997 BC,
1416 1953 1459 1990 P.
1474 1953 1510 1991 4.
1528 1953 1591 1991 M.
1608 1954 1672 1997 44,
1688 1953 1887 1991 videlicet
1903 1952 2022 1991 diffe-

383 2010 521 2046 rentia
537 2008 609 2046 seu
626 2007 828 2045 Latitudo
845 2006 988 2044 Stellae
1005 2008 1051 2043 in
1068 2006 1156 2044 Ore
1172 2005 1329 2053 Pegafi‚
1346 2004 1538 2053 respeetu
1553 2008 1637 2044 viae
1650 2006 1860 2050 Cometae,
1877 2005 2023 2044 versus

383 2061 538 2099 Polum
554 2061 683 2108 ipsius
698 2059 955 2102 Australem,
972 2059 1106 2097 Latus
1121 2058 1295 2106 insuper
1310 2058 1392 2097 AC
1408 2061 1624 2106 prouenit,
1640 2060 1683 2098 P.
1695 2060 1732 2098 Ο.
1750 2060 1813 2097 M.
1825 2060 1888 2104 59,
1905 2070 2022 2097 cum-

383 2125 467 2161 que
484 2114 574 2151 AD
595 2116 714 2160 prius
735 2116 965 2150 inuentum
986 2112 1031 2150 fit
1051 2112 1094 2149 Ρ.
1111 2112 1173 2150 68.
1192 2112 1254 2150 M.
1271 2112 1308 2157 3,
1329 2111 1496 2150 sublato
1516 2112 1600 2150 hoc
1616 2113 1698 2151 AC
1714 2112 1768 2151 ab
1784 2112 1874 2150 AD
1895 2112 2023 2150 relin-

383 2169 529 2214 quitur
554 2166 653 2210 CD,
679 2166 875 2204 distantia
898 2165 983 2203 loci
1008 2165 1309 2213 Longitudinis
1335 2164 1436 2203 Oris
1460 2165 1616 2214 Pegafi,
1647 2166 1701 2204 ab
1726 2164 2023 2204 intersedtione
2064 2177 2094 2202 15

384 2220 548 2258 Circuli
565 2219 762 2258 Cometae
781 2231 881 2256 cum
897 2218 1115 2265 Ecliptica,
1136 2218 1374 2256 secundum
1395 2218 1745 2266 Longitudinem,
1766 2219 1808 2256 P.
1826 2219 1888 2257 67.
1906 2218 1969 2256 M.
1986 2218 2022 2255 4.

385 2273 532 2319 Quam
549 2272 885 2319 Longitudinem
898 2271 997 2309 Oris
1010 2271 1154 2319 Pegafi
1169 2270 1361 2319 respectu
1375 2273 1460 2309 viae
1477 2271 1675 2310 Cometae
1691 2271 2023 2319 appellabimus,

384 2325 631 2363 Latitudine
653 2325 782 2372 ipsius
803 2325 958 2362 eodem
979 2322 1171 2372 respectu
1190 2327 1311 2371 prius
1331 2326 1525 2369 inuenta,
1546 2325 1589 2363 P.
1606 2325 1642 2363 4.
1659 2325 1723 2363 M.
1740 2325 1790 2362 44
1806 2324 2023 2368 Austrina,

385 2390 484 2425 quae
501 2378 589 2416 duo
605 2380 651 2415 in
667 2378 785 2416 hunc
800 2378 983 2416 modum
1000 2378 1249 2425 indaganda
1263 2377 1581 2425 proposuimus.
1599 2374 1614 2428 ΙΙ

1913 2535 2024 2573 PRO
