2209 3213
390 231 458 269 516
787 226 1304 267 ANNOTATIONES
1325 227 1629 267 EDITORIS

390 344 464 374 que
477 335 691 366 eruditione
705 333 954 365 ornatissimo
967 333 1051 364 viro
1065 333 1109 364 D.
1122 333 1284 364 Doctori
1290 332 1310 371 J
1315 332 1460 365 ohanni
1471 332 1608 373 Craigo
1620 333 1838 375 Edenburgi
1849 334 1887 366 in
1898 335 2029 367 Scotia

390 388 628 419 Medicinam
650 386 805 417 facienti
826 386 855 416 8ι
878 386 1162 418 Mathematico
1186 386 1422 426 peritissimo
1443 386 1548 418 dono
1570 386 1675 417 misit
1693 387 1829 427 Tycho
1850 387 1977 420 Brahe
2000 390 2030 420 &

390 442 475 471 haec
493 440 645 479 scripsit
662 448 782 470 manu
796 448 867 470 sua
879 438 1113 480 Vraniburgi
1125 447 1229 471 anno
1245 439 1328 470 1588
1340 439 1535 471 Nouemb.
1548 439 1587 470 2«
1599 441 1618 470 ¹.
1638 439 1725 471 Hoc
1742 441 1890 472 donum
1908 444 2030 474 certa-

389 493 482 524 mini
494 493 591 524 inter
602 492 830 532 Tychonem
844 494 881 523 et
892 492 1073 532 Craigum
1089 493 1137 524 de
1150 494 1292 523 natura
1309 494 1557 524 cometarum
1575 493 1828 524 occasionem
1844 495 2027 534 praebuit;

389 547 493 586 quod
510 546 580 577 nisi
596 545 815 582 exstitisset,
835 545 959 585 Craigi
973 554 1120 577 nomen
1136 545 1303 585 posteris
1318 545 1384 576 vix
1399 554 1592 585 umquam
1608 546 1797 578 traditum
1813 550 1925 579 esset.

441 600 497 630 De
521 599 600 630 vita
624 599 736 639 hujus
759 598 832 629 viri
854 599 959 630 docti
982 599 1075 630 nihil
1098 599 1181 631 fere
1203 602 1369 631 constat.
1394 600 1449 630 Ex
1472 599 1637 639 epistula
1659 608 1693 630 a.
1719 599 1802 631 1594
1823 600 1872 632 ab
1893 601 2029 642 insigni

386 652 546 684 homine
562 653 658 693 juris
679 652 803 691 perito
819 652 971 684 Thoma
991 653 1129 693 Craigo
1151 652 1201 684 ad
1216 652 1446 692 Tychonem
1468 653 1573 689 data,
1594 652 1633 683 in
1654 661 1730 692 qua
1747 653 1909 691 Joannis
1929 654 2029 687 illius

387 705 643 736 acerbitatem
665 709 839 743 excusat,
862 706 1136 737 adversarium
1154 705 1352 745 Tychonis
1373 705 1487 746 hujus
1508 705 1673 737 fratrem
1694 706 1889 738 minorem
1910 707 2028 740 fuisse

385 759 542 790 scimus.
565 758 745 789 Testatur
765 762 958 798 praeterea
978 759 1061 799 ipse
1077 759 1262 797 Joannes,
1287 767 1391 790 anno
1415 758 1509 796 1572,
1534 767 1625 790 cum
1649 767 1755 790 nova
1777 760 1889 791 stella
1912 770 2029 801 appa-

386 814 498 848 reret,
508 811 787 852 Witembergae
799 821 885 844 sese
898 812 1119 844 auditorem
1131 812 1250 844 fuisse
1262 812 1444 852 Casparis
1456 812 1613 843 Peueeri
1624 812 1714 850 (vid.
1725 821 1844 852 supra
1856 822 1892 853 p.
1902 813 1978 851 480,
1988 814 2026 856 1);

386 865 490 903 quod
511 865 669 896 tertium
689 866 854 897 Thomae
875 865 999 897 filium
1020 874 1111 897 eum
1132 874 1229 903 esse,
1250 868 1291 897 ut
1312 866 1428 905 vulgo
1450 865 1644 896 creditum
1665 868 1734 903 est,
1756 874 1836 898 non
1855 867 2028 906 potuisse

384 918 477 949 satis
498 918 694 949 ostendit2.
718 918 894 959 Denique
915 927 963 950 ex
984 919 1149 959 epistula
1162 919 1325 957 Joannis
1341 918 1480 950 Caselii
1499 918 1591 949 »Dn.
1606 918 1748 956 Joanni
1765 919 1903 960 Cragio
1919 920 2028 961 Regis

384 972 591 1003 Britanniae
618 972 851 1010 archiatro«,
879 981 967 1012 quae
993 972 1158 1013 praefixa
1184 974 1242 1004 est
1267 972 1449 1004 Duncani
1474 971 1649 1010 Liddelii,
1675 973 1877 1012 popularis
1900 974 2026 1015 hujus,

383 1025 494 1059 libro.
513 1026 576 1065 qui
593 1026 815 1057 inscribitur
832 1025 935 1057 »Ars
951 1026 1111 1057 medica
1128 1025 1339 1057 succincte
1357 1025 1392 1057 ἃ
1404 1024 1627 1065 perspicue
1644 1026 1871 1065 explicata«
1892 1027 2028 1069 (Ham-

383 1079 492 1119 burgi
512 1079 619 1119 1608),
636 1079 675 1110 in
687 1079 903 1111 Academia
921 1079 1257 1111 Francofurdiana
1275 1079 1325 1110 ad
1337 1079 1528 1110 Viadrum
1546 1079 1831 1112 mathematica
1847 1083 1884 1112 et
1900 1081 2026 1122 logica

383 1132 563 1172 Craigum
581 1133 763 1164 docuisse
780 1133 982 1170 discimus;
1001 1134 1111 1174 cujus
1127 1133 1350 1164 auditorem
1364 1132 1584 1164 Liddelium
1600 1132 1730 1170 fuisse,
1749 1133 1875 1166 donec
1887 1134 1926 1165 in
1937 1135 2027 1167 Sco-

382 1185 477 1216 tiam
493 1186 554 1217 ille
571 1189 845 1224 reverteretur,
866 1186 1062 1218 Liddelius
1078 1195 1174 1218 vero
1190 1186 1472 1218 Vratislaviam
1488 1186 1571 1223 iret,
1592 1188 1634 1217 ut
1650 1195 1673 1217 a
1689 1187 1807 1218 Paulo
1823 1187 2025 1220 Wittichio

382 1238 673 1271 mathematicis
696 1239 972 1271 institueretur.
996 1240 1110 1271 Anno
1132 1242 1266 1271 autem
1290 1239 1373 1271 1584
1392 1240 1431 1271 in
1451 1239 1626 1271 Scotiam
1648 1240 1829 1280 Craigum
1851 1241 2023 1280 rediisse,

382 1300 402 1322 e
422 1292 549 1331 prima
570 1292 684 1332 hujus
705 1293 869 1333 epistula
890 1302 983 1325 vere
1005 1293 1095 1325 anni
1119 1292 1203 1324 1589
1222 1293 1296 1333 (»in
1314 1293 1457 1325 Martio
1478 1293 1663 1333 primum,
1685 1295 1823 1333 postea
1841 1294 1913 1326 sub
1931 1294 2025 1335 Maji

381 1345 567 1385 initium«)
584 1346 633 1376 ad
648 1346 879 1386 Tychonem
901 1347 993 1378 data
1013 1346 1160 1378 scimus
1180 1347 1289 1387 (nam
1312 1348 1423 1378 »ante
1444 1346 1771 1386 quinquennium«
1795 1346 1834 1378 in
1853 1347 2023 1387 patriam

380 1407 466 1429 sese
482 1399 688 1439 navigasse
705 1400 785 1439 ait);
803 1400 841 1431 in
854 1400 1024 1431 Daniam
1037 1408 1133 1432 vero
1150 1409 1369 1440 numquam
1385 1409 1477 1431 eum
1494 1399 1710 1432 accessisse
1725 1408 1774 1431 ex
1791 1401 1932 1432 eadem
1949 1401 2024 1441 epi-

380 1452 481 1482 stula
504 1456 678 1492 apparet.
704 1453 762 1484 De
782 1453 862 1484 vita
883 1454 965 1494 ejus
986 1453 1078 1485 nihil
1100 1456 1293 1493 praeterea
1314 1456 1453 1485 notum
1477 1456 1535 1484 est
1556 1456 1702 1493 praeter
1722 1453 1773 1491 id,
1798 1454 1903 1493 quod
1924 1455 2023 1495 regis

381 1505 580 1537 medicum
597 1514 687 1537 eum
705 1506 822 1538 fuisse
838 1509 1009 1544 constat3
1027 1509 1207 1539 mortuus
1223 1515 1308 1538 esse
1323 1506 1491 1538 traditur
1506 1515 1541 1537 a.
1562 1506 1655 1538 1620.

433 1558 475 1588 In
500 1558 657 1589 »Fastis
682 1558 990 1591 Oxoniensibus
1012 1567 1059 1591 or
1076 1559 1268 1591 Annuals
1291 1558 1339 1591 of
1354 1559 1421 1591 the
1449 1558 1690 1599 University
1708 1558 1756 1591 of
1772 1558 1946 1592 Oxt'ord«
1970 1561 2022 1602 (in

378 1610 632 1643 Athenarum
653 1611 950 1644 Oxoniensium
971 1616 1067 1645 torn.
1086 1614 1100 1644 Ι
1120 1613 1198 1645 1691
1223 1614 1296 1645 001.
1314 1612 1393 1650 794;
1417 1621 1506 1644 nov.
1525 1613 1584 1644 ed.
1603 1613 1770 1644 Londini
1789 1613 1871 1644 1815
1890 1623 1926 1654 p.
1943 1614 2022 1655 310)

378 1664 569 1696 Antonius
592 1675 615 1696 a
636 1665 766 1697 Wood
793 1666 1035 1698 mentionem
1061 1666 1155 1698 facit
1182 1666 1327 1707 »Craigi
1349 1666 1466 1704 Scoti,
1491 1666 1749 1706 Physicorum
1775 1666 1959 1698 Doctoris
1982 1666 2021 1698 in

380 1716 642 1749 Universitate
659 1719 890 1757 Basiliensi«‚
913 1720 978 1760 qui
1000 1729 1104 1752 anno
1123 1720 1206 1751 1605
1223 1719 1365 1752 Oxonii
1386 1720 1435 1751 ad
1456 1720 1626 1751 eundern
1642 1720 1808 1760 gradum
1825 1719 2020 1752 admissus

379 1773 496 1808 esset;
520 1772 627 1803 addit
648 1776 780 1804 autem
801 1782 842 1805 se
863 1773 1025 1810 nescire,
1048 1773 1214 1805 fueritne
1231 1773 1293 1804 hic
1311 1775 1452 1805 auctor
1471 1773 1556 1804 libri
1577 1782 1698 1804 manu
1718 1772 1863 1813 scripti,
1886 1773 1951 1813 qui
1968 1773 2021 1804 in-

379 1824 616 1856 scriberetur
640 1825 933 1865 »Capnuraniae
956 1826 1165 1858 restinctio
1187 1834 1264 1857 seu
1289 1825 1546 1858 Cometarum
1571 1825 1611 1857 in
1635 1825 1803 1857 AEthera
1825 1825 2021 1858 sublima-

381 1877 501 1909 tionis
516 1877 736 1910 refutatio«.
760 1880 868 1911 Idem
885 1880 922 1911 in
940 1879 1139 1911 »Athenis
1157 1879 1485 1912 oxoniensibus«
1505 1880 1614 1920 (torn.
1632 1880 1647 1911 Ι
1667 1879 1745 1911 1691
1766 1881 1839 1911 001.
1856 1879 1937 1918 469;
1958 1880 2018 1911 ed.

378 1940 467 1963 nov.
485 1934 580 1963 tom.
599 1932 632 1963 ΙΙ
657 1932 739 1964 1815
761 1934 833 1965 col.
852 1933 941 1975 491),
962 1933 1028 1965 ubi
1048 1934 1221 1973 loquitur
1238 1933 1286 1965 de
1303 1933 1476 1965 Henrico
1493 1933 1634 1973 Briggs,
1657 1932 1839 1973 Craigum
1855 1941 1876 1964 e
1892 1933 2019 1964 Dania

377 1984 416 2015 in
436 1985 610 2016 Scotiam
633 1988 896 2018 revertentem
914 1986 934 2024 J
938 1995 1109 2018 oannem
1133 1986 1345 2027 Neperum,
1369 1987 1562 2018 baronem
1586 1986 1855 2018 Merchistonii
1878 1986 2019 2018 adiisse

378 2040 415 2068 et
431 2038 479 2069 de
495 2047 599 2069 nova
615 2039 838 2071 inventione
854 2040 892 2071 in
909 2040 1036 2071 Dania
1051 2040 1089 2081 (a
1106 2040 1448 2080 Longomontano,
1470 2039 1524 2071 uti
1545 2040 1763 2081 dicebatur)
1782 2039 1889 2071 facta
1910 2039 2020 2071 certi-

379 2098 488 2121 orem
511 2091 651 2123 fecisse
674 2095 819 2130 narrat,
843 2102 913 2133 per
936 2102 1057 2133 quarn
1079 2093 1117 2124 in
1138 2093 1299 2125 calculis
1320 2093 1598 2126 astronomicis
1617 2093 1968 2133 multiplicationes.
1981 2095 2019 2124 et

379 2144 587 2176 divisiones
604 2146 782 2177 molestae
799 2147 1054 2183 evitarentur;
1076 2147 1153 2179 hoc
1169 2149 1304 2178 tamen
1319 2148 1450 2178 solum
1467 2147 1515 2178 de
1530 2147 1596 2178 illa
1612 2146 1724 2184 scire,
1746 2154 1832 2178 rem
1852 2146 1931 2186 geri
1949 2154 2019 2186 per

378 2206 564 2229 numeros
589 2199 913 2238 proportionales.
941 2199 1012 2231 His
1034 2200 1164 2231 verbis
1188 2200 1435 2232 admonitum
1458 2208 1607 2240 paucas
1632 2202 1720 2240 post
1743 2199 2018 2231 hebdomadas

381 2248 559 2281 Canonis
576 2250 774 2282 mirabilis
790 2251 1140 2291 Logatithmorum
1159 2253 1506 2285 adumbrationem
1522 2253 1660 2293 Craigo
1678 2252 1876 2292 Neperum
1893 2254 2019 2284 osten-

433 2348 501 2373 ¹Cf.
517 2350 588 2373 tom.
601 2349 639 2374 VI
657 2357 682 2381 p.
699 2350 784 2377 318.4.

430 2392 441 2409 2
459 2392 501 2416 lta
518 2393 702 2426 Dictionary
718 2395 754 2419 of
765 2394 915 2419 National
930 2395 1123 2428 Biography.
1140 2398 1176 2420 At
1191 2396 1337 2425 Thomas,
1354 2395 1407 2429 qui
1424 2403 1508 2422 anno
1522 2396 1583 2422 fere
1598 2397 1664 2422 1538
1676 2398 1767 2421 natus
1779 2397 1850 2425 erat,
1866 2402 1929 2421 non
1946 2397 2016 2420 ante

378 2444 497 2461 annum
521 2437 586 2461 1568
607 2444 730 2462 uxorem
753 2438 844 2463 duxit.
868 2438 972 2470 Hujus
993 2441 1095 2464 autem
1112 2439 1213 2465 filium
1233 2440 1415 2472 (»Joannem
1432 2439 1589 2473 Cragium,
1610 2440 1710 2466 fratris
1725 2439 1769 2465 tui
1785 2438 1917 2469 filium«)
1934 2446 2015 2464 com-

378 2483 527 2505 memorat
543 2480 686 2507 Caselius
704 2481 734 2506 in
751 2481 883 2513 epistula
896 2483 935 2507 ad
950 2483 1104 2514 Joannem
1121 2483 1268 2516 Craigum
1286 2484 1365 2513 data,
1386 2492 1480 2516 quarn
1497 2492 1591 2517 supra
1607 2483 1777 2513 attulimus,
1797 2485 1825 2509 et
1843 2482 2015 2509 auditorem

378 2531 469 2549 suum
487 2532 558 2549 eum
577 2525 763 2551 Helmstadii
780 2526 876 2551 fuisse
892 2528 1017 2552 testatur
1034 2535 1117 2552 anno
1138 2527 1211 2553 1606.
