2209 3213
86 822 115 847 10

85 1088 114 1113 15

81 1353 113 1379 20

81 1620 113 1644 25

68 1773 130 1805 34v

83 1885 115 1911 30

81 2152 114 2177 35

81 2418 114 2443 40

404 224 492 261 AD
515 223 824 262 CRAIGUM
846 224 1117 263 SCOTUM
1139 224 1223 262 DE
1245 224 1534 263 COMETIS
1711 224 1789 261 467

152 342 250 370 rum
265 330 494 373 stellarum,
513 331 625 368 circa
642 329 921 371 confimilem.
939 342 1024 378 qvo
1037 331 1223 369 Cometa
1234 330 1461 374 visebatur,
1479 329 1578 368 coeli
1592 328 1789 373 tractum,

151 384 357 427 adhibita,
381 395 466 430 qva
488 387 601 427 ante,
625 382 938 421 observationis
959 388 999 421 et
1020 383 1396 422 demonstrationis
1416 382 1638 427 methodo,
1661 382 1790 430 idqve

151 437 379 484 aliqvoties
395 440 441 474 ut
457 438 576 483 prius
593 436 841 483 repetendo.
860 436 984 474 Nihil
1000 437 1162 480 dubito,
1179 438 1283 483 qvin
1294 448 1631 483 nonnumqvam
1642 437 1687 474 in
1699 447 1790 474 non

150 492 324 529 minora
348 490 656 537 operationum
686 488 871 527 absurda
896 489 1116 533 devenias,
1147 490 1384 537 aliqvando
1409 501 1514 527 vero
1540 488 1791 527 Parallaxin

152 545 282 582 etiam
304 544 520 590 majorem
542 542 566 580 5
589 547 696 589 part.
720 541 847 580 stellis
869 541 979 585 fixis,
1006 542 1103 580 licet
1125 543 1295 580 nullam
1318 542 1489 590 prorsus
1513 542 1716 586 habeant,
1739 542 1791 579 fis

150 596 225 635 tali
237 596 426 644 processu
437 596 743 642 imputaturus.
756 595 898 641 Atqve
911 600 1004 632 tum
1015 594 1140 633 facile
1153 595 1314 643 tibiipsi
1325 595 1497 643 patebit,
1515 595 1643 643 longe
1655 596 1791 633 aliam

151 649 189 688 &
200 650 286 697 maj
293 659 414 686 orem
426 647 497 686 hic
509 650 669 695 reqviri
680 646 946 686 tradtationis
958 648 1246 692 subtilitatem,
1264 660 1395 696 qvam
1407 653 1537 687 antea
1548 648 1790 696 praevidisti,

151 714 230 741 nec
246 713 392 740 meam
408 701 523 739 hanc
540 701 888 748 qvalemcunqve
905 702 1254 739 admonitionem
1270 703 1437 739 irritam
1449 702 1524 739 esse
1537 703 1790 749 comperies.

151 755 235 795 Sed
255 755 357 802 qvid
378 766 488 802 opus
510 754 565 792 est
585 754 637 792 de
658 756 742 792 tuis
764 754 1214 792 animadversionibus
1233 766 1471 802 earumqve
1488 754 1792 793 insufficientia

150 809 278 857 plura
298 808 452 850 dicere,
474 819 573 845 curn
595 807 772 855 ipsemet
792 806 979 852 fatearis,
1001 819 1092 845 non
1112 819 1255 854 pauca
1274 808 1349 846 tibi
1370 809 1591 846 occurrisse
1609 807 1792 858 ἀγεωμέ-

151 874 296 911 τρητα,
317 872 398 899 nec
417 865 520 898 tunc
542 859 845 899 exadtissimam
866 862 960 908 ejus
980 863 1043 898 rei
1063 860 1476 899 demonstrationem
1493 860 1608 898 fuisse
1627 865 1791 904 notam,

151 916 336 962 ideoqve
357 912 520 952 factum
540 914 628 957 esse,
653 918 700 951 ut
717 914 933 962 judicium
954 913 1238 961 suspenderis;
1263 914 1378 961 qvod
1400 914 1429 951 fi
1449 914 1593 952 adhuc
1614 913 1791 958 faceres,

151 967 295 1007 forsan
305 965 462 1005 rectius
473 968 643 1005 veritati
653 967 926 1014 inqvirendae
937 967 1287 1014 stabiliendaeqve
1300 966 1557 1005 consuleres,
1575 967 1793 1014 Qvorsum

152 1023 279 1070 igitur
295 1032 348 1059 ea
363 1020 490 1058 nobis
505 1020 575 1058 vel
591 1031 670 1067 pro
686 1019 988 1058 verisimilibus
1005 1020 1211 1064 obtrudis,
1232 1032 1285 1058 ex
1301 1020 1456 1068 qvibus
1472 1020 1649 1067 ipsemet
1664 1025 1704 1058 te
1721 1032 1791 1058 ex-

150 1076 304 1113 tricare
330 1085 421 1111 non
445 1073 627 1121 potuisti,
654 1084 837 1120 qvaeqve
861 1073 915 1111 ob
939 1074 981 1111 id
1007 1074 1212 1111 manibus
1238 1074 1404 1111 excussa
1428 1073 1703 1120 postmodum
1731 1075 1795 1111 in-

150 1126 262 1166 taeta
278 1125 506 1174 reliqvisti?
523 1126 652 1173 Qvod
664 1126 693 1164 fi
704 1128 896 1164 veritatis
907 1126 1116 1164 nucleum
1127 1125 1296 1171 rectius,
1314 1138 1445 1174 qvam
1457 1138 1484 1165 a
1495 1126 1621 1164 nobis
1632 1125 1795 1164 fadtum

151 1181 217 1225 est,
234 1185 274 1219 te
291 1180 410 1218 illinc
426 1179 635 1227 expiscari
651 1180 761 1226 posse
778 1179 923 1217 adhuc
940 1191 1119 1217 omnem
1136 1182 1336 1218 animum
1352 1191 1444 1217 non
1460 1179 1698 1227 deposuisti,
1716 1191 1794 1227 age

150 1233 318 1272 resume
340 1232 416 1271 illa
438 1232 586 1271 denuo
609 1234 655 1270 in
677 1244 837 1271 manus
861 1237 901 1270 et
923 1237 1042 1271 tenta
1062 1235 1175 1271 vires
1198 1239 1312 1277 tuas;
1336 1232 1488 1271 feceris
1510 1232 1620 1270 mihi
1642 1232 1726 1271 hac
1748 1235 1794 1270 in

150 1292 271 1335 parte
292 1298 385 1324 rem
405 1297 497 1324 non
517 1288 745 1334 ingratam.
770 1286 924 1333 Neqve
947 1288 1065 1324 enim
1086 1291 1257 1324 tantum
1278 1288 1351 1334 otij
1374 1286 1450 1324 tibi
1471 1286 1604 1323 deesse
1625 1288 1794 1333 poterit,

151 1342 255 1388 qvin
269 1341 468 1388 proprias
485 1338 820 1383 observationes,
838 1345 966 1387 atqve
983 1351 1036 1377 ex
1052 1339 1120 1377 his
1132 1341 1306 1377 innixas
1318 1339 1706 1377 demonstrationes
1718 1339 1794 1377 ali-

150 1393 325 1442 qvando
348 1393 544 1431 revidere
565 1392 731 1435 valeas:
755 1404 877 1430 meas
901 1397 941 1431 et
963 1393 1165 1436 aliorum,
1190 1404 1297 1440 qvas
1318 1394 1494 1440 expetis,
1519 1392 1794 1430 animadver-

149 1447 289 1486 fiones
300 1448 346 1484 in
357 1457 476 1484 nova
486 1445 604 1484 stella
616 1445 653 1483 &
666 1446 841 1493 reliqvis
854 1445 1062 1490 Cometis‚
1080 1448 1151 1493 qvi
1163 1446 1308 1493 postea
1319 1445 1569 1489 illuxerunt,
1587 1450 1795 1493 qvotqvot

150 1500 311 1539 habere
329 1499 462 1543 licuit,
484 1499 710 1543 obtinebis,
732 1499 807 1537 ubi
827 1501 1044 1547 integrum
1061 1511 1171 1546 opus
1187 1499 1379 1537 nostrum
1396 1499 1448 1536 de
1466 1499 1794 1537 Recentioribus

150 1553 250 1592 coeli
261 1552 585 1597 Phaenomenis,
602 1557 695 1590 tum
711 1552 855 1600 qvoad
871 1554 1063 1600 priorem
1079 1558 1173 1590 turn
1188 1552 1468 1600 posteriorem
1480 1551 1671 1590 Tomum
1683 1554 1794 1600 typis

151 1606 402 1655 evulgatum
418 1605 558 1644 fuerit.
576 1605 666 1644 Illic
683 1605 868 1653 insuper,
886 1605 914 1643 fi
930 1605 1016 1649 ista,
1034 1617 1131 1653 qvae
1148 1606 1200 1644 de
1217 1606 1301 1643 hoc
1314 1606 1501 1644 Cometa
1516 1605 1793 1650 adduximus,

150 1660 224 1698 tibi
240 1671 332 1698 non
347 1658 577 1703 sufficiunt,
594 1659 760 1697 videbis
776 1670 846 1697 me
860 1661 906 1697 in
920 1659 1018 1707 alijs
1032 1659 1307 1706 postmodum
1318 1658 1415 1697 vifis
1427 1670 1503 1696 eos
1515 1670 1794 1706 neqvaqvam

149 1713 405 1752 sublunares
420 1712 549 1756 fuisse‚
567 1712 712 1751 adhuc
728 1712 867 1750 multo
883 1712 1056 1759 plenius
1073 1717 1201 1759 atqve
1218 1714 1410 1760 apertius
1423 1723 1445 1750 e
1458 1713 1582 1750 certis
1597 1711 1794 1750 observa—

149 1766 342 1805 tionibus
362 1768 621 1814 geometrice
643 1762 952 1816 convin-sscere‚
976 1777 1027 1803 ex
1049 1765 1204 1813 qvibus
1226 1767 1358 1803 etiam
1379 1765 1652 1803 commodior
1668 1770 1709 1803 et
1725 1776 1794 1803 co-

151 1819 308 1868 piofior
331 1819 515 1867 idipsum
538 1819 785 1866 inqvirendi
811 1819 1146 1866 ostendendiqve
1171 1818 1356 1857 dabatur
1381 1818 1560 1862 occafio,
1586 1818 1793 1865 fiqvidem

153 1873 338 1912 Cometa
353 1874 460 1911 anni
475 1872 538 1917 80,
558 1872 610 1910 de
628 1884 712 1920 qvo
730 1877 860 1910 antea
876 1873 977 1916 dixi,
1000 1884 1102 1910 eum
1118 1872 1193 1910 illo
1210 1877 1418 1920 tempore,
1441 1883 1525 1919 qvo
1542 1871 1652 1909 mihi
1668 1871 1792 1910 Witi-

151 1926 275 1965 chius
291 1925 441 1970 adfuit,
458 1925 661 1970 effulfisse‚
680 1926 808 1974 longe
825 1926 987 1963 diutius
1003 1925 1131 1973 supra
1147 1925 1440 1963 Horizontem
1456 1924 1671 1964 nodiurno
1686 1931 1792 1963 tem-

151 1991 256 2028 pore
276 1978 557 2027 spectabatur,
580 1979 618 2017 &
638 1979 838 2017 tranfitus
859 1981 953 2027 ejus
974 1990 1050 2026 per
1071 1979 1373 2017 Meridianum
1394 1978 1678 2026 aliqvamdiu,
1699 1983 1792 2016 tum

151 2035 284 2072 etiarn
299 2038 399 2071 ante
417 2037 457 2070 et
471 2032 561 2081 post
576 2032 673 2070 satis
691 2033 841 2071 crebro
857 2034 1008 2080 patuit.
1031 2032 1160 2070 Unde
1178 2032 1411 2070 collatione
1427 2030 1539 2070 facta
1558 2033 1604 2069 in
1625 2031 1792 2070 diverso

150 2086 240 2130 situ,
265 2091 357 2124 turn
383 2088 497 2124 circa
521 2086 768 2130 Meridiem,
799 2091 891 2123 tum
916 2085 1062 2123 versus
1088 2085 1392 2130 Horizontem,
1423 2084 1674 2123 Parallaxin
1698 2087 1792 2133 eJus

152 2140 227 2178 esse
243 2139 531 2177 insensibilem
547 2141 652 2178 citra
669 2151 800 2177 omne
817 2139 1001 2177 dubium
1017 2139 1366 2177 animadvertere
1382 2138 1514 2183 licuit,
1536 2144 1582 2176 ut
1600 2138 1677 2176 suo
1693 2138 1791 2176 loco

150 2193 444 2231 indubitanter
459 2192 656 2231 testatum
672 2192 981 2239 relinqvemus.
999 2192 1048 2230 In
1061 2192 1248 2230 Cometa
1264 2203 1434 2240 qvoqve
1451 2194 1557 2230 anni
1573 2190 1647 2230 85ti
1665 2192 1728 2239 (ut
1739 2192 1791 2230 de

151 2257 216 2291 eo,
233 2248 304 2294 qvi
320 2257 440 2284 anno
456 2246 507 2284 82
524 2246 578 2284 ob
590 2246 811 2284 modicam
823 2246 1101 2284 durationem
1113 2250 1153 2284 et
1164 2245 1292 2293 supra
1304 2245 1597 2284 Horizontem
1607 2245 1792 2283 boreum

151 2301 354 2348 exiguam
370 2299 663 2338 elevationem
678 2311 797 2337 nunc
812 2299 924 2337 nihil
940 2298 1099 2345 dicam)
1121 2310 1212 2337 non
1232 2301 1378 2337 minor
1394 2298 1640 2346 qvaestionis
1658 2297 1792 2346 hujus

151 2353 395 2391 enodandae
408 2352 672 2392 offerebatur
684 2352 984 2396 commoditas,
997 2364 1097 2390 cum
1109 2357 1150 2391 et
1160 2354 1208 2396 is,
1220 2357 1310 2391 tam
1322 2354 1368 2390 in
1379 2352 1644 2396 Meridiano,
1660 2363 1791 2399 qvam

150 2405 304 2445 octava
324 2411 364 2444 et
384 2407 568 2445 occidua
588 2406 687 2445 coeli
708 2406 836 2454 plaga
856 2405 954 2444 satis
975 2405 1253 2444 observabilis
1270 2407 1380 2444 esset:
1403 2408 1449 2444 in
1469 2405 1553 2444 hoc
1570 2407 1643 2443 vix
1658 2407 1791 2443 unius

149 2461 319 2504 minuti,
331 2471 408 2507 per
418 2460 669 2498 Parallaxin
680 2461 819 2497 motui
831 2461 1007 2507 proprio
1020 2460 1310 2503 accedentem,
1327 2459 1684 2507 implicationem,
1698 2458 1790 2497 sub-

149 2512 327 2550 tilissime
344 2515 495 2552 omnia
510 2513 832 2560 perscrutando,
850 2515 982 2551 etiam
997 2512 1237 2551 multarum
1253 2513 1466 2551 horarum
1477 2512 1708 2551 intervallo
1720 2512 1789 2550 de-

255 2574 305 2599 59ss
1520 2565 1789 2613 prehendere
