2209 3213
334 237 409 274 268
824 233 906 269 DE
929 230 1153 269 MUNDI
1174 228 1473 266 AETHEREI

334 343 411 379 bus
424 341 462 377 13
484 350 536 380 τε,
555 351 653 376 cum
666 338 910 375 Latitudine
922 337 971 374 24
984 342 1090 383 part.
1104 336 1174 372 vbi
1186 335 1297 377 dicit,
1311 346 1412 372 eum
1425 335 1578 372 saltum
1590 335 1714 373 suum
1727 336 1966 379 inhibuisse;

334 394 449 440 quod
466 393 588 430 facile
607 391 847 432 eueniebat‚
866 390 1087 436 siquidem,
1104 393 1147 425 vt
1163 389 1252 425 iam
1269 387 1544 432 ostendimus,
1566 400 1668 426 eum
1684 401 1968 436 nequaquam

334 445 508 483 admisit.
534 445 709 485 Verum.
736 443 764 480 fi
788 444 842 480 ad
865 442 1087 480 verificata
1110 441 1317 478 Fixarum
1340 441 1436 478 loca
1460 444 1734 479 examinetur
1756 442 1885 489 ipsius
1908 443 1967 480 di-

332 500 481 536 stantia
498 498 551 534 ab
563 497 738 543 Aquila,
756 497 797 533 P.
812 497 863 533 15.
878 496 940 532 M.
953 496 989 537 6,
1006 495 1060 532 ab
1074 494 1161 532 Ore
1174 493 1329 541 Pegasi,
1347 494 1389 531 P.
1403 494 1455 531 14.
1469 494 1531 532 M.
1545 495 1607 538 29,
1624 496 1810 542 prodibit
1826 498 1969 533 verior

333 551 574 598 Longitudo
587 552 632 586 in
645 549 698 587 G.
713 550 765 586 10.
780 549 841 585 M.
854 549 905 585 22
921 558 962 584 zzz
971 579 979 591 ‚
992 547 1197 586 deficiens
1208 546 1483 585 solummodo
1495 559 1521 585 a
1533 548 1674 586 nostra
1684 548 1734 586 27
1746 548 1967 595 scrupulis,

332 616 430 641 cum
451 603 579 649 ipfiuS
600 604 825 639 annotatio
846 601 944 648 plus
962 601 1096 638 tribus
1112 599 1315 647 gradibus
1332 599 1576 638 abundarit.
1598 601 1800 639 Latitudo
1821 607 1969 639 autem

332 656 487 694 euadet
503 656 552 692 22
569 655 702 692 ferme
720 657 921 701 partium,
943 656 1071 691 vnico
1092 653 1228 700 gradu
1249 652 1391 690 nostra
1412 655 1543 691 etiam
1564 656 1720 698 minor,
1742 666 1877 701 quam
1897 655 1969 692 ille

331 709 586 747 tantundem
605 710 817 745 maiorem
834 707 1028 745 reddidit.
1046 707 1211 744 Verum
1227 705 1256 743 fi
1273 717 1295 743 e
1312 705 1402 743 sola
1417 706 1614 744 distantia
1630 707 1684 745 ab
1700 707 1877 754 Aquila,
1898 707 1969 745 vbi

332 775 383 800 ea
399 765 515 799 viam
532 762 729 799 Cometae
751 761 906 803 transit,
928 759 1173 807 Longitudo
1195 759 1427 803 deriuetur,
1448 762 1651 806 prouenit
1671 760 1746 798 illa
1766 763 1811 798 in
1831 761 1968 808 gradi-

330 817 409 853 bus
422 816 465 852 11.
478 817 581 852 min.
596 815 636 852 17
652 824 710 857 m,
727 826 872 852 meam
885 816 973 852 iam
985 812 1311 860 aliquantulum
1328 813 1552 856 excedens,
1570 825 1670 850 cum
1682 816 1802 861 prius
1815 814 1970 852 eodem

331 868 562 906 interuallo
585 868 673 905 fere
697 867 909 910 deficeret,
934 870 992 905 ita
1013 872 1055 904 vt
1076 866 1218 904 nostra
1240 865 1463 904 denotatio
1484 866 1603 913 quasi
1626 867 1885 905 intermedia
1907 879 1969 905 re-

330 924 537 969 periatur;
555 921 672 968 quod
689 933 788 959 eam
804 921 901 958 satis
917 921 1028 958 bene
1045 920 1084 958 se
1101 919 1276 963 habere,
1294 918 1331 956 &
1347 921 1393 956 in
1409 919 1615 966 distantijs
1630 919 1743 957 hisce
1755 919 1970 958 summam

330 975 626 1023 praecifionem
643 986 733 1012 non
749 974 864 1012 fuisse
881 974 1134 1016 adhibitam,
1151 972 1373 1010 manifeste
1389 973 1554 1020 probat.
1572 969 1586 1022 ΙΙ

384 1027 721 1065 DECEMBRIS
733 1027 833 1065 DIE
845 1028 874 1071 I,
887 1027 1258 1074 intercapedinem
1268 1025 1466 1063 Cometae
1478 1038 1505 1064 a
1516 1025 1648 1064 Stella
1660 1028 1704 1063 in
1715 1026 1803 1064 Ore
1813 1026 1968 1074 Pegasi,

331 1082 430 1119 facit
446 1082 487 1118 P.
506 1082 541 1118 9.
560 1081 621 1118 M.
639 1081 701 1124 28,
719 1093 852 1128 quam
869 1093 950 1118 nos
968 1081 1094 1118 Hora
1110 1081 1155 1119 5⁷}
1171 1081 1424 1117 inuenimus
1440 1079 1556 1126 grad.
1573 1080 1609 1117 9.
1626 1081 1731 1117 min.
1748 1080 1811 1117 20.
1828 1080 1970 1118 Miror

332 1140 478 1172 autem
494 1134 745 1181 plurimum,
762 1134 1037 1172 Thaddaeum
1054 1145 1145 1171 non
1161 1133 1370 1180 assignasse
1383 1132 1611 1170 Horarum
1623 1138 1860 1177 momenta,
1877 1135 1968 1181 qui-

330 1189 410 1225 bus
435 1188 531 1225 suas
557 1187 774 1225 distantias
799 1187 969 1225 coelitus
994 1187 1158 1225 habuit.
1186 1185 1400 1232 Equidem
1425 1185 1522 1224 satis
1548 1186 1742 1224 conscius
1767 1192 1869 1230 erat,
1895 1199 1969 1225 eas

330 1241 503 1288 lingulis
529 1240 647 1278 horis
672 1240 919 1278 sensibiliter
943 1242 1116 1283 variari,
1146 1244 1190 1277 vt
1218 1238 1507 1277 frustraneum
1534 1239 1674 1283 fuerit,
1704 1242 1969 1278 remotiones

331 1294 528 1332 Cometae
543 1306 568 1331 a
583 1294 722 1331 Stellis
739 1305 829 1331 non
846 1293 984 1331 solum
1000 1295 1046 1331 in
1061 1293 1277 1341 gradibus,
1294 1291 1364 1330 sed
1381 1294 1512 1330 etiam
1528 1294 1573 1330 in
1590 1292 1686 1340 ipsis
1702 1295 1882 1331 minutis
1898 1293 1968 1331 de-

330 1352 493 1389 notare,
518 1346 594 1384 nifi
615 1347 742 1384 Hora
764 1348 893 1385 etiam
917 1347 979 1384 illi
1001 1346 1306 1385 Obseruationi
1329 1345 1669 1392 correspondens
1692 1346 1967 1384 indicaretur.

330 1400 449 1437 Idem
459 1402 589 1438 etiam
600 1412 625 1437 a
636 1400 845 1438 Cornelio
856 1400 1047 1438 Gemma
1056 1399 1368 1437 inconsiderate
1378 1397 1622 1446 negleffitum
1634 1399 1761 1442 fuisse,
1774 1399 1968 1446 superius

330 1453 585 1499 conquestus
597 1453 701 1490 sum.
715 1452 758 1491 Si
770 1453 898 1490 Hora
909 1453 951 1492 921·
967 1453 1209 1491 distantiam
1222 1452 1420 1490 Cometae
1432 1452 1486 1490 ab
1500 1452 1588 1490 Ore
1599 1452 1744 1500 Pegasi
1756 1452 1967 1491 Obserua—

329 1512 429 1547 tam,
447 1507 489 1543 P.
502 1506 537 1544 9.
552 1506 614 1543 M.
628 1506 680 1549 10,
697 1506 752 1544 ad
769 1506 883 1544 hanc
895 1506 1108 1544 Thaddaei
1125 1506 1352 1554 applicem,
1369 1505 1538 1543 deficiet
1554 1505 1695 1544 nostra
1707 1506 1748 1544 18
1759 1506 1968 1554 scrupulis

329 1560 382 1597 ab
404 1559 532 1606 ipsius
552 1561 850 1603 annotatione,
873 1571 973 1606 quae
994 1562 1113 1607 prius
1134 1559 1262 1597 Hora
1277 1559 1323 1599 5}
1343 1558 1493 1597 saltem
1513 1558 1679 1597 octonis
1699 1561 1844 1597 minor
1864 1565 1967 1598 erat.

328 1612 516 1650 Tantam
532 1615 787 1650 varietatem
803 1613 1082 1660 intercapedo
1093 1614 1117 1650 4
1129 1612 1341 1651 horarum
1354 1624 1507 1659 parere
1521 1615 1672 1660 potuit,
1689 1612 1820 1660 idque
1837 1615 1968 1651 etiam

328 1665 396 1703 his
417 1666 580 1710 diebus,
602 1678 702 1703 cum
722 1672 867 1704 motus
888 1666 1071 1704 diurnus
1088 1666 1287 1704 Cometae
1308 1666 1520 1704 duntaxat
1538 1666 1631 1703 esset
1650 1666 1809 1713 gradus
1826 1667 1874 1711 1ss,
1895 1678 1967 1704 ne-

329 1719 434 1756 dum
450 1721 562 1756 circa
577 1721 769 1766 primum
786 1721 879 1757 eius
896 1725 1108 1763 exortum,
1127 1719 1305 1766 quando
1316 1719 1456 1756 multo
1468 1719 1649 1756 celerior
1660 1720 1966 1766 reperiebatur.

330 1772 494 1809 Locum
518 1774 611 1809 eius
634 1772 760 1810 refert
783 1772 866 1810 hoc
890 1773 957 1810 die
981 1773 1035 1811 ad
1057 1773 1098 1810 16
1123 1782 1181 1816 w,
1205 1783 1305 1810 cum
1328 1772 1576 1810 Latitudine
1599 1772 1648 1810 25
1671 1774 1873 1819 partium,
1897 1772 1967 1810 vbi

330 1825 544 1871 nusquam
554 1825 789 1870 euidenter,
800 1831 1016 1872 quantum
1026 1837 1079 1863 ex
1087 1825 1234 1864 Globo
1244 1825 1386 1872 colligi
1395 1827 1546 1872 potuit,
1557 1826 1715 1870 deuiat‚
1725 1825 1794 1863 sed
1804 1825 1968 1864 lineam

328 1876 499 1921 rectam,
522 1890 655 1924 quam
673 1879 771 1916 dicit
787 1878 827 1916 se
844 1890 896 1916 eo
913 1879 981 1916 die
998 1879 1139 1917 vidisse
1156 1879 1210 1917 ab
1226 1878 1391 1925 Aquila
1412 1890 1488 1925 per
1505 1878 1737 1916 Cometam
1753 1881 1798 1916 in
1815 1879 1876 1917 Os
1892 1879 1966 1916 Pe—

327 1930 411 1977 gasi
432 1931 542 1973 duci,
567 1943 646 1978 ego
667 1931 735 1969 die
758 1931 951 1978 sequenti
974 1932 1268 1970 animaduerti
1290 1933 1470 1979 propius
1493 1933 1743 1975 conuenire,
1767 1933 1967 1970 excessisse

328 1983 617 2021 nihilominus
628 1984 766 2031 ipsum
779 1984 923 2032 Caput
936 1985 1134 2023 Cometae
1146 1985 1261 2023 hanc
1273 1985 1436 2022 lineam
1448 1985 1594 2022 versus
1605 1984 1966 2032 Septentrionem,

329 2038 492 2073 circiter
517 2039 640 2074 tertia
664 2042 784 2083 parte
812 2040 938 2075 vnius
962 2038 1133 2086 gradus.
1161 2038 1490 2077 Conuenienter
1514 2040 1661 2085 itaque
1684 2038 1801 2076 addit
1822 2038 1966 2076 Thad-

329 2089 462 2131 daeus‚
484 2089 622 2136 ipsum
642 2089 725 2127 hoc
746 2090 814 2128 die
835 2092 989 2137 primo,
1011 2091 1125 2129 fuisse
1143 2103 1195 2129 ea
1210 2091 1327 2129 linea
1345 2091 1480 2138 paulo
1500 2091 1764 2134 inferiorem,
1785 2091 1828 2129 id
1849 2093 1967 2128 enim

328 2141 478 2179 nostris
496 2142 883 2181 obseruationibus
899 2149 1001 2181 tunc
1017 2144 1175 2183 habitis
1191 2156 1429 2192 congruere
1445 2144 1585 2182 video.
1608 2144 1727 2182 Nam
1743 2146 1856 2182 circa
1872 2144 1964 2182 Ho-

328 2206 422 2232 ram
447 2194 609 2232 sextam
634 2207 660 2232 a
686 2196 872 2234 Meridie
899 2197 1199 2235 Calendarum
1224 2197 1491 2241 Decembris,
1518 2197 1822 2241 animaduerti,
1848 2197 1966 2244 quod

327 2247 445 2284 linea
460 2245 575 2285 rec‘ta
591 2247 718 2286 ducta
734 2261 759 2286 a
776 2249 940 2287 Lucida
956 2250 1150 2288 Vulturis
1166 2262 1243 2298 per
1259 2251 1504 2292 Cometam.
1524 2250 1796 2296 relinquebat
1814 2250 1875 2287 Os
1891 2250 1965 2287 Pe-

328 2300 412 2347 gasi
423 2300 569 2337 versus
581 2301 738 2338 Zenith
751 2304 900 2349 capitis
915 2303 1033 2349 quasi
1045 2315 1132 2341 vno
1144 2304 1292 2351 gradu.
1311 2303 1514 2350 Oportuit
1528 2305 1674 2350 itaque
1686 2314 1738 2340 eo
1750 2303 1831 2346 die,
1848 2303 1965 2340 velut

328 2352 579 2390 Thaddaeus
600 2353 738 2397 refert,
761 2354 992 2393 Cometam
1012 2356 1146 2403 paulo
1168 2356 1419 2394 inferiorem
1435 2356 1606 2393 extitisse
1626 2355 1743 2394 linea
1759 2367 1785 2394 a
1802 2356 1966 2394 Lucida

328 2405 522 2443 Vulturis
538 2408 583 2443 in
601 2406 662 2444 Os
678 2407 821 2454 Pegasi
838 2407 985 2446 exacte
1001 2408 1227 2455 protracta.
1249 2410 1394 2457 Atque
1411 2409 1512 2446 hinc
1530 2411 1660 2446 etiam
1676 2414 1803 2456 patet,
1825 2409 1964 2446 diuer-

328 2458 491 2496 sitatem
509 2459 805 2497 Horizontum
821 2462 931 2498 inter
946 2461 1142 2509 Pragam,
1159 2463 1230 2500 vbi
1246 2462 1497 2500 Thaddaeus
1515 2461 1852 2500 Obseruationes
1867 2461 1965 2499 suas

327 2509 479 2549 nanus
496 2511 562 2555 est,
580 2511 618 2549 &
633 2511 750 2550 hunc
767 2513 912 2551 locum
929 2516 973 2551 in
990 2526 1078 2561 quo
1094 2526 1175 2552 nos
1190 2527 1429 2559 moramur,
1446 2526 1537 2553 non
1552 2515 1758 2552 induxisse
1773 2514 1964 2552 sensibile

1737 2567 1964 2605 discrimen

2011 826 2041 849 10

1994 1032 2058 1063 330

2011 1092 2040 1116 15

2006 1357 2040 1382 20

2006 1624 2039 1648 25

2005 1891 2038 1916 30

2004 2157 2037 2181 35

2003 2421 2037 2446 40
