2209 3213
352 240 425 276 304
840 232 922 269 DE
944 229 1168 267 MUNDI
1189 229 1489 267 AETHEREI

404 344 556 387 Neque
574 340 709 377 vllum
726 337 857 375 subest
874 337 1067 379 dubium,
1086 335 1414 373 Declinationes
1431 346 1453 372 e
1470 334 1647 372 Sculteti
1659 334 1857 372 Cometae
1874 334 1986 372 Lon-

349 396 537 443 gitndine
556 393 592 429 8(
610 391 854 428 Latitudine
875 401 901 426 a
922 390 1047 426 nobis
1069 389 1243 431 elicitas,
1265 387 1376 426 recte
1397 387 1601 425 constare.
1625 387 1734 425 Sunt
1755 389 1873 425 enim
1894 387 1985 425 dili-

349 454 493 495 genter
506 458 579 492 per
590 441 1260 491 SphaericorumTriangulorum
1270 442 1547 488 operationes
1559 440 1986 487 inuestigatae.thue

350 514 399 538 eo
418 501 571 536 certius
588 502 731 544 pateat
748 507 827 532 nos
844 507 933 532 non
948 500 1108 531 temere
1121 491 1135 543 ΙΙ
1147 494 1261 532 hanc
1274 493 1605 540 discrepantiam
1617 498 1782 537 notare,
1799 505 1888 540 quo
1900 493 1986 531 De-

348 552 664 590 monstrationis
675 549 960 586 fundamento
970 549 1109 584 innixi
1117 547 1292 585 Sculteti
1301 546 1629 584 Declinationes
1639 546 1985 590 alterauerimus‚

349 607 414 642 his
431 606 594 651 Figuris
612 607 810 649 apertum
826 601 909 638 fiet.

1472 676 1500 710 B

554 798 1115 1142 21

398 1293 446 1329 In
466 1297 646 1339 vtraque
667 1291 793 1328 FBH
813 1290 1029 1328 Colurum
1051 1289 1337 1328 Solstitiorum
1357 1288 1645 1336 repraesentat.
1667 1289 1803 1327 FGH
1819 1288 1984 1336 AEqua-

344 1351 493 1388 torem,
511 1347 634 1382 cuius
647 1344 775 1381 Polus
789 1346 833 1381 in
845 1344 891 1386 B.
913 1349 937 1383 Z
954 1343 995 1381 G
1008 1348 1049 1383 ἐξ
1061 1342 1326 1390 Eclipticam.
1343 1342 1476 1380 huius
1492 1347 1640 1380 autem
1655 1342 1786 1380 Polus
1803 1342 1858 1380 est
1873 1344 1919 1380 in
1930 1343 1983 1380 A.

344 1398 529 1436 Cometa
551 1398 777 1444 vtrobique
800 1397 846 1434 fit
868 1398 913 1434 in
937 1396 986 1434 C.
1012 1396 1216 1443 Cumque
1239 1398 1285 1433 in
1307 1395 1547 1443 Triangulo
1571 1395 1694 1434 BAC
1717 1396 1873 1434 dentur
1896 1396 1984 1433 duo

344 1452 510 1495 Latera,
532 1451 613 1488 BA
635 1450 831 1488 distantia
851 1449 1070 1492 Polorum,
1093 1461 1227 1496 quam
1247 1460 1335 1486 vna
1355 1460 1455 1486 cum
1472 1448 1662 1487 Sculteto
1683 1448 1721 1486 8(
1742 1449 1985 1487 Neotericis

344 1505 414 1542 hic
437 1504 713 1547 assumfimus,
738 1503 792 1541 G.
809 1503 871 1540 23.
896 1502 959 1540 M.
976 1502 1039 1547 28,
1063 1508 1106 1540 vt
1129 1502 1403 1540 commodius
1426 1502 1600 1540 collatio
1623 1502 1879 1546 succederet,
1902 1501 1984 1539 AC

344 1558 712 1605 complementum
733 1556 991 1594 Latitudinis
1009 1555 1219 1599 Cometae,
1241 1566 1341 1602 quae
1359 1554 1520 1602 vbique
1537 1555 1730 1593 Boreum
1745 1554 1901 1592 Polum
1921 1566 1984 1592 re-

344 1610 472 1657 spicit.
498 1610 698 1657 Angulus
721 1621 825 1647 vero
850 1609 918 1646 his
944 1609 1115 1646 duobus
1138 1609 1365 1646 Lateribus
1388 1608 1726 1656 comprehensus
1750 1608 1907 1646 constet
1933 1619 1985 1645 ex

345 1663 587 1701 differentia
607 1662 908 1710 Longitudinis
929 1662 1127 1700 Cometae
1148 1662 1202 1699 ab
1225 1663 1349 1699 initio
1370 1667 1424 1705 ἐξ),
1449 1673 1549 1709 ergo
1572 1673 1665 1699 non
1684 1661 1831 1699 latebit
1852 1661 1986 1699 Latus

343 1719 516 1754 tertium
533 1716 624 1759 BC,
646 1716 763 1762 quod
784 1715 813 1752 fi
833 1715 960 1752 fuerit
980 1716 1124 1752 maius
1141 1714 1397 1762 quadrante,
1416 1720 1459 1752 vt
1475 1716 1521 1752 in
1536 1717 1678 1762 prima
1694 1715 1984 1762 Figuratione,

345 1770 528 1807 excessus
545 1771 637 1807 eius
654 1769 781 1816 supra
792 1768 842 1806 90
855 1768 1208 1806 Declinationem
1226 1768 1405 1805 ostendit
1417 1767 1458 1805 D
1468 1768 1504 1806 C
1516 1768 1773 1806 Australem.
1791 1767 1867 1806 Sin
1879 1778 1985 1805 vero

346 1823 585 1869 quadrante
606 1824 764 1866 minus,
785 1827 829 1859 vt
846 1823 891 1858 in
907 1821 1141 1868 posteriori,
1163 1821 1536 1868 complementum
1552 1822 1645 1859 eius
1661 1821 1716 1859 ad
1732 1821 1783 1859 90
1799 1820 1985 1859 eandem

346 1876 697 1913 Declinationem
720 1875 920 1918 Boream,
945 1886 1021 1921 per
1045 1874 1131 1912 DC
1155 1874 1316 1912 ibidem
1341 1874 1705 1921 repraesentatam,
1731 1873 1984 1912 manifestat.

346 1928 490 1975 Atque
514 1930 557 1965 in
580 1928 697 1965 hunc
719 1928 901 1965 modum
923 1939 1004 1964 nos
1025 1927 1354 1965 Declinationes
1377 1928 1602 1975 assignatas
1623 1939 1645 1965 e
1666 1927 1842 1966 Sculteti
1863 1927 1984 1970 datis,

347 1981 516 2018 scrutati
536 1981 695 2021 sumus,
717 1992 826 2027 quas
846 1982 905 2018 ita
924 1980 964 2017 se
985 1980 1159 2024 habere,
1181 1982 1321 2018 cuiuis
1342 1982 1580 2027 experienti
1600 1980 1726 2018 facile
1744 1979 1921 2028 patebit;
1942 1984 1986 2017 vt

348 2045 438 2071 non
454 2033 550 2071 satis
566 2035 714 2071 mirari
730 2034 888 2080 possim‚
905 2033 1018 2071 vnde
1034 2035 1070 2070 is
1086 2033 1183 2071 suas
1197 2033 1538 2078 Declinationes,
1555 2045 1582 2072 a
1596 2035 1783 2081 propriis
1798 2032 1984 2080 praesup-

350 2086 492 2133 positis
505 2086 876 2133 Longitudinibus,
890 2086 927 2123 &
939 2086 1258 2124 Latitudinibus
1269 2091 1359 2124 tam
1370 2086 1550 2131 alienas,
1566 2091 1791 2125 mutuatus
1807 2086 1865 2130 fit,
1882 2097 1986 2133 qua-

351 2151 434 2186 que
451 2139 672 2176 occasione
689 2139 765 2176 Vir
785 2139 893 2176 alias
914 2141 958 2176 in
979 2139 1090 2176 hisce
1112 2139 1486 2184 calculationibus,
1508 2141 1815 2178 exercitatione
1837 2138 1875 2176 &
1895 2138 1986 2176 dili—

350 2194 493 2239 gentia
516 2191 790 2238 praepollens
815 2197 981 2229 tantam
1006 2192 1303 2230 deuiationem
1329 2192 1600 2230 commiserit.
1629 2192 1858 2239 Quantum
1882 2203 1987 2229 vero

351 2244 677 2282 Declinationes
699 2247 828 2282 etiam
845 2243 1058 2288 correc'tae‚
1081 2256 1133 2282 ex
1153 2245 1282 2292 ipfius
1299 2245 1661 2293 Longitudinibus
1678 2245 1716 2283 8(
1732 2244 1987 2283 Latitudini-

350 2298 430 2335 bus
449 2299 768 2344 prouenientes,
791 2298 843 2334 ab
865 2299 917 2345 ijs
938 2297 1168 2341 dissideant‚
1191 2309 1300 2345 quas
1320 2297 1422 2345 ipsae
1438 2299 1722 2346 Apparentiae
1740 2300 1786 2335 in
1801 2298 1885 2335 hoc
1902 2297 1987 2335 Co-

350 2355 465 2387 meta
482 2346 818 2399 exhi·ssbuerunt‚
835 2349 959 2387 facile
976 2350 1122 2397 liquet,
1139 2351 1168 2388 fi
1184 2350 1254 2388 hae
1271 2362 1372 2389 cum
1387 2353 1451 2396 iis,
1469 2363 1579 2399 quas
1595 2363 1617 2389 e
1633 2353 1819 2399 propriis
1836 2349 1987 2389 Obser-

350 2403 612 2446 nationibus,
629 2404 674 2439 in
685 2402 855 2440 Tabula
866 2403 921 2440 ad
933 2402 1066 2440 finem
1080 2404 1246 2450 Capitis
1259 2403 1412 2450 Quinti
1424 2404 1629 2452 appofita‚
1645 2404 1820 2452 singulis
1835 2403 1988 2441 diebus

351 2456 670 2502 deputauimus,
692 2457 1006 2493 conuenienter
1027 2456 1321 2500 conferantur;
1343 2469 1460 2495 nunc
1476 2457 1703 2495 Tabellam
1721 2456 1987 2495 Declinatio-

351 2520 427 2545 nes
444 2509 749 2546 emendantem
766 2508 1034 2556 subiungam.

1723 2562 1989 2601 TABELLA

2011 499 2075 531 380

2025 559 2040 584 5

2026 1514 2056 1539 10

2026 1779 2056 1804 15

2023 2044 2057 2069 20

2025 2309 2058 2334 25

2012 2355 2072 2387 381
