2209 3213
96 1110 126 1135 15

93 1376 127 1402 20

95 1642 128 1667 25

94 1907 128 1934 30

95 2174 129 2200 35

97 2440 131 2466 40

86 2540 149 2573 33v

413 245 504 284 AD
526 245 838 284 CRAIGUM
860 244 1132 284 SCOTUM
1154 244 1238 282 DE
1260 243 1549 283 COMETIS
1723 242 1800 281 465

161 354 292 390 etiam
314 351 424 390 alias
447 351 732 389 diversimode
755 350 1013 393 elaboratas,
1041 356 1080 389 et
1104 350 1387 389 Orichalcicis
1410 350 1586 388 laminis
1609 348 1802 395 undiqve

159 406 352 443 munitas
363 404 520 447 habeo,
533 416 630 451 qvae
642 409 775 442 tantae
787 404 882 442 sunt
894 406 1156 451 capacitatis,
1169 409 1216 441 ut
1228 404 1404 442 Canoni
1416 403 1604 441 Sinuum
1616 412 1803 440 numero

159 459 355 496 maximo
362 457 433 495 sex
441 457 723 506 Cyphrarum
730 457 1056 495 discriminatim
1064 456 1337 499 satisfaciant,
1346 456 1474 503 idqve
1481 456 1693 503 peculiari
1701 465 1804 502 qvo-

160 511 274 555 dam,
288 516 327 549 et
338 510 465 549 nobis
477 510 630 548 usitato
640 510 862 548 divisionis
871 510 1017 553 modo,
1029 510 1127 557 ipfis
1137 512 1269 548 etiam
1278 510 1540 557 pinnacidijs
1549 509 1677 556 longe
1688 519 1803 546 com—

159 564 346 608 modius,
364 575 495 611 qvam
507 563 762 601 aveteribus
778 563 862 600 five
879 565 1011 601 etiam
1023 563 1271 610 Copernico
1287 561 1528 601 factitatum
1545 562 1611 605 est,
1629 572 1803 608 compo-

159 617 256 661 fitis,
274 628 459 664 qvarum
476 618 608 654 etiarn
624 616 773 654 alterae
785 618 830 653 in
842 616 1123 654 Horizontali
1135 616 1310 658 circulo,
1328 617 1395 663 cuj
1401 627 1452 653 us
1464 616 1675 654 diameter
1687 614 1742 652 est
1753 614 1805 652 20

126 686 137 699 r
159 670 322 718 pedum
339 669 645 713 convertibilis,
663 681 754 707 una
770 681 870 707 cum
886 668 1188 707 altitudinibus
1204 665 1481 718 Azi—ssmutha
1497 680 1668 715 qvoqve
1685 666 1803 705 exhi-

160 723 278 761 bent:
295 722 453 761 Neutri
469 727 618 761 tamen
633 722 795 760 horum
812 722 1210 766 instrumentorum,
1228 721 1299 760 etfi
1311 727 1432 760 tanta
1443 722 1665 769 diligentia
1677 725 1804 768 atqve

160 776 401 821 subtilitate,
425 781 588 823 qvanta
608 777 681 813 vix
701 775 771 813 vel
791 787 818 813 a
837 775 1056 813 veteribus
1076 775 1145 812 vel
1165 787 1192 813 a
1212 775 1524 813 recentioribus
1548 774 1648 812 ullis
1672 774 1805 821 (qvod

160 834 309 868 tamen
325 831 431 867 citra
445 827 701 877 Jaclantiam
717 827 880 867 dictum
895 828 1015 873 volo)
1036 828 1222 875 praestita
1244 828 1310 872 est,
1333 828 1671 871 elaboratorum,
1693 829 1807 864 intra

160 883 265 921 bina
284 885 456 920 minuta
476 888 617 920 ratam
637 881 770 920 fidem
791 881 993 925 attribuo,
1015 881 1130 928 qvod
1151 881 1326 919 collatio
1343 893 1444 919 cum
1461 882 1627 919 caeteris
1644 882 1689 918 in
1706 892 1806 918 con-

160 935 343 974 similem
359 935 484 974 usum
501 947 527 973 a
543 947 614 973 me
631 933 846 979 extructis,
863 946 960 982 qvae
978 940 1142 982 qvartae
1159 934 1229 972 vel
1246 936 1377 972 etiam
1389 934 1517 972 sextae
1529 936 1663 981 partis
1674 935 1807 971 unius

161 989 349 1036 scrupuli
369 989 683 1027 indicationem
703 988 801 1026 satis
821 993 962 1026 ratam
980 988 1187 1035 praebent,
1209 999 1291 1025 nos
1306 987 1609 1035 saepenumero
1625 998 1717 1025 non
1733 986 1806 1024 ob-

162 1042 281 1080 scure
293 1042 451 1086 docuit,
464 1042 576 1080 adeo
587 1047 634 1080 ut
646 1041 729 1079 istis
739 1041 924 1089 Regulis,
937 1041 1114 1088 qvando
1124 1052 1191 1078 res
1201 1041 1442 1079 admodum
1451 1040 1657 1078 subtiliter
1666 1041 1805 1086 inqvi-

163 1095 299 1134 renda
307 1097 437 1139 venit,
450 1094 561 1133 nihil
571 1095 852 1133 tribuendum
864 1094 1073 1132 censeam.
1084 1094 1350 1140 Qvadrantis
1358 1094 1599 1142 Organum,
1607 1094 1806 1140 qvamvis

162 1148 422 1187 Parallatico
442 1148 621 1195 praestet,
642 1153 804 1192 tamen,
825 1147 903 1185 nifi
918 1153 1051 1186 tantae
1068 1147 1114 1185 fit
1130 1148 1455 1195 magnitudinis,
1476 1152 1523 1184 ut
1543 1146 1709 1194 singula
1728 1147 1805 1183 mi—

163 1207 271 1240 nuta
290 1201 578 1249 repraesentet,
600 1201 716 1249 qvod
731 1203 804 1239 vix
821 1200 916 1238 fieri
936 1200 1080 1248 potest,
1098 1200 1126 1238 Γ]
1143 1201 1167 1238 4
1182 1200 1252 1238 vel
1267 1201 1291 1239 5
1309 1201 1555 1238 cubitorum
1576 1198 1806 1247 longitudi-

163 1266 266 1294 nem
281 1267 308 1293 a
323 1260 471 1293 centro
487 1255 543 1293 ad
559 1254 955 1292 circumferentiam
971 1266 1062 1292 non
1078 1253 1328 1301 adimpleat,
1345 1258 1385 1291 et
1401 1253 1574 1301 insuper
1591 1264 1644 1290 ex
1658 1252 1807 1290 metal-

162 1308 247 1347 lica
266 1307 432 1347 affabre
454 1307 655 1347 effodium
676 1307 723 1345 fit
742 1309 939 1351 materia,
961 1309 1020 1345 ita
1036 1312 1082 1345 ut
1097 1318 1178 1345 nec
1194 1309 1239 1345 in
1255 1306 1389 1354 plano
1407 1308 1500 1354 ejus
1517 1318 1596 1344 nec
1612 1307 1807 1353 pinnaci-

164 1362 245 1410 dijs
256 1367 332 1399 aut
343 1363 476 1400 etiam
486 1361 787 1409 perpendiculi
798 1360 1092 1408 applicatione
1105 1360 1237 1398 ullius
1248 1360 1318 1398 vel
1329 1361 1501 1398 minimi
1511 1361 1669 1397 erroris
1678 1359 1809 1396 lateat

163 1415 399 1463 vestigium,
416 1415 667 1453 altitudines
684 1416 806 1452 omni
821 1416 928 1452 vitio
945 1419 1140 1452 carentes
1156 1425 1249 1452 non
1264 1413 1561 1456 subministret,
1579 1418 1625 1450 ut
1640 1424 1732 1450 non
1749 1412 1809 1449 di-

164 1480 273 1512 cam,
295 1468 410 1516 qvod
430 1480 507 1515 per
527 1468 748 1506 foramina
766 1467 986 1505 stellarum
1005 1466 1184 1514 praecisa
1206 1472 1245 1504 et
1266 1466 1468 1514 expedita
1489 1464 1808 1504 animadversio

164 1521 259 1559 fieri
281 1527 481 1569 neqveat‚
504 1526 633 1569 prout
655 1520 866 1559 hac'tenus
890 1522 935 1558 in
957 1519 1037 1558 usu
1058 1520 1150 1558 fuit.
1174 1520 1248 1558 An
1268 1520 1364 1557 haec
1385 1521 1536 1557 omnia
1556 1521 1602 1557 in
1622 1524 1699 1556 tuo
1720 1518 1808 1561 illo,

165 1586 250 1622 qvo
266 1574 367 1613 usus
383 1586 429 1613 es
445 1574 712 1621 Qvadrante‚
731 1586 823 1612 una
839 1585 939 1611 cum
955 1573 1264 1611 collimationis
1280 1573 1450 1611 summa
1466 1572 1720 1610 discretione
1736 1571 1809 1609 ad-

164 1627 371 1672 hibueris,
391 1630 451 1666 ita
471 1632 518 1666 ut
537 1627 711 1666 nullum
731 1629 777 1665 in
797 1627 866 1665 his
886 1627 1059 1665 latuerit
1080 1626 1275 1670 dubium,
1297 1631 1386 1664 tute
1406 1632 1551 1663 tecum
1571 1624 1809 1673 perpende;

165 1693 257 1729 ego,
276 1681 354 1719 nisi
370 1683 522 1719 omnia
538 1681 613 1719 ista
628 1680 859 1724 adfuerint,
877 1680 1167 1718 observationi
1184 1679 1316 1718 fidem
1332 1679 1585 1717 nullatenus
1601 1678 1810 1716 adhiben-

165 1735 267 1773 dam
289 1734 495 1773 existimo.
517 1734 643 1772 Adde
665 1734 779 1781 qvod
800 1745 891 1772 non
912 1735 989 1771 uni
1007 1733 1294 1771 Instrumento
1310 1735 1355 1770 in
1371 1737 1462 1770 tam
1478 1732 1618 1770 subtili
1635 1733 1810 1779 negotio

165 1787 364 1827 standum
384 1788 442 1832 fit,
464 1799 564 1826 cum
585 1787 711 1825 facile
732 1799 873 1825 unum
893 1787 1083 1834 aliqvod,
1105 1786 1269 1824 etiamfi
1289 1786 1344 1824 ab
1365 1787 1489 1824 initio
1510 1785 1609 1823 satis
1627 1784 1811 1822 fideliter

164 1846 475 1889 praeparatum,
495 1841 677 1879 successu
696 1842 904 1888 temporis
921 1852 973 1878 ex
990 1840 1165 1878 laefione
1186 1839 1386 1883 levicula,
1407 1841 1562 1876 vitium
1578 1850 1669 1876 non
1685 1837 1810 1876 facile

166 1895 346 1933 obvium
369 1894 627 1933 contrahere
650 1894 780 1941 possit.
805 1894 993 1941 Ideoqve
1017 1905 1096 1941 ego
1120 1893 1348 1940 complura
1372 1892 1551 1940 Organa
1573 1892 1662 1930 alia
1684 1896 1812 1938 atqve

165 1948 254 1986 alia
276 1949 445 1986 ratione
469 1947 617 1986 instrui
640 1949 803 1991 curavi,
827 1947 939 1985 adeo
962 1952 1008 1984 ut
1030 1946 1144 1984 ultra
1166 1946 1230 1990 20,
1254 1957 1351 1993 qvae
1375 1945 1541 1993 fingula
1563 1950 1696 1983 tantae
1717 1944 1814 1982 sunt

165 2001 490 2049 magnitudinis,
512 2006 560 2039 ut
580 2000 783 2048 qvaelibet
798 2002 981 2044 minuta,
1003 2002 1049 2038 in
1068 2000 1329 2047 qvibusdam
1346 2001 1477 2037 etiam
1494 1999 1609 2037 dena
1624 1997 1813 2036 secunda

165 2054 419 2098 discernant,
441 2066 560 2093 nunc
580 2056 626 2092 in
646 2059 852 2102 promptu
872 2053 1075 2098 habeam,
1098 2058 1138 2091 et
1158 2053 1232 2091 ubi
1253 2064 1321 2090 res
1336 2052 1529 2090 versatur
1550 2054 1664 2089 circa
1682 2050 1814 2088 exilia

166 2119 362 2156 qvaeqve‚
384 2119 476 2146 non
496 2119 638 2146 unum
654 2107 724 2145 vel
744 2107 944 2150 alterum,
965 2106 1035 2144 sed
1056 2112 1181 2144 terna
1197 2110 1494 2153 qvaternaqve
1511 2110 1586 2143 aut
1602 2104 1730 2152 plura
1750 2106 1813 2141 in-

166 2161 338 2200 terdum
358 2173 435 2209 per
455 2160 646 2199 diversos
666 2160 963 2199 observatores
984 2162 1030 2198 in
1051 2159 1279 2197 confilium
1294 2159 1491 2197 adscisco.
1507 2158 1639 2196 Vides
1656 2159 1814 2204 itaqve,

167 2220 376 2262 qvantam
389 2226 468 2262 ego
480 2216 526 2252 in
538 2214 834 2252 Instrumentis
848 2213 885 2251 &
898 2212 1180 2251 conficiendis
1193 2212 1231 2250 &
1242 2211 1477 2251 tradlandis
1489 2213 1710 2259 reqviram
1721 2210 1814 2248 sub-

166 2267 365 2306 tilitatem
377 2268 415 2306 &
427 2268 708 2316 diligentiam,
726 2278 822 2315 qvae
840 2278 940 2304 cum
956 2268 1029 2304 vix
1046 2268 1091 2304 in
1107 2268 1204 2309 tuis,
1221 2266 1291 2304 vel
1306 2265 1439 2313 teipso
1452 2265 1610 2313 judice,
1628 2266 1751 2302 omni
1762 2275 1815 2301 ex

166 2327 288 2369 parte
309 2321 505 2359 adhibita
525 2321 583 2365 fit,
605 2332 697 2359 non
718 2320 773 2358 est
794 2320 909 2368 qvod
930 2331 1044 2367 aegre
1064 2319 1191 2363 feras,
1208 2319 1237 2357 fi
1252 2319 1420 2367 medijs,
1443 2319 1599 2366 qvibus
1614 2320 1726 2356 inter
1742 2317 1815 2355 ob·

167 2374 429 2413 servandum
454 2373 587 2422 [usus]
612 2386 671 2418 es,
695 2385 794 2412 eam
815 2384 948 2421 qvam
967 2378 1015 2411 tu
1034 2373 1110 2411 tibi
1130 2372 1239 2411 forte
1260 2372 1478 2421 polliceris
1499 2372 1815 2413 certitudinem,

168 2427 289 2466 haud
305 2428 590 2466 concesserim.

222 2480 360 2519 Addis
383 2486 595 2529 praeterea
615 2486 655 2519 te
676 2480 824 2527 aliqva
847 2479 1043 2518 adhibita
1065 2479 1288 2528 diligentia
1310 2478 1488 2517 sumfisse
1512 2477 1702 2525 qvalibet
1725 2473 1816 2526 01)·ΙΙ

169 2533 410 2573 servatione
422 2539 684 2583 apparentes
696 2534 947 2572 altitudines
959 2532 1157 2572 Cometae
1168 2539 1208 2571 et
1217 2533 1391 2580 Aqvilae
1403 2532 1473 2570 vel
1484 2532 1662 2570 alterius
1673 2530 1816 2573 stellae,

275 2595 309 2621 59
1659 2583 1816 2623 deinde
