2209 3213
421 208 498 245 422
819 201 1288 240 APOLOGETICA
1310 201 1666 240 RESPONSIO

422 326 447 351 a
464 313 742 350 concitatiore
764 312 809 346 in
829 308 1066 346 tardiorem
1087 307 1170 344 sese
1191 307 1451 346 alterantem
1470 313 1641 345 motum
1658 310 1910 351 exercuerit,
1932 308 2065 355 qvod-

422 377 502 412 qve
527 364 595 401 vel
619 363 870 400 celerrimus
894 361 1021 398 Luna
1045 360 1276 398 tardissima
1299 361 1443 399 adhuc
1469 362 1675 398 remissior
1699 360 1839 405 fuerit,
1864 372 1886 399 e
1910 360 2065 408 qvibus

420 420 516 456 satis
527 416 807 464 probabiliter
817 414 1024 451 inducere
1035 413 1169 457 volui,
1182 413 1398 452 coelestem
1410 420 1627 458 naturam,
1640 426 1732 451 non
1743 414 2065 452 Elementarem

421 472 521 508 huic
534 470 732 507 Cometae
750 467 936 510 adsume,
955 472 994 504 et
1006 468 1117 504 inter
1132 466 1347 505 aethereos
1359 469 1575 512 circuitus,
1593 479 1684 505 non
1695 469 1741 504 in
1753 469 1853 505 aere
1866 467 2065 505 Elemen-

419 526 500 562 tari
510 520 524 572 ΙΙ
535 521 800 560 curriculum
813 521 938 558 suum
950 519 1179 558 absolvisse.
1192 521 1249 558 At
1261 532 1337 558 cur
1348 521 1463 559 hanc
1475 520 1725 569 generalem
1738 525 1778 558 et
1788 522 1978 567 primam
1989 532 2065 558 no-
2100 529 2140 558 5v

420 578 545 614 stram
559 575 977 622 comprobationem,
991 585 1076 620 qva
1087 573 1309 620 tripliciter
1320 574 1362 612 id
1375 574 1527 621 ipsum,
1538 573 1653 621 qvod
1666 574 1767 617 dixi,
1780 573 1967 611 astruere
1981 573 2066 612 ela-

420 631 583 672 boravi,
605 627 799 675 speciofis
816 627 1076 674 qvibusdam
1092 626 1365 675 supterfugijs
1382 633 1422 665 et
1439 627 1789 665 excusationibus
1805 626 1981 664 eludere
1998 639 2066 664 co-

420 684 550 725 naris,
567 683 759 729 primum
772 691 985 727 qvaerens,
999 691 1186 727 qvorum
1198 685 1299 718 ante
1311 681 1576 718 authoritate
1589 680 1749 718 fuerint
1760 679 1832 717 hae
1844 678 2068 718 Maximae

419 736 686 783 approbatae,
705 739 750 771 ut
766 733 1039 781 probabilem
1056 733 1347 772 concludendi
1364 736 1454 771 vim
1471 732 1723 772 obtineant?
1739 734 1872 780 Atqvi
1885 744 1964 781 ego
1976 745 2068 771 non

419 788 757 827 authoritatibus
779 786 1048 830 certandum,
1070 786 1140 824 sed
1157 787 1307 834 judicij
1331 787 1454 825 solidi
1476 792 1516 825 et
1537 788 1883 824 ratiocinationis
1904 786 2066 824 dextrae

419 842 566 880 fulcris
579 840 869 883 insistendum,
886 839 1047 887 ipfiqve
1060 841 1342 886 experientiae
1355 841 1468 878 duco
1480 842 1625 888 potius
1639 851 1771 887 qvam
1782 839 1915 877 ullius
1927 838 2066 877 homi-

420 897 486 933 nis
498 894 764 936 authoritati,
776 898 871 931 utut
883 895 1088 940 antiqvae,
1102 898 1141 930 et
1153 905 1179 930 a
1191 893 1526 940 qvamplurimis
1537 905 1616 941 pro
1629 892 1882 931 authentica
1893 892 2066 931 habitae.

420 948 534 995 Qvid
549 947 578 985 fi
594 947 775 985 Numen
791 946 1040 984 scholarum
1053 946 1302 984 Aristoteles
1318 947 1393 985 ista
1408 949 1499 984 vim
1515 946 1786 994 probationis
1802 948 1961 983 mereri
1977 946 2067 984 dix-

419 1003 514 1043 isset.
536 1006 688 1038 tumne
705 1000 775 1037 vel
790 999 920 1047 ipfius
940 999 1031 1037 solo
1053 1004 1175 1043 nutu,
1197 1011 1290 1037 rem
1311 1002 1370 1038 ita
1386 1000 1426 1038 se
1443 1000 1605 1038 habere
1623 999 1661 1037 &
1677 1011 1768 1037 non
1784 999 1908 1037 aliter
1924 999 2067 1046 seqve-

2109 799 2138 824 10

420 1053 564 1092 retur?
580 1059 732 1091 tumne
749 1053 856 1091 illud
873 1052 1005 1099 ἀυτὸς
1020 1052 1105 1102 ἔφα
1121 1052 1360 1091 sufficeret?
1378 1054 1417 1091 O
1435 1065 1573 1091 caecas
1591 1052 1826 1090 hominum
1842 1058 2022 1097 mentes,
2040 1064 2067 1090 o
2079 1064 2140 1095 —1-15

420 1106 595 1155 pectora
611 1106 744 1145 caeca!
768 1106 876 1153 Qvis
891 1117 1085 1153 vnqvam
1102 1105 1217 1144 reeta
1234 1108 1402 1144 ratione
1419 1107 1628 1154 praeditus
1649 1105 1687 1143 &
1707 1108 1753 1143 in
1774 1117 1922 1144 rerum
1943 1111 2067 1144 natu-

420 1161 579 1199 ralium
597 1160 968 1207 contemplatione
983 1159 1150 1207 judicio
1166 1159 1236 1197 vel
1252 1160 1462 1198 mediocri
1478 1159 1632 1198 valens
1648 1161 1710 1197 ire
1726 1161 1883 1206 poterit
1898 1158 2068 1197 inficias

420 1220 647 1252 meteoron
669 1213 846 1260 aliqvod
868 1225 890 1251 6
912 1212 1229 1250 fumofitatibus
1252 1212 1369 1251 ficcis
1391 1213 1429 1250 8(
1450 1215 1632 1251 terrenis
1654 1213 1892 1250 oriundum
1914 1217 1954 1250 et
1973 1224 2067 1260 per-

420 1273 552 1314 petuo
573 1269 619 1305 in
640 1269 740 1305 aere
762 1266 965 1314 flagrans,
987 1267 1098 1313 posse
1119 1271 1209 1303 tam
1231 1266 1497 1304 constantem
1515 1266 1552 1304 8(
1569 1266 1844 1304 ordinarium
1861 1268 2067 1304 continue

421 1321 589 1358 servare
610 1326 792 1363 motum,
814 1325 860 1357 ut
881 1331 958 1367 per
979 1320 1090 1357 duos
1112 1321 1300 1367 integros
1321 1319 1490 1357 menses
1511 1331 1612 1357 cum
1633 1319 1790 1357 semisse
1806 1330 2025 1366 nusqvam
2041 1331 2068 1357 a

420 1374 628 1411 limitibus
649 1373 803 1411 circuli
825 1375 870 1411 in
890 1373 1061 1420 sphaera
1080 1375 1265 1410 maximi
1286 1375 1331 1410 in
1351 1378 1473 1411 tanta
1493 1375 1622 1421 primi
1642 1372 1816 1410 mobilis
1839 1372 2068 1419 rapiditate

421 1426 657 1465 exorbitet?
677 1426 747 1464 sed
769 1426 898 1464 instar
918 1425 993 1470 (Dis
1009 1426 1079 1463 vel
1096 1427 1169 1471 (²³³,
1195 1437 1297 1464 eum
1318 1438 1450 1473 qvam
1473 1425 1727 1464 exactissime
1753 1431 1844 1463 toto
1867 1425 1942 1463 illo
1963 1430 2068 1464 tem-

420 1492 525 1528 pore
548 1479 769 1518 observet?
789 1479 901 1518 Tam
918 1479 1185 1517 constantem
1202 1479 1239 1517 &
1257 1479 1525 1517 uniformem
1546 1478 1724 1517 ductum
1740 1478 1873 1517 fiuxae
1891 1478 1929 1516 8(
1944 1490 2068 1527 vagae

421 1536 616 1572 materiae
637 1533 691 1571 ab
713 1533 1067 1571 exhalationibus
1088 1532 1353 1571 terrestribus
1375 1538 1602 1576 concretae,
1624 1532 1716 1570 ullo
1739 1532 1872 1570 modo
1893 1532 2068 1570 attribui

421 1588 543 1634 posse,
562 1587 706 1625 credat
723 1588 795 1634 qvi
811 1586 944 1629 volet;
962 1585 1071 1623 mihi
1088 1585 1188 1624 sane
1205 1588 1317 1624 inter
1333 1598 1397 1629 ea,
1415 1597 1513 1633 qvae
1530 1585 1801 1633 impossibilia
1816 1585 1923 1629 sunt,
1941 1597 2067 1633 repu-

421 1640 603 1678 tandum
621 1639 826 1678 censetur.
844 1639 938 1677 Nec
951 1639 1113 1683 dubito,
1131 1641 1235 1686 qvin
1247 1651 1402 1677 omnes
1414 1639 1575 1677 fincere
1588 1638 1626 1677 8(
1638 1639 1800 1686 absqve
1812 1640 1917 1686 praej
1923 1639 2068 1677 udicio

422 1705 514 1731 rem
526 1693 640 1731 hanc
653 1693 959 1741 ponderantes,
977 1694 1022 1730 in
1034 1692 1221 1739 idipsum
1233 1692 1311 1730 sint
1323 1692 1581 1731 consensuri.
1601 1692 1729 1731 Certe
1741 1692 2068 1730 WITICHIUS

421 1752 534 1788 tuus.
552 1758 680 1793 qvem
697 1752 924 1794 tantopere
940 1746 1166 1793 praedicas,
1183 1748 1249 1783 vir
1265 1748 1397 1784 etiam
1408 1748 1455 1784 in
1466 1745 1794 1783 Mathematicis
1808 1744 2069 1783 excellenter

422 1802 596 1847 peritus,
621 1811 720 1837 cum
742 1801 877 1837 Anno
901 1799 996 1838 1580
1018 1799 1174 1846 ijsdem
1197 1799 1479 1847 temporibus,
1504 1799 1659 1846 qvibus
1681 1798 1867 1837 Cometa
1890 1798 2067 1846 qvidam

423 1852 587 1897 effulsit,
610 1853 718 1890 mihi
739 1855 851 1890 inter
867 1852 1187 1890 observandum
1204 1854 1299 1900 eJ'us
1315 1854 1596 1900 apparentias
1611 1851 1764 1900 praesto
1780 1851 1925 1895 fuisset,
1946 1863 2066 1889 eum-

423 1918 504 1953 qve
516 1908 734 1943 continuis
743 1906 907 1953 aliqvot
917 1906 1070 1944 diebus
1080 1917 1106 1943 a
1116 1905 1200 1943 suis
1212 1906 1461 1953 primordijs
1469 1905 1681 1944 circulum
1689 1903 1837 1943 exacte
1845 1906 1890 1942 in
1898 1904 2068 1952 sphaera

423 1961 668 1997 maximum
680 1959 905 2007 defignasse
918 1959 1052 2006 (qvod
1063 1959 1139 2006 ipfi
1150 1959 1220 1996 vel
1232 1961 1277 1997 in
1290 1959 1425 1997 Globi
1436 1958 1661 2006 superficie
1673 1959 1729 1996 ad
1741 1958 1920 1996 oculum
1932 1958 2066 1996 osten-

425 2012 598 2058 debam)
620 2013 993 2055 animadvertisset,
1015 2024 1107 2050 non
1127 2012 1339 2050 dubitavit
1355 2012 1425 2050 vel
1447 2024 1500 2050 ex
1521 2011 1605 2050 hoc
1621 2011 1712 2050 solo
1728 2011 2001 2055 concludere,
2022 2013 2068 2049 in

425 2065 618 2102 altissimo
631 2065 792 2103 aethere
805 2065 929 2103 istum
939 2065 1185 2109 Cometam,
1196 2065 1234 2103 8(
1244 2077 1523 2113 neqvaqvam
1533 2067 1578 2103 in
1588 2061 1603 2115 ΙΙ
1613 2065 1879 2103 Elementari
1891 2066 2068 2112 regione

425 2118 596 2155 cursum
619 2118 691 2156 fibi
715 2119 918 2166 delegisse.
946 2118 1074 2165 Qvod
1098 2121 1230 2157 etiam
1253 2119 1383 2166 ipfius
1406 2118 1670 2162 Parallaxes,
1694 2129 1801 2165 qvas
1824 2117 1900 2155 illo
1923 2117 2068 2156 adhuc

425 2171 633 2218 praesente
656 2171 880 2219 diligenter
895 2172 1104 2209 scrutatus
1121 2172 1226 2215 sum,
1248 2172 1444 2216 ulterius,
1465 2183 1567 2210 cum
1583 2172 1709 2210 essent
1724 2183 1836 2219 pene
1852 2170 2068 2209 insenfibi-

424 2224 498 2267 les,
520 2224 792 2262 testabantur.
815 2224 898 2262 Sed
920 2225 1021 2271 qvid
1042 2236 1154 2272 opus
1175 2225 1229 2263 est
1250 2225 1333 2263 hac
1354 2228 1399 2263 in
1420 2237 1465 2263 re
1487 2225 1563 2263 illo
1581 2223 1811 2272 suffragio?
1831 2223 1934 2271 ipsae
1951 2223 2067 2262 Geo—

425 2279 615 2314 metricae
632 2277 1019 2315 demonstrationes
1035 2280 1301 2316 convincunt
1318 2290 1409 2316 non
1421 2279 1531 2326 posse
1543 2278 1721 2325 aliqvod
1733 2277 2068 2315 Phaenomenon

424 2335 634 2377 perpetuo
647 2330 866 2377 defignare
879 2331 1090 2368 circulum
1107 2333 1152 2368 in
1168 2331 1337 2379 sphaera
1353 2333 1601 2370 maximum
1615 2331 1777 2378 absqve
1789 2330 1880 2368 ulla
1892 2330 2067 2368 deflexi-

426 2394 522 2426 one,
546 2382 573 2420 fi
594 2383 708 2420 infra
723 2383 895 2421 Lunam
913 2384 1160 2427 collocetur,
1182 2385 1316 2423 modo
1332 2387 1379 2422 in
1395 2384 1570 2423 diversis
1586 2383 1888 2422 altitudinibus
1909 2383 2066 2421 multo-

425 2438 504 2473 ties
527 2447 550 2473 e
572 2435 719 2474 Terrae
745 2436 968 2483 superficie
993 2437 1219 2484 diligenter
1243 2438 1502 2476 observetur.
1529 2437 1685 2485 Neqve
1709 2437 1892 2484 idipsum
1915 2436 1985 2474 vel
2006 2438 2067 2482 (ἃ

426 2489 604 2526 concedi
621 2491 775 2535 poterit
793 2490 856 2535 (ut
872 2490 924 2527 de
941 2490 1053 2533 Sole,
1075 2492 1199 2538 cujus
1216 2491 1466 2529 Parallaxes
1483 2503 1575 2529 non
1591 2491 1702 2529 adeo
1719 2490 1844 2528 facile
1862 2489 1956 2527 sunt
1972 2501 2065 2537 per-

1831 2543 2064 2591 ceptibiles,

2106 1332 2140 1356 20

2106 1598 2139 1622 25

2106 2396 2138 2421 40
