2209 3213
141 799 171 824 10

143 1064 172 1089 15

121 1270 186 1302 448

139 1330 173 1355 20

140 1596 173 1621 25

140 1862 174 1888 30

141 2128 174 2154 35

528 201 1049 241 RECENTIORIBUS
1070 200 1528 239 PHAENOMENIS
1775 199 1852 238 355

208 309 376 346 recessit.
398 308 447 346 In
468 310 634 346 caeteris
654 319 759 345 vero
781 307 985 345 omnibus
1006 307 1133 354 supra
1153 307 1336 344 modum
1356 306 1568 349 deuiauit;
1589 310 1633 343 vt
1653 307 1742 343 iam
1763 316 1854 342 non

208 361 319 400 adeo
335 361 587 399 mirandum
604 360 661 404 fit,
679 362 841 398 eumin
855 360 1073 398 Parallaxi
1090 359 1389 407 depromenda
1404 365 1494 397 tam
1510 361 1854 406 incompetenter

208 414 441 461 deliquisse;
472 414 698 461 Siquidem
723 425 778 451 ne
804 413 940 460 ipsam
965 414 1143 460 quidem
1168 413 1506 460 Longitudinem
1536 412 1653 459 (quae
1680 413 1854 459 cognitu

208 467 346 505 multo
371 466 539 505 facilior
564 466 636 513 est)
666 468 712 504 in
737 466 904 513 aliquot
928 466 1133 514 gradibus
1158 464 1268 504 redte
1295 465 1524 513 collegerit.
1552 465 1698 503 Taceo
1723 476 1853 507 nunc,

208 520 326 568 quod
335 520 497 558 ibidem
507 520 738 567 aliquoties
749 521 881 557 etiam
890 519 1144 557 Altitudinis
1154 519 1418 556 Meridianae
1431 520 1701 556 mentionem
1713 517 1853 561 faciat,

207 573 292 612 hoc
309 573 638 617 inconfiderato,
660 573 778 620 quod
796 573 982 611 Cometa
997 572 1143 610 versus
1161 571 1375 610 Occasum
1391 572 1519 619 longe
1537 576 1657 609 extra
1674 571 1853 609 Meridi-

208 638 345 665 anum
360 626 520 674 vbique
537 626 844 664 collocabatur.

260 680 456 727 Apparet
472 681 631 727 itaque,
649 690 737 727 quo
753 679 851 717 loco
868 690 920 716 ea
937 690 1037 726 quae
1054 690 1081 716 a
1096 678 1352 716 Wincklero
1369 680 1414 715 in
1430 677 1514 715 hoc
1527 677 1725 722 Cometa,
1743 679 1855 715 circa

208 733 458 771 Parallaxes
482 732 520 770 8(
542 733 836 780 Apparentias
860 734 965 775 eius,
992 733 1037 769 in
1062 732 1258 769 medium
1282 731 1451 778 prolata
1477 730 1584 774 sunt,
1611 730 1856 777 reputanda

208 788 399 829 veniant,
417 797 640 833 quamque
657 785 712 824 ab
729 785 818 833 ipsa
829 785 1032 823 Veritatis
1048 784 1360 832 inuestigandae
1376 783 1537 827 semita,
1555 786 1660 821 citra
1677 794 1855 821 omnem

208 839 532 882 verecundiam,
557 838 811 876 exorbitent.
835 838 947 885 Quis
970 839 1088 875 enirn
1111 849 1203 875 non
1223 838 1339 875 videt
1360 848 1413 874 ex
1434 836 1563 884 ipsius
1584 836 1855 874 insulfissimis

209 892 627 936 ratiocinationibus,
649 891 883 930 Cometam
903 890 1021 929 hunc
1041 890 1323 929 sublunarem
1345 890 1473 934 fuisse‚
1498 901 1697 937 eamque.
1722 901 1856 937 quam

208 946 271 984 illi
295 945 499 989 attribuit,
525 945 776 983 Parallaxin
801 944 1046 988 exhibuisse,
1072 946 1254 981 minime
1275 942 1587 981 consectarium
1608 942 1711 981 esse?
1737 943 1855 989 Qua-

208 1003 384 1047 propter
403 998 514 1036 nihil
533 998 707 1046 prorsus
728 997 830 1036 hinc
851 997 1096 1036 timendum
1117 997 1335 1041 obstaculi,
1357 1008 1446 1043 quo
1464 999 1611 1034 minus
1628 999 1663 1034 is
1679 998 1724 1034 in
1741 997 1855 1034 debi-

209 1058 303 1090 tum
322 1052 481 1095 locum,
505 1053 619 1090 intra
639 1051 845 1090 Coelestes
867 1050 1020 1094 Orbes,
1044 1050 1172 1098 longe
1193 1050 1321 1097 supra
1342 1050 1527 1092 Lunam,
1552 1055 1680 1097 prout
1701 1049 1856 1097 Capite

210 1106 340 1144 Sexto
356 1117 383 1142 a
398 1105 524 1143 nobis
540 1104 784 1143 luculenter
795 1104 1129 1151 comprobatum
1146 1103 1213 1147 est,
1231 1105 1337 1141 citra
1349 1114 1528 1140 omnem
1540 1102 1857 1141 haefitationem

210 1163 459 1206 reponatur.

263 1211 377 1258 Quae
387 1222 492 1249 vero
502 1210 1057 1249 circaWincklerianorum
1067 1210 1328 1257 placitorum
1337 1209 1705 1257 improbationem
1715 1207 1856 1247 hac'te-

210 1277 294 1303 nus
310 1263 422 1303 dic‘ta
436 1264 544 1309 sunt,
566 1276 657 1302 non
677 1264 789 1308 ideo,
811 1264 930 1311 quod
946 1263 1076 1311 ipsius
1092 1263 1466 1306 existimationem,
1488 1268 1563 1300 aut
1580 1258 1857 1312 doctri-{lnam

212 1318 329 1366 (quae
354 1318 463 1356 forte
487 1319 534 1355 in
558 1317 655 1366 alijs
681 1316 972 1365 Philosophiae
998 1317 1192 1364 partibus
1218 1318 1459 1364 pereximia
1484 1316 1560 1353 esse
1586 1316 1758 1363 poterit)
1787 1326 1857 1353 ex-

210 1377 392 1410 tenuare
413 1373 588 1410 animus
611 1371 670 1415 fit,
693 1370 968 1419 protulimus,
992 1370 1061 1408 sed
1084 1369 1215 1407 solius
1235 1370 1439 1408 Veritatis
1462 1369 1693 1407 asserendae
1717 1368 1857 1411 causa,

211 1437 264 1463 ea
278 1424 486 1463 breuibus
501 1425 712 1468 indicasse‚
730 1425 1068 1472 operaepretium
1084 1423 1202 1461 duxi.

264 1478 316 1516 Et
331 1478 429 1516 licet
444 1477 573 1525 plura
588 1477 733 1516 adhuc
749 1477 1015 1524 superessent‚
1033 1488 1133 1524 quae
1147 1478 1192 1514 in
1206 1476 1281 1514 isto
1293 1476 1460 1523 Scripto
1473 1475 1732 1513 dilutionem
1746 1477 1857 1513 iure-

211 1533 366 1569 merito
389 1532 676 1578 requirerent:
699 1536 849 1569 tamen
871 1530 939 1568 his
963 1532 1153 1567 contenti
1177 1530 1253 1567 esse
1274 1529 1492 1571 volumus.
1516 1540 1572 1566 ne
1594 1528 1760 1576 singula
1780 1530 1858 1565 mi-

211 1586 398 1623 nutatim
427 1584 762 1632 perstringendo,
792 1582 1142 1631 reprehendendi
1172 1582 1209 1620 8(
1240 1581 1508 1620 obtrectandi
1537 1583 1693 1629 potius,
1725 1593 1859 1629 quam

210 1638 413 1676 Veritatis
430 1637 636 1675 eruendae
652 1637 918 1684 tuendaeque
934 1636 1084 1680 studio,
1100 1636 1143 1674 id
1160 1634 1370 1679 fadfflasse,
1388 1635 1628 1673 insimulari
1644 1635 1857 1682 possimus.

264 1691 442 1729 Interim
462 1696 623 1735 tamen,
644 1696 736 1729 tum
757 1689 833 1737 ipfi
848 1689 1118 1733 Wincklero,
1139 1695 1233 1727 tum
1249 1691 1381 1727 etiam
1398 1688 1507 1736 alijs‚
1529 1688 1558 1725 fi
1579 1690 1653 1735 qui
1670 1687 1778 1726 sorte
1795 1699 1858 1726 re-

210 1746 446 1792 periantur,
469 1746 544 1791 qui
561 1750 652 1782 tam
669 1743 833 1782 absona
848 1745 894 1781 in
910 1743 1054 1781 lucem
1071 1743 1198 1780 edere
1214 1754 1305 1780 non
1323 1741 1612 1786 extimescant,
1630 1741 1805 1779 Author
1822 1741 1859 1779 &

210 1797 369 1836 Suasor
389 1798 465 1836 esse
486 1797 632 1842 velim,
653 1802 697 1835 vt
712 1797 783 1834 vel
802 1796 993 1844 apposite
1015 1795 1052 1833 &
1073 1795 1459 1834 fundamentaliter
1479 1794 1575 1833 haec
1595 1793 1778 1833 tractare
1799 1795 1858 1832 di-

210 1851 339 1895 scant,
362 1850 433 1888 vel
447 1850 587 1888 multo
603 1852 749 1898 potius
764 1861 951 1888 manum
967 1851 1266 1897 importunam
1287 1848 1342 1887 ab
1363 1848 1447 1886 illis
1467 1854 1719 1892 amoueant,
1743 1859 1798 1885 ne
1822 1847 1859 1885 &

210 1905 372 1952 proprij
395 1906 589 1942 nominis
610 1903 973 1942 existimationem
996 1914 1046 1940 ac
1069 1903 1200 1940 decus
1224 1902 1375 1949 aliqua
1397 1901 1597 1940 labecula
1620 1901 1858 1949 aspergant,

211 1957 249 1995 &
269 1969 358 1995 vna
378 1962 530 1995 contra
549 1957 686 2004 ipsam
707 1957 957 2000 Veritatem,
981 1967 1117 2003 quam
1140 1956 1316 1993 asserere
1339 1955 1547 2003 satagunt,
1572 1954 1766 1992 iniuriofi
1789 1954 1859 1992 de-

210 2010 552 2059 prehendantur.

265 2064 378 2102 Haec
394 2063 447 2102 de
462 2063 707 2101 Winckleri
723 2065 871 2101 minus
887 2063 1090 2110 congruis
1107 2062 1404 2100 assertionibus
1419 2060 1649 2104 sufficiant;
1667 2060 1861 2108 Tempus

212 2117 280 2162 est,
303 2123 347 2155 vt
367 2128 431 2161 ea,
455 2128 556 2164 quae
576 2122 669 2154 tum
691 2118 736 2154 in
757 2116 838 2159 his,
859 2121 952 2153 tum
973 2117 1105 2153 etiam
1126 2115 1316 2153 aliorum
1336 2114 1744 2152 ratiocinationibus
1768 2114 1861 2161 (qui

212 2170 445 2209 Cometam
457 2169 575 2208 hunc
588 2170 726 2208 Lunae
738 2169 908 2208 sedibus
920 2168 1203 2207 humiliorem
1215 2167 1418 2211 effulfisse,
1433 2167 1509 2206 suo
1521 2168 1716 2215 quodam
1728 2167 1861 2205 modo

211 2223 397 2271 probare
419 2223 658 2269 tentarunt)
681 2234 758 2271 per
780 2222 1150 2261 Obseruationum
1173 2221 1210 2259 &
1234 2221 1670 2259 Demonstrationum
1693 2226 1860 2259 contra-

212 2279 327 2314 rium
343 2276 661 2315 ostendentium
674 2281 815 2314 ratam
827 2275 1131 2313 certitudinem
1143 2275 1409 2322 opponenda
1420 2274 1670 2317 habuimus,
1688 2274 1772 2311 illis
1784 2273 1860 2311 dis-

213 2330 436 2377 quirendis
453 2329 754 2377 diluendisque
770 2327 1033 2367 satisfactum
1050 2328 1321 2371 arbitrantes,
1339 2327 1666 2366 concludamus.

319 2550 369 2575 45·
1780 2538 1859 2576 DE
